{"host":"6xsbn6ynqlzwllfm","time":1612092961,"event":{"mods":["2.2 Compatiblity","BaseMod","Bestiary","Colored Map","Colored Powertips","Curses Come First","Highlight Path","Keyboard Shortcuts","Minty Spire (QoL Compilation)","Relic Stats","Slay the Relics Exporter","StSLib","SuperFastMode"],"gold_per_floor":[116,116,135,145,145,178,198,224,224,238,238,238],"floor_reached":11,"language":"ENG","playtime":271,"items_purged":[],"score":220,"play_id":"467603c6-9285-446f-9cb9-20712eb1c8d5","local_time":"20210131063601","is_ascension_mode":true,"campfire_choices":[],"circlet_count":0,"master_deck":["AscendersBane","Strike_P","Strike_P","Strike_P","Defend_P","Defend_P","Defend_P","Defend_P+1","Eruption","Vigilance","BowlingBash","CrushJoints","FlyingSleeves+1","Sanctity","LessonLearned"],"relics":["Cursed Key","Anchor","Smiling Mask"],"acts_visited":["Exordium"],"potions_floor_usage":[],"damage_taken":[{"damage":4.0,"enemies":"Small Slimes","floor":1.0,"turns":4.0},{"damage":4.0,"enemies":"Cultist","floor":3.0,"turns":3.0},{"damage":2.0,"enemies":"Jaw Worm","floor":4.0,"turns":4.0},{"damage":0.0,"enemies":"Gremlin Nob","floor":6.0,"turns":3.0},{"damage":0.0,"enemies":"2 Fungi Beasts","floor":7.0,"turns":2.0},{"damage":10.0,"enemies":"3 Sentries","floor":8.0,"turns":7.0},{"damage":0.0,"enemies":"Blue Slaver","floor":10.0,"turns":3.0},{"damage":26,"enemies":"Gremlin Nob","floor":11,"turns":3}],"seed_played":"-4027319743471080291","potions_obtained":[{"floor":1.0,"key":"Block Potion"},{"floor":8.0,"key":"Fruit Juice"},{"floor":10.0,"key":"Energy Potion"}],"is_trial":false,"path_per_floor":["M","?","M","M","?","E","M","E","T","M","E"],"character_chosen":"WATCHER","items_purchased":[],"campfire_rested":0,"item_purchase_floors":[],"current_hp_per_floor":[57,57,53,51,31,31,31,26,26,26,0,0],"gold":238,"neow_bonus":"BOSS_RELIC","is_daily":false,"chose_seed":false,"campfire_upgraded":0,"win_rate":0.0,"timestamp":1612092961,"path_taken":["M","?","?","M","?","E","M","E","T","M","E"],"items_purchased_type":[],"build_version":"2020-12-22","purchased_purges":0,"victory":false,"max_hp_per_floor":[68,68,68,68,68,68,68,73,73,73,73,73],"relic_stats":{"counters":[8,29],"Cursed Key":0,"Smiling Mask":0,"obtain_stats":[{"Anchor":6,"PureWater":0,"Cursed Key":0,"Smiling Mask":8},{"Anchor":4,"PureWater":0,"Cursed Key":0,"Smiling Mask":6},{"Anchor":14,"PureWater":0,"Cursed Key":0,"Smiling Mask":23}]},"card_choices":[{"not_picked":["MentalFortress","FollowUp"],"picked":"BowlingBash","floor":1.0},{"not_picked":["ClearTheMind","FollowUp"],"picked":"CrushJoints","floor":3.0},{"not_picked":["SignatureMove","ReachHeaven"],"picked":"FlyingSleeves","floor":4.0},{"not_picked":["CutThroughFate","Worship"],"picked":"Sanctity","floor":6.0},{"not_picked":["FlyingSleeves","DeceiveReality"],"picked":"LessonLearned","floor":8.0}],"player_experience":1342804,"relics_obtained":[{"floor":6.0,"key":"Anchor"},{"floor":8.0,"key":"Smiling Mask"}],"event_choices":[{"cards_removed":["Strike_P"],"damage_healed":0.0,"max_hp_gain":0.0,"max_hp_loss":0.0,"gold_gain":0.0,"event_name":"Bonfire Elementals","player_choice":"Offered Basic","floor":2.0,"gold_loss":0.0,"damage_taken":0.0},{"damage_healed":0.0,"max_hp_gain":0.0,"max_hp_loss":0.0,"gold_gain":0.0,"event_name":"Shining Light","player_choice":"Entered Light","floor":5.0,"gold_loss":0.0,"damage_taken":20.0,"cards_upgraded":["FlyingSleeves","Defend_P"]}],"is_beta":false,"boss_relics":[],"items_purged_floors":[],"is_endless":false,"potions_floor_spawned":[1,8,10],"killed_by":"Gremlin Nob","ascension_level":20}}