{"host":"l5zfpd2l2htson6l","time":1612137401,"event":{"mods":["AchievementEnabler","BaseMod","Colored Map","Colored Powertips","Minty Spire (QoL Compilation)","Permanent Neow","Quick Restart","Rare Cards Sparkle","Relic Stats","SuperFastMode"],"gold_per_floor":[116,129,129,144,155,155,182,182,182,208,223,223,239,272,272,344,344,361,42,42,42],"floor_reached":20,"language":"ENG","playtime":1003,"items_purged":[],"score":405,"play_id":"b0ba9af0-e475-4ab7-98e6-b438f6916411","local_time":"20210131155641","is_ascension_mode":true,"campfire_choices":[{"data":"Warcry","floor":6.0,"key":"SMITH"},{"floor":8.0,"key":"REST"},{"data":"Double Tap","floor":12.0,"key":"SMITH"},{"data":"Bloodletting","floor":15.0,"key":"SMITH"}],"circlet_count":0,"master_deck":["AscendersBane","Strike_R","Strike_R","Strike_R","Defend_R","Defend_R","Defend_R","Defend_R","Bash+1","Double Tap+1","Iron Wave","Infernal Blade","Warcry+1","Bloodletting+1","Feed","Hemokinesis","Rupture","Rupture","Feed"],"relics":["Burning Blood","Incense Burner","Shuriken","Singing Bowl","Calipers","SlaversCollar","Gremlin Horn"],"acts_visited":["Exordium","TheCity"],"potions_floor_usage":[16,20,20],"damage_taken":[{"damage":4.0,"enemies":"Jaw Worm","floor":1.0,"turns":4.0},{"damage":6.0,"enemies":"Cultist","floor":2.0,"turns":3.0},{"damage":0.0,"enemies":"Small Slimes","floor":4.0,"turns":2.0},{"damage":7.0,"enemies":"2 Fungi Beasts","floor":5.0,"turns":2.0},{"damage":33.0,"enemies":"3 Sentries","floor":7.0,"turns":13.0},{"damage":4.0,"enemies":"Gremlin Nob","floor":10.0,"turns":2.0},{"damage":12.0,"enemies":"Lots of Slimes","floor":11.0,"turns":5.0},{"damage":14.0,"enemies":"Exordium Thugs","floor":13.0,"turns":4.0},{"damage":18.0,"enemies":"Lagavulin","floor":14.0,"turns":6.0},{"damage":39,"enemies":"The Guardian","floor":16,"turns":8},{"damage":53,"enemies":"Shell Parasite","floor":18,"turns":6},{"damage":24,"enemies":"Spheric Guardian","floor":20,"turns":3}],"seed_played":"1976578188101625403","potions_obtained":[{"floor":1.0,"key":"SteroidPotion"},{"floor":2.0,"key":"LiquidMemories"},{"floor":7.0,"key":"AttackPotion"},{"floor":11.0,"key":"Strength Potion"}],"is_trial":false,"path_per_floor":["M","M","?","M","M","R","E","R","T","E","M","R","M","E","R","B",null,"M","$","M"],"character_chosen":"IRONCLAD","items_purchased":["Gremlin Horn","AttackPotion"],"campfire_rested":1,"item_purchase_floors":[19,19],"current_hp_per_floor":[68,68,68,68,67,67,43,64,64,68,64,64,56,44,44,11,59,17,17,0,0],"gold":42,"neow_bonus":"TRANSFORM_TWO_CARDS","is_daily":false,"chose_seed":false,"campfire_upgraded":3,"win_rate":0.0,"timestamp":1612137401,"path_taken":["M","M","?","M","?","R","E","R","T","E","M","R","M","E","R","BOSS","M","$","M"],"items_purchased_type":["Relic","Potion"],"build_version":"2020-12-22","purchased_purges":0,"victory":false,"max_hp_per_floor":[68,68,68,68,68,68,71,71,71,73,75,75,75,75,75,75,75,80,80,80,80],"relic_stats":{"Singing Bowl":6,"Gremlin Horn":[0,0],"counters":[12,58],"Shuriken":[7],"obtain_stats":[{"SlaversCollar":17,"Calipers":14,"Singing Bowl":10,"Gremlin Horn":19,"Shuriken":9,"Incense Burner":7,"Burning Blood":0},{"SlaversCollar":10,"Calipers":9,"Singing Bowl":6,"Gremlin Horn":11,"Shuriken":5,"Incense Burner":5,"Burning Blood":0},{"SlaversCollar":49,"Calipers":41,"Singing Bowl":26,"Gremlin Horn":55,"Shuriken":24,"Incense Burner":24,"Burning Blood":0}],"Burning Blood":58},"card_choices":[{"not_picked":["Flex","Clothesline"],"picked":"Infernal Blade","floor":1.0},{"not_picked":["Body Slam","Searing Blow"],"picked":"Warcry","floor":2.0},{"not_picked":["Sentinel","Seeing Red"],"picked":"Bloodletting","floor":4.0},{"not_picked":["Burning Pact","Sword Boomerang"],"picked":"Feed","floor":5.0},{"not_picked":["Wild Strike","Evolve"],"picked":"Hemokinesis","floor":7.0},{"not_picked":["Entrench","Warcry","Limit Break"],"picked":"Singing Bowl","floor":10.0},{"not_picked":["Thunderclap","Flex","Fire Breathing"],"picked":"Singing Bowl","floor":11.0},{"not_picked":["Clothesline","Dark Embrace"],"picked":"Rupture","floor":13.0},{"not_picked":["Heavy Blade","Double Tap"],"picked":"Rupture","floor":14.0},{"not_picked":["Barricade","Demon Form"],"picked":"Feed","floor":16},{"not_picked":["Warcry","Body Slam","Headbutt"],"picked":"Singing Bowl","floor":18}],"player_experience":809101,"relics_obtained":[{"floor":7.0,"key":"Incense Burner"},{"floor":9.0,"key":"Shuriken"},{"floor":10.0,"key":"Singing Bowl"},{"floor":14.0,"key":"Calipers"}],"event_choices":[{"damage_healed":0.0,"max_hp_gain":0.0,"max_hp_loss":0.0,"gold_gain":0.0,"event_name":"Upgrade Shrine","player_choice":"Upgraded","floor":3.0,"gold_loss":0.0,"damage_taken":0.0,"cards_upgraded":["Bash"]}],"is_beta":false,"boss_relics":[{"not_picked":["Astrolabe","Runic Cube"],"picked":"SlaversCollar"}],"items_purged_floors":[],"is_endless":false,"potions_floor_spawned":[1,2,7,11,14],"killed_by":"Spheric Guardian","ascension_level":17}}