{"host":"6jcxerjfmuawfds2","time":1612101967,"event":{"mods":["BaseMod","Colored Map","Infinite Spire","Minty Spire (QoL Compilation)","StSLib","¡¼?Úª?ø«¡½REMEMod"],"gold_per_floor":[364,378,92,103,103,103,103,103,103,50,70,44,57,132,132,256,256,281,302,302,90,115,115,115],"floor_reached":23,"language":"KOR","playtime":721,"items_purged":["Pain"],"score":226,"play_id":"9dffd230-48a4-430a-9ce0-ca8fff98a703","local_time":"20210131230607","is_ascension_mode":true,"campfire_choices":[{"data":"Reinforced Body","floor":6,"key":"SMITH"},{"data":"Dualcast","floor":8,"key":"SMITH"},{"floor":15,"key":"REST"}],"circlet_count":0,"master_deck":["Strike_B","Strike_B","Strike_B","Strike_B","Defend_B","Defend_B","Defend_B","Defend_B","Zap","Dualcast+1","Cold Snap","Reinforced Body+1","Streamline+1","Cold Snap+1","Chill","REME_Shoggoth+1"],"relics":["Cracked Core","REME_ComplimentaryCards","infinitespire:Beetle Shell","Golden Idol","Molten Egg 2","REME_DuelDisc"],"acts_visited":["Exordium","TheCity"],"potions_floor_usage":[16,16,23],"damage_taken":[{"damage":4.0,"enemies":"Jaw Worm","floor":1.0,"turns":3.0},{"damage":6,"enemies":"Small Slimes","floor":2,"turns":4},{"damage":1,"enemies":"2 Louse","floor":4,"turns":2},{"damage":11,"enemies":"Lots of Slimes","floor":11,"turns":5},{"damage":3,"enemies":"2 Fungi Beasts","floor":13,"turns":3},{"damage":11,"enemies":"Slime Boss","floor":16,"turns":15},{"damage":15,"enemies":"3 Byrds","floor":18,"turns":6},{"damage":8,"enemies":"Spheric Guardian","floor":19,"turns":6},{"damage":0,"enemies":"Centurion and Healer","floor":22,"turns":10},{"damage":38,"enemies":"Book of Stabbing","floor":23,"turns":7}],"seed_played":"8859869069149011124","potions_obtained":[{"floor":1.0,"key":"Regen Potion"},{"floor":2,"key":"Ancient Potion"},{"floor":11,"key":"BlessingOfTheForge"},{"floor":19,"key":"SpeedPotion"}],"is_trial":false,"path_per_floor":["M","M","$","M","?","R","?","R","T","$","M","$","M","?","R","B",null,"M","M","?","$","M","E"],"character_chosen":"DEFECT","items_purchased":["Reinforced Body","infinitespire:Beetle Shell","Streamline+1","Cold Snap+1","Chill","REME_Shoggoth+1"],"campfire_rested":1,"item_purchase_floors":[3,3,10,12,21,21],"current_hp_per_floor":[71,65,65,64,46,46,51,51,51,51,40,40,37,26,50,54,74,59,51,51,51,51,13,13],"gold":115,"neow_bonus":"TWO_FIFTY_GOLD","is_daily":false,"chose_seed":false,"campfire_upgraded":2,"win_rate":0.0,"timestamp":1612101967,"path_taken":["M","M","$","M","?","R","?","R","T","?","M","$","?","?","R","BOSS","M","M","?","$","M","E"],"items_purchased_type":["Card","Relic","Card","Card","Card","Card"],"build_version":"2020-12-22","purchased_purges":1,"victory":false,"max_hp_per_floor":[75,75,75,75,75,75,80,80,80,80,80,80,80,80,80,80,80,80,80,80,80,80,80,80],"card_choices":[{"not_picked":["Rip and Tear","Redo","Leap"],"picked":"SKIP","floor":1.0},{"not_picked":["Barrage","Conserve Battery"],"picked":"Cold Snap","floor":2},{"not_picked":["Stack","Ball Lightning","Gash"],"picked":"SKIP","floor":4},{"not_picked":["Rebound+1","Sweeping Beam+1","Consume"],"picked":"SKIP","floor":11},{"not_picked":["Steam","Creative AI","REME_Whirling"],"picked":"SKIP","floor":13},{"not_picked":["Melter+1","Ball Lightning+1","Turbo"],"picked":"SKIP","floor":18},{"not_picked":["Streamline+1","Sweeping Beam+1","Undo+1"],"picked":"SKIP","floor":19},{"not_picked":["Barrage+1","BootSequence","Storm+1"],"picked":"SKIP","floor":22}],"player_experience":263243,"relics_obtained":[{"floor":9,"key":"Molten Egg 2"}],"event_choices":[{"damage_healed":0,"gold_gain":0,"player_choice":"Take Damage","damage_taken":18,"relics_obtained":["Golden Idol"],"max_hp_gain":0,"max_hp_loss":0,"event_name":"Golden Idol","floor":5,"gold_loss":0},{"damage_healed":0,"gold_gain":0,"player_choice":"Donut","damage_taken":0,"max_hp_gain":5,"max_hp_loss":0,"event_name":"Big Fish","floor":7,"gold_loss":0},{"damage_healed":0,"gold_gain":75,"player_choice":"Gather Gold","damage_taken":11,"max_hp_gain":0,"max_hp_loss":0,"event_name":"World of Goop","floor":14,"gold_loss":0},{"damage_healed":0,"gold_gain":0,"player_choice":"Bought 0 Potions","damage_taken":0,"max_hp_gain":0,"max_hp_loss":0,"event_name":"The Woman in Blue","floor":20,"gold_loss":0}],"is_beta":false,"boss_relics":[{"not_picked":["SlaversCollar","Empty Cage"],"picked":"REME_DuelDisc"}],"items_purged_floors":[3],"is_endless":false,"potions_floor_spawned":[1,2,11,19],"killed_by":"Book of Stabbing","ascension_level":5}}