{"host":"2tgyrzvaa7l04o2e","time":1612103602,"event":{"mods":["BaseMod","Highlight Path","Minty Spire (QoL Compilation)","Permanent Neow","Relic Stats"],"gold_per_floor":[111,111,127,127,142,158,158,188,188,204,204,204],"floor_reached":11,"language":"ENG","playtime":345,"items_purged":[],"score":120,"play_id":"f12be991-5117-4e48-84cb-b6d655feb1c4","local_time":"20210131153322","is_ascension_mode":true,"campfire_choices":[{"data":"Bash","floor":7,"key":"SMITH"}],"circlet_count":0,"master_deck":["AscendersBane","Strike_R","Strike_R","Strike_R","Strike_R","Defend_R","Defend_R","Defend_R","Defend_R","Bash+1","Hemokinesis","Cleave","Twin Strike","Shockwave"],"relics":["Burning Blood","Ginger","Mercury Hourglass","Gambling Chip"],"acts_visited":["Exordium"],"potions_floor_usage":[],"damage_taken":[{"damage":11,"enemies":"Jaw Worm","floor":1,"turns":4},{"damage":11,"enemies":"Small Slimes","floor":3,"turns":4},{"damage":2,"enemies":"Cultist","floor":5,"turns":3},{"damage":20,"enemies":"Large Slime","floor":6,"turns":3},{"damage":29,"enemies":"3 Sentries","floor":8,"turns":8},{"damage":9,"enemies":"Red Slaver","floor":10,"turns":2},{"damage":29,"enemies":"Lagavulin","floor":11,"turns":4}],"seed_played":"-3058125731718851109","potions_obtained":[{"floor":3,"key":"LiquidBronze"},{"floor":6,"key":"LiquidBronze"},{"floor":10,"key":"ElixirPotion"}],"is_trial":false,"path_per_floor":["M","?","M","?","M","M","R","E","T","M","E"],"character_chosen":"IRONCLAD","items_purchased":[],"campfire_rested":0,"item_purchase_floors":[],"current_hp_per_floor":[67,67,62,55,59,45,45,22,22,19,0,0],"gold":204,"neow_bonus":"ONE_RARE_RELIC","is_daily":false,"chose_seed":false,"campfire_upgraded":1,"win_rate":0.0,"timestamp":1612103602,"path_taken":["M","?","M","?","M","M","R","E","T","M","E"],"items_purchased_type":[],"build_version":"2020-12-22","purchased_purges":0,"victory":false,"max_hp_per_floor":[80,80,80,80,80,80,80,80,80,80,80,80],"relic_stats":{"counters":[7,28],"Gambling Chip":[6],"Ginger":[1],"obtain_stats":[{"Gambling Chip":9,"Ginger":0,"Burning Blood":0,"Mercury Hourglass":8},{"Gambling Chip":5,"Ginger":0,"Burning Blood":0,"Mercury Hourglass":5},{"Gambling Chip":22,"Ginger":0,"Burning Blood":0,"Mercury Hourglass":22}],"Burning Blood":36,"Mercury Hourglass":[6]},"card_choices":[{"not_picked":["Dropkick","Headbutt"],"picked":"Hemokinesis","floor":1},{"not_picked":["True Grit","Iron Wave"],"picked":"Cleave","floor":3},{"not_picked":["Cleave","Wild Strike"],"picked":"Twin Strike","floor":5},{"not_picked":["Clothesline","Havoc","Headbutt"],"picked":"SKIP","floor":6},{"not_picked":["Havoc","Hemokinesis","Cleave"],"picked":"SKIP","floor":8},{"not_picked":["Clothesline","True Grit"],"picked":"Shockwave","floor":10}],"player_experience":675736,"relics_obtained":[{"floor":8,"key":"Mercury Hourglass"},{"floor":9,"key":"Gambling Chip"}],"event_choices":[{"cards_removed":["Regret"],"damage_healed":0,"gold_gain":0,"player_choice":"Forget","damage_taken":0,"max_hp_gain":0,"max_hp_loss":0,"event_name":"Living Wall","floor":2,"gold_loss":0},{"cards_removed":["Strike_R"],"damage_healed":0,"gold_gain":0,"player_choice":"Card Removal","damage_taken":7,"max_hp_gain":0,"max_hp_loss":0,"event_name":"Golden Wing","floor":4,"gold_loss":0}],"is_beta":false,"boss_relics":[],"items_purged_floors":[],"is_endless":false,"potions_floor_spawned":[3,6,10],"killed_by":"Lagavulin","ascension_level":12}}