{"host":"vgmhxp0kxvybuvcq","time":1612074616,"event":{"mods":["BaseMod","Minty Spire (QoL Compilation)","Replay The Spire","StSLib"],"gold_per_floor":[110,35,85,85,5,37,52,65,111,127,27,27,42,62,62,62,62],"floor_reached":16,"language":"ENG","playtime":668,"items_purged":["Strike_R","ReplayTheSpireMod:Restless Dread","Looming Evil"],"score":112,"play_id":"1be4d0e6-89c5-4864-ae0e-9f86acb66064","local_time":"20210130223016","is_ascension_mode":true,"campfire_choices":[{"data":"Searing Blow","floor":12,"key":"SMITH"},{"floor":15,"key":"DIG"}],"circlet_count":0,"master_deck":["Strike_R","Strike_R","Strike_R","Strike_R","Defend_R","Defend_R","Defend_R","Defend_R","Bash","Replay:Undeath\u0027s Touch","Enlightenment","Searing Blow+1","Pummel","Shrug It Off","Replay:Undeath\u0027s Touch","Evolve","Thunderclap"],"relics":["Burning Blood","Ring of Greed","Golden Egg","The Courier","ReplayTheSpireMod:Ring of Exchange","Replay:Bottled Flurry","Gremlin Food","Gremlin Horn"],"acts_visited":["Exordium"],"potions_floor_usage":[16,16,16],"damage_taken":[{"damage":1,"enemies":"Cultist","floor":1,"turns":4},{"damage":51,"enemies":"Lagavulin","floor":6,"turns":8},{"damage":9,"enemies":"Jaw Worm","floor":7,"turns":3},{"damage":0,"enemies":"Small Slimes","floor":8,"turns":2},{"damage":17,"enemies":"Gremlin Gang","floor":10,"turns":6},{"damage":15,"enemies":"3 Louse","floor":13,"turns":3},{"damage":17,"enemies":"Red Slaver","floor":14,"turns":4},{"damage":38,"enemies":"Slime Boss","floor":16,"turns":6}],"seed_played":"-62150750053680129","potions_obtained":[{"floor":1,"key":"BloodPotion"},{"floor":8,"key":"Swift Potion"},{"floor":14,"key":"Milkshake"}],"is_trial":false,"path_per_floor":["M","$","?","?","$","E","M","M","T","M","$","R","M","M","R","B"],"character_chosen":"IRONCLAD","items_purchased":[],"campfire_rested":0,"item_purchase_floors":[],"current_hp_per_floor":[88,88,88,88,88,43,40,46,46,35,35,35,26,15,15,0,0],"gold":62,"neow_bonus":"TEN_PERCENT_HP_BONUS","is_daily":false,"chose_seed":false,"campfire_upgraded":1,"win_rate":0.0,"timestamp":1612074616,"path_taken":["M","?","?","?","$","E","?","M","T","M","$","R","M","?","R","BOSS"],"items_purchased_type":[],"build_version":"2020-12-22","purchased_purges":3,"victory":false,"max_hp_per_floor":[88,88,88,88,88,88,88,88,88,88,88,88,88,88,88,88,88],"card_choices":[{"not_picked":["Blood for Blood","Pommel Strike"],"picked":"Replay:Undeath\u0027s Touch","floor":1},{"not_picked":["Body Slam","Rage"],"picked":"Searing Blow","floor":6},{"not_picked":["Clash","Twin Strike"],"picked":"Pummel","floor":7},{"not_picked":["Dropkick","Sever Soul"],"picked":"Shrug It Off","floor":8},{"not_picked":["Rage","ReplayTheSpireMod:LeadingStrike"],"picked":"Replay:Undeath\u0027s Touch","floor":10},{"not_picked":["Searing Blow","ReplayTheSpireMod:LeadingStrike"],"picked":"Evolve","floor":13},{"not_picked":["Whirlwind","Pommel Strike"],"picked":"Thunderclap","floor":14}],"player_experience":280709,"relics_obtained":[{"floor":3,"key":"Ring of Greed"},{"floor":3,"key":"Golden Egg"},{"floor":3,"key":"The Courier"},{"floor":3,"key":"ReplayTheSpireMod:Ring of Exchange"},{"floor":6,"key":"Replay:Bottled Flurry"},{"floor":9,"key":"Gremlin Food"},{"floor":15,"key":"Gremlin Horn"}],"event_choices":[{"damage_healed":0,"gold_gain":0,"player_choice":"1 cards matched","damage_taken":0,"max_hp_gain":0,"max_hp_loss":0,"event_name":"Match and Keep!","floor":4,"gold_loss":0,"cards_obtained":["Enlightenment"]}],"is_beta":false,"boss_relics":[],"items_purged_floors":[2,5,11],"is_endless":false,"potions_floor_spawned":[1,8,14],"killed_by":"Slime Boss","ascension_level":2}}