{"host":"6xsbn6ynqlzwllfm","time":1612054337,"event":{"mods":["2.2 Compatiblity","BaseMod","Bestiary","Colored Map","Colored Powertips","Curses Come First","Highlight Path","Keyboard Shortcuts","Minty Spire (QoL Compilation)","Relic Stats","Slay the Relics Exporter","StSLib","SuperFastMode"],"gold_per_floor":[113,113,113,128,128,172,172,210,222,274,301,313,6,26,26,124,124,144,167,92,92,92,132,132,132,132],"floor_reached":25,"language":"ENG","playtime":589,"items_purged":["Defend_P"],"score":524,"play_id":"e2b05671-1d76-4bce-8ec1-922b5360e7aa","local_time":"20210130195217","is_ascension_mode":true,"campfire_choices":[{"data":"SandsOfTime","floor":7.0,"key":"SMITH"},{"data":"BattleHymn","floor":12,"key":"SMITH"},{"data":"Tantrum","floor":15,"key":"SMITH"},{"data":"LikeWater","floor":24,"key":"SMITH"}],"circlet_count":0,"master_deck":["AscendersBane","Strike_P","Strike_P","Strike_P","Defend_P","Defend_P","Defend_P","Eruption","Vigilance","SandsOfTime+1","Protect","DeusExMachina","Brilliance","BattleHymn+1","LikeWater+1","MentalFortress","Tantrum+1","DeusExMachina","Necronomicurse","Scrawl"],"relics":["PureWater","Happy Flower","Golden Idol","StrikeDummy","MawBank","Kunai","Eternal Feather","Orichalcum","Busted Crown","Necronomicon","Oddly Smooth Stone"],"acts_visited":["Exordium","TheCity"],"potions_floor_usage":[10,23,25],"damage_taken":[{"damage":1.0,"enemies":"2 Louse","floor":1.0,"turns":2.0},{"damage":7.0,"enemies":"Jaw Worm","floor":4.0,"turns":4.0},{"damage":16.0,"enemies":"Gremlin Nob","floor":6.0,"turns":3.0},{"damage":30,"enemies":"3 Sentries","floor":8,"turns":15},{"damage":5,"enemies":"Lagavulin","floor":10,"turns":5},{"damage":1,"enemies":"Cultist","floor":11,"turns":3},{"damage":0,"enemies":"Large Slime","floor":14,"turns":2},{"damage":9,"enemies":"The Guardian","floor":16,"turns":8},{"damage":19,"enemies":"3 Byrds","floor":18,"turns":4},{"damage":0,"enemies":"Spheric Guardian","floor":19,"turns":3},{"damage":0,"enemies":"Gremlin Leader","floor":23,"turns":1},{"damage":32,"enemies":"Slavers","floor":25,"turns":2}],"seed_played":"1090931027938185040","potions_obtained":[{"floor":1.0,"key":"SteroidPotion"},{"floor":8,"key":"DuplicationPotion"},{"floor":14,"key":"Explosive Potion"},{"floor":16,"key":"Ambrosia"}],"is_trial":false,"path_per_floor":["M","?","?","M","?","E","R","E","T","E","M","R","$","M","R","B",null,"M","M","?","?","?","E","R","E"],"character_chosen":"WATCHER","items_purchased":["Orichalcum","MentalFortress"],"campfire_rested":0,"item_purchase_floors":[13,13],"current_hp_per_floor":[60,65,65,58,58,42,42,12,12,7,6,15,15,15,24,15,53,34,34,34,13,13,13,25,0,0],"gold":132,"neow_bonus":"RANDOM_COMMON_RELIC","is_daily":false,"chose_seed":false,"campfire_upgraded":4,"win_rate":0.0,"timestamp":1612054337,"path_taken":["M","?","?","M","?","E","R","E","T","E","M","R","?","M","R","BOSS","M","M","?","?","?","E","R","E"],"items_purchased_type":["Relic","Card"],"build_version":"2020-12-22","purchased_purges":1,"victory":false,"max_hp_per_floor":[68,73,73,73,66,66,66,66,66,66,66,66,66,66,66,66,66,66,66,66,66,66,66,66,66,66],"relic_stats":{"Busted Crown":6,"Happy Flower":[17],"counters":[12,52],"Golden Idol":69,"Eternal Feather":30,"Necronomicon":[1],"Kunai":[10],"Orichalcum":[36],"MawBank":60,"obtain_stats":[{"Busted Crown":17,"Happy Flower":0,"Golden Idol":5,"Oddly Smooth Stone":23,"Eternal Feather":10,"Necronomicon":21,"Kunai":9,"PureWater":0,"Orichalcum":13,"StrikeDummy":6,"MawBank":8},{"Busted Crown":8,"Happy Flower":0,"Golden Idol":2,"Oddly Smooth Stone":11,"Eternal Feather":5,"Necronomicon":10,"Kunai":4,"PureWater":0,"Orichalcum":6,"StrikeDummy":3,"MawBank":4},{"Busted Crown":42,"Happy Flower":0,"Golden Idol":6,"Oddly Smooth Stone":50,"Eternal Feather":29,"Necronomicon":49,"Kunai":24,"PureWater":0,"Orichalcum":32,"StrikeDummy":9,"MawBank":24}]},"card_choices":[{"not_picked":["EmptyFist","JustLucky"],"picked":"SandsOfTime","floor":1.0},{"not_picked":["SashWhip","CutThroughFate"],"picked":"Protect","floor":4.0},{"not_picked":["Crescendo","FollowUp"],"picked":"DeusExMachina","floor":6.0},{"not_picked":["Judgement","Crescendo"],"picked":"Brilliance","floor":8},{"not_picked":["Indignation","BowlingBash"],"picked":"BattleHymn","floor":10},{"not_picked":["FlyingSleeves","Meditate"],"picked":"LikeWater","floor":11},{"not_picked":["SignatureMove","Consecrate"],"picked":"Tantrum","floor":14},{"not_picked":["Ragnarok","Devotion"],"picked":"DeusExMachina","floor":16},{"not_picked":[],"picked":"Scrawl","floor":23}],"player_experience":1311344,"relics_obtained":[{"floor":6.0,"key":"StrikeDummy"},{"floor":8,"key":"MawBank"},{"floor":9,"key":"Kunai"},{"floor":10,"key":"Eternal Feather"},{"floor":21,"key":"Necronomicon"},{"floor":23,"key":"Oddly Smooth Stone"}],"event_choices":[{"damage_healed":0.0,"max_hp_gain":5.0,"max_hp_loss":0.0,"gold_gain":0.0,"event_name":"Big Fish","player_choice":"Donut","floor":2.0,"gold_loss":0.0,"damage_taken":0.0},{"damage_healed":0.0,"max_hp_gain":0.0,"max_hp_loss":0.0,"gold_gain":0.0,"event_name":"Liars Game","player_choice":"Ignored","floor":3.0,"gold_loss":0.0,"damage_taken":0.0},{"damage_healed":0.0,"max_hp_gain":0.0,"max_hp_loss":7.0,"gold_gain":0.0,"event_name":"Golden Idol","player_choice":"Lose Max HP","floor":5.0,"gold_loss":0.0,"damage_taken":0.0,"relics_obtained":["Golden Idol"]},{"cards_removed":["Strike_P"],"damage_healed":0,"gold_gain":0,"player_choice":"Gave Gold","damage_taken":0,"max_hp_gain":0,"max_hp_loss":0,"event_name":"Beggar","floor":20,"gold_loss":75},{"damage_healed":0,"gold_gain":0,"player_choice":"Obtained Book","damage_taken":21,"max_hp_gain":0,"max_hp_loss":0,"event_name":"Cursed Tome","floor":21,"gold_loss":0},{"damage_healed":0,"gold_gain":0,"player_choice":"Ignored","damage_taken":0,"max_hp_gain":0,"max_hp_loss":0,"event_name":"Ghosts","floor":22,"gold_loss":0}],"is_beta":false,"boss_relics":[{"not_picked":["Pandora\u0027s Box","Tiny House"],"picked":"Busted Crown"}],"items_purged_floors":[13],"is_endless":false,"potions_floor_spawned":[1,8,14,16,19],"killed_by":"Slavers","ascension_level":20}}