{"host":"b7j598ve05halrwk","time":1612077258,"event":{"mods":["2.2 Compatiblity","BaseMod","Block Reminder","DeckTracker","Minty Spire (QoL Compilation)","Relic Stats","Slay the Relics Exporter","StSLib","ojb\u0027s Better Paths Mod","ojb\u0027s Info Mod"],"gold_per_floor":[368,19,36,60,73,104,104,47,71,82,96,129,129,154,154,231,231,247,258,258,275,10,10,35,108,156,156,168,194,204,219,219,292,292,307,361,361,377,287,287,297,331,331,28,62,77,108,124,124,124,124,124,124,0,35,35],"floor_reached":57,"language":"ENG","playtime":5116,"items_purged":["Injury","Strike_B","Strike_B","Defend_B"],"score":2969,"play_id":"6f344a31-5a26-49d3-af27-0b4db9ba66f0","local_time":"20210131021418","is_ascension_mode":true,"campfire_choices":[{"floor":7.0,"key":"REST"},{"floor":13.0,"key":"REST"},{"floor":15.0,"key":"REST"},{"data":"Seek","floor":23.0,"key":"SMITH"},{"data":"Consume","floor":32.0,"key":"SMITH"},{"data":"Coolheaded","floor":40.0,"key":"SMITH"},{"floor":49.0,"key":"RECALL"},{"data":"Parasite","floor":53.0,"key":"PURGE"}],"circlet_count":0,"master_deck":["AscendersBane","Defend_B","Defend_B+1","Defend_B","Zap","Dualcast","Tempest","The Bomb","Sunder","Conserve Battery","Coolheaded","Glacier+1","Seek+1","Consume+1","Reinforced Body","Stack","Self Repair+1","Aggregate","Biased Cognition+1","Doom and Gloom","Coolheaded","Auto Shields","FTL","Genetic Algorithm","Cold Snap","Heatsinks+1","Coolheaded+1","Coolheaded","Aggregate","Cold Snap","Core Surge","CurseOfTheBell","Skim","Cold Snap","Electrodynamics+1","Force Field","Capacitor+1","Stack+1","Chill","Buffer+1","Steam+1","Capacitor+1","Hologram+1"],"relics":["Cracked Core","Dream Catcher","Frozen Egg 2","Regal Pillow","Bag of Marbles","Toy Ornithopter","Smiling Mask","Coffee Dripper","Runic Capacitor","Peace Pipe","Cables","Strawberry","Calipers","Calling Bell","Ancient Tea Set","Meat on the Bone","Thread and Needle","Bird Faced Urn","Akabeko","Membership Card","War Paint","StoneCalendar","HornCleat","Chemical X","Boot"],"acts_visited":["Exordium","TheCity","TheBeyond","TheEnding"],"potions_floor_usage":[56],"damage_taken":[{"damage":1.0,"enemies":"Cultist","floor":1.0,"turns":4.0},{"damage":4.0,"enemies":"2 Louse","floor":3.0,"turns":2.0},{"damage":7.0,"enemies":"Jaw Worm","floor":5.0,"turns":3.0},{"damage":23.0,"enemies":"Lagavulin","floor":6.0,"turns":7.0},{"damage":0.0,"enemies":"3 Louse","floor":10.0,"turns":2.0},{"damage":1.0,"enemies":"Blue Slaver","floor":11.0,"turns":3.0},{"damage":8.0,"enemies":"3 Sentries","floor":12.0,"turns":3.0},{"damage":60.0,"enemies":"Gremlin Nob","floor":14.0,"turns":5.0},{"damage":2.0,"enemies":"The Guardian","floor":16.0,"turns":14.0},{"damage":53.0,"enemies":"2 Thieves","floor":18.0,"turns":3.0},{"damage":1.0,"enemies":"Chosen","floor":19.0,"turns":4.0},{"damage":0.0,"enemies":"Centurion and Healer","floor":21.0,"turns":6.0},{"damage":30.0,"enemies":"Gremlin Leader","floor":24.0,"turns":6.0},{"damage":2.0,"enemies":"Book of Stabbing","floor":27.0,"turns":4.0},{"damage":0.0,"enemies":"Chosen and Byrds","floor":28.0,"turns":7.0},{"damage":21.0,"enemies":"Slavers","floor":29.0,"turns":5.0},{"damage":13.0,"enemies":"Shelled Parasite and Fungi","floor":30.0,"turns":5.0},{"damage":0.0,"enemies":"3 Cultists","floor":31.0,"turns":4.0},{"damage":7.0,"enemies":"Champ","floor":33.0,"turns":16.0},{"damage":3.0,"enemies":"3 Darklings","floor":35.0,"turns":3.0},{"damage":36.0,"enemies":"2 Orb Walkers","floor":36.0,"turns":6.0},{"damage":0.0,"enemies":"Orb Walker","floor":38.0,"turns":4.0},{"damage":0.0,"enemies":"Sphere and 2 Shapes","floor":41.0,"turns":4.0},{"damage":17.0,"enemies":"Giant Head","floor":42.0,"turns":16.0},{"damage":23.0,"enemies":"Nemesis","floor":45.0,"turns":11.0},{"damage":0.0,"enemies":"Writhing Mass","floor":46.0,"turns":6.0},{"damage":0.0,"enemies":"Giant Head","floor":47.0,"turns":17.0},{"damage":20.0,"enemies":"Jaw Worm Horde","floor":48.0,"turns":3.0},{"damage":5.0,"enemies":"Awakened One","floor":50.0,"turns":29.0},{"damage":6.0,"enemies":"Donu and Deca","floor":51.0,"turns":12.0},{"damage":10.0,"enemies":"Shield and Spear","floor":55.0,"turns":9.0},{"damage":84,"enemies":"The Heart","floor":56,"turns":16}],"seed_played":"-2976482843102330797","potions_obtained":[{"floor":10.0,"key":"SneckoOil"},{"floor":14.0,"key":"SpeedPotion"},{"floor":16.0,"key":"LiquidBronze"},{"floor":19.0,"key":"ColorlessPotion"},{"floor":21.0,"key":"SmokeBomb"},{"floor":28.0,"key":"LiquidMemories"},{"floor":33.0,"key":"Explosive Potion"},{"floor":35.0,"key":"SteroidPotion"},{"floor":41.0,"key":"FairyPotion"},{"floor":42.0,"key":"PowerPotion"},{"floor":47.0,"key":"BlessingOfTheForge"}],"is_trial":false,"path_per_floor":["M","$","M","T","M","E","R","?","T","M","M","E","R","E","R","B",null,"M","M","?","M","$","R","E","T","T","E","M","E","M","M","R","B",null,"M","?","?","M","$","R","M","E","T","$","E","M","E","M","R","B","B",null,"R","$","E","B",null],"character_chosen":"DEFECT","items_purchased":["The Bomb","Sunder","Runic Capacitor","Cold Snap","Capacitor+1","Membership Card","War Paint","Chemical X","Capacitor+1"],"campfire_rested":3,"item_purchase_floors":[2,2,22,22,39,44,44,54,54],"current_hp_per_floor":[63,63,59,59,52,29,50,50,50,50,49,41,71,11,47,55,67,28,37,37,47,47,47,32,32,39,52,52,46,43,53,53,56,73,75,52,52,68,68,68,76,76,76,76,78,78,78,62,62,78,78,78,75,75,75,30],"gold":35,"neow_bonus":"TWO_FIFTY_GOLD","is_daily":false,"chose_seed":false,"campfire_upgraded":3,"win_rate":0.0,"timestamp":1612077258,"path_taken":["M","$","?","?","M","E","R","?","T","M","M","E","R","E","R","BOSS","M","M","?","M","$","R","E","?","T","E","M","E","M","M","R","BOSS","M","?","?","?","?","R","M","E","T","$","E","M","E","M","R","BOSS","BOSS","R","$","E","BOSS"],"items_purchased_type":["Card","Card","Relic","Card","Card","Relic","Relic","Relic","Card"],"build_version":"2020-12-22","purchased_purges":4,"victory":true,"max_hp_per_floor":[71,71,71,71,71,71,71,71,71,71,71,71,71,71,71,71,71,71,71,71,71,71,71,71,71,78,78,78,78,78,78,78,78,78,78,78,78,78,78,78,78,78,78,78,78,78,78,78,78,78,78,78,75,75,75,75],"relic_stats":{"Regal Pillow":24,"counters":[32,239],"StoneCalendar":[289],"War Paint":["Glacier","Defend_B"],"Smiling Mask":150,"Boot":[1],"Cables":[169,96,63,10,0],"Peace Pipe":1,"Dream Catcher":3,"Bird Faced Urn":[85],"Chemical X":[7],"obtain_stats":[{"Regal Pillow":8,"Calipers":29,"StoneCalendar":45,"Runic Capacitor":22,"Smiling Mask":14,"Ancient Tea Set":34,"Boot":55,"Dream Catcher":4,"HornCleat":47,"Strawberry":26,"Chemical X":54,"Cracked Core":0,"Thread and Needle":34,"Frozen Egg 2":6,"War Paint":44,"Akabeko":42,"Cables":25,"Peace Pipe":24,"Calling Bell":34,"Bird Faced Urn":36,"Bag of Marbles":9,"Coffee Dripper":17,"Membership Card":44,"Toy Ornithopter":12,"Meat on the Bone":34},{"Regal Pillow":4,"Calipers":16,"StoneCalendar":25,"Runic Capacitor":12,"Smiling Mask":8,"Ancient Tea Set":19,"Boot":31,"Dream Catcher":2,"HornCleat":27,"Strawberry":13,"Chemical X":30,"Cracked Core":0,"Thread and Needle":19,"Frozen Egg 2":4,"War Paint":24,"Akabeko":24,"Cables":13,"Peace Pipe":13,"Calling Bell":19,"Bird Faced Urn":21,"Bag of Marbles":4,"Coffee Dripper":9,"Membership Card":24,"Toy Ornithopter":7,"Meat on the Bone":19},{"Regal Pillow":16,"Calipers":78,"StoneCalendar":147,"Runic Capacitor":56,"Smiling Mask":29,"Ancient Tea Set":103,"Boot":223,"Dream Catcher":6,"HornCleat":170,"Strawberry":62,"Chemical X":214,"Cracked Core":0,"Thread and Needle":103,"Frozen Egg 2":16,"War Paint":136,"Akabeko":136,"Cables":62,"Peace Pipe":62,"Calling Bell":103,"Bird Faced Urn":112,"Bag of Marbles":16,"Coffee Dripper":43,"Membership Card":136,"Toy Ornithopter":24,"Meat on the Bone":103}],"Toy Ornithopter":34,"Meat on the Bone":12},"card_choices":[{"not_picked":["Chaos","Leap"],"picked":"Tempest","floor":1.0},{"not_picked":["Defragment","Ball Lightning"],"picked":"Conserve Battery","floor":3.0},{"not_picked":["Thunder Strike","Compile Driver","Gash"],"picked":"SKIP","floor":5.0},{"not_picked":["Compile Driver","Lockon"],"picked":"Coolheaded","floor":6.0},{"not_picked":["Ball Lightning","Chaos"],"picked":"Glacier","floor":7.0},{"not_picked":["Rebound","Glacier"],"picked":"Seek","floor":10.0},{"not_picked":["Sweeping Beam","Sunder"],"picked":"Consume","floor":11.0},{"not_picked":["Ball Lightning","Coolheaded"],"picked":"Reinforced Body","floor":12.0},{"not_picked":["Sweeping Beam","Go for the Eyes"],"picked":"Stack","floor":13.0},{"not_picked":["Ball Lightning","BootSequence"],"picked":"Self Repair+1","floor":14.0},{"not_picked":["Sunder","Lockon"],"picked":"Aggregate","floor":15.0},{"not_picked":["Core Surge","Multi-Cast"],"picked":"Biased Cognition+1","floor":16.0},{"not_picked":["Force Field","Hello World+1"],"picked":"Doom and Gloom","floor":18.0},{"not_picked":["Rebound","Consume"],"picked":"Coolheaded","floor":19.0},{"not_picked":["Double Energy","Conserve Battery"],"picked":"Genetic Algorithm","floor":21.0},{"not_picked":["Barrage","FTL"],"picked":"Heatsinks+1","floor":24.0},{"not_picked":["Sweeping Beam+1","Undo"],"picked":"Coolheaded","floor":28.0},{"not_picked":["Conserve Battery","Barrage"],"picked":"Coolheaded","floor":29.0},{"not_picked":["Streamline","Double Energy+1"],"picked":"Aggregate","floor":30.0},{"not_picked":["Leap+1","Chaos"],"picked":"Cold Snap","floor":31.0},{"not_picked":["Rainbow","Meteor Strike"],"picked":"Core Surge","floor":33.0},{"not_picked":["Reprogram","Consume"],"picked":"Skim","floor":35.0},{"not_picked":["Stack","Redo"],"picked":"Cold Snap","floor":36.0},{"not_picked":["Streamline+1","Self Repair+1"],"picked":"Force Field","floor":38.0},{"not_picked":["Tempest","Recycle"],"picked":"Stack+1","floor":41.0},{"not_picked":["Recycle","Turbo"],"picked":"Chill","floor":42.0},{"not_picked":["Rebound","Beam Cell","Redo"],"picked":"SKIP","floor":45.0},{"not_picked":["Conserve Battery+1","Coolheaded"],"picked":"Buffer+1","floor":46.0},{"not_picked":["Turbo","Sweeping Beam","Chaos"],"picked":"SKIP","floor":47.0},{"not_picked":["Turbo","Self Repair+1"],"picked":"Steam+1","floor":48.0},{"not_picked":["Coolheaded","Fusion"],"picked":"Hologram+1","floor":55.0}],"player_experience":1080268,"relics_obtained":[{"floor":4.0,"key":"Dream Catcher"},{"floor":6.0,"key":"Frozen Egg 2"},{"floor":9.0,"key":"Bag of Marbles"},{"floor":12.0,"key":"Toy Ornithopter"},{"floor":14.0,"key":"Smiling Mask"},{"floor":24.0,"key":"Peace Pipe"},{"floor":25.0,"key":"Cables"},{"floor":26.0,"key":"Strawberry"},{"floor":29.0,"key":"Calipers"},{"floor":34.0,"key":"Ancient Tea Set"},{"floor":34.0,"key":"Meat on the Bone"},{"floor":34.0,"key":"Thread and Needle"},{"floor":36.0,"key":"Bird Faced Urn"},{"floor":42.0,"key":"Akabeko"},{"floor":45.0,"key":"StoneCalendar"},{"floor":47.0,"key":"HornCleat"},{"floor":55.0,"key":"Boot"}],"event_choices":[{"damage_healed":0.0,"max_hp_gain":0.0,"max_hp_loss":0.0,"gold_gain":0.0,"event_name":"WeMeetAgain","player_choice":"Paid Gold","floor":8.0,"gold_loss":57.0,"damage_taken":0.0,"relics_obtained":["Regal Pillow"]},{"damage_healed":0.0,"max_hp_gain":0.0,"max_hp_loss":0.0,"gold_gain":0.0,"cards_transformed":["Strike_B","Strike_B"],"event_name":"Drug Dealer","player_choice":"Became Test Subject","floor":20.0,"gold_loss":0.0,"damage_taken":0.0,"cards_obtained":["Auto Shields","FTL"]},{"damage_healed":0.0,"max_hp_gain":0.0,"max_hp_loss":0.0,"gold_gain":0.0,"event_name":"Mysterious Sphere","player_choice":"Fight","floor":36.0,"gold_loss":0.0,"damage_taken":0.0},{"damage_healed":0.0,"max_hp_gain":0.0,"max_hp_loss":0.0,"gold_gain":0.0,"event_name":"Match and Keep!","player_choice":"1 cards matched","floor":37.0,"gold_loss":0.0,"damage_taken":0.0,"cards_obtained":["Electrodynamics"]}],"is_beta":false,"boss_relics":[{"not_picked":["Nuclear Battery","Empty Cage"],"picked":"Coffee Dripper"},{"not_picked":["Fusion Hammer","SacredBark"],"picked":"Calling Bell"}],"items_purged_floors":[2,22,39,44],"is_endless":false,"potions_floor_spawned":[10,14,16,19,21,28,33,35,41,42,47,55],"ascension_level":20}}