{"host":"h3ybbam5olp21xet","time":1612053719,"event":{"mods":["BaseMod","Downfall","Hermit","Hubris","Infinite Spire","Minty Spire (QoL Compilation)","StSLib","The Bug Knight"],"gold_per_floor":[99,115,64,80,17,17,17,17],"floor_reached":6,"language":"ENG","playtime":472,"items_purged":[],"score":34,"play_id":"1990be12-ad9a-45fa-a98e-c323b665f148","local_time":"20210130184159","is_ascension_mode":false,"campfire_choices":[],"circlet_count":0,"master_deck":["sneckomod:Strike","sneckomod:Strike","sneckomod:Strike","sneckomod:Defend","sneckomod:Defend","sneckomod:Defend","sneckomod:TailWhip","sneckomod:SnekBite","sneckomod:Unknown","hermit:HighNoon","sneckomod:DiceBoulder","sneckomod:UnknownX","sneckomod:CheapStock","sneckomod:QuickMove","sneckomod:WideSting"],"relics":["sneckomod:SneckoSoul"],"acts_visited":["Exordium"],"potions_floor_usage":[6,6],"damage_taken":[{"damage":4,"enemies":"Cultist","floor":2,"turns":3},{"damage":2,"enemies":"downfall:FleeingMerchant","floor":3,"turns":4},{"damage":3,"enemies":"Jaw Worm","floor":4,"turns":3},{"damage":10,"enemies":"downfall:FleeingMerchant","floor":5,"turns":4},{"damage":87,"enemies":"Lagavulin","floor":6,"turns":11}],"seed_played":"-1379276309035594793","potions_obtained":[{"floor":4,"key":"FearPotion"}],"is_trial":false,"path_per_floor":["R","M","$","M","$","E"],"character_chosen":"THE_SNECKO","items_purchased":["sneckomod:CheapStock","PowerPotion"],"campfire_rested":0,"item_purchase_floors":[3,5],"current_hp_per_floor":[99,95,93,90,80,0,0,0],"gold":17,"neow_bonus":"TEN_PERCENT_HP_BONUS","is_daily":false,"chose_seed":false,"campfire_upgraded":0,"win_rate":0.0,"timestamp":1612053719,"path_taken":["R","M","$","M","?","E"],"items_purchased_type":["Card","Potion"],"build_version":"2020-12-22","purchased_purges":0,"victory":false,"max_hp_per_floor":[99,99,99,99,99,99,99,99],"card_choices":[{"not_picked":["sneckomod:UnknownVulnerable","sneckomod:IronFang"],"picked":"sneckomod:DiceBoulder","floor":2},{"not_picked":["sneckomod:UnknownBlock","sneckomod:IronFang"],"picked":"sneckomod:UnknownX","floor":3},{"not_picked":["sneckomod:WideSting","sneckomod:UnknownDraw"],"picked":"sneckomod:QuickMove","floor":4},{"not_picked":["sneckomod:UnknownWeak","sneckomod:DangerNoodle"],"picked":"sneckomod:WideSting","floor":5}],"player_experience":614169,"relics_obtained":[],"event_choices":[],"is_beta":false,"boss_relics":[],"items_purged_floors":[],"is_endless":false,"potions_floor_spawned":[4],"killed_by":"Lagavulin","ascension_level":0}}