{"host":"0mf7robgulk01ko7","time":1612096380,"event":{"mods":["AchievementEnabler","BaseMod","Colored Map","DeckTracker","Minty Spire (QoL Compilation)","Quick Restart","Rare Cards Sparkle","Relic Stats","SuperFastMode","everything is the same but u backflip on backflip"],"gold_per_floor":[115,133,133,133,53,53,25,25,25,52,52,52,67,101,101,180,180,192,210,210,230,155,155,167,167,167,167,184,196,296,330,330,330,330],"floor_reached":33,"language":"KOR","playtime":1028,"items_purged":[],"score":746,"play_id":"b955cd50-3f38-45b6-8c16-ba6c65b048f2","local_time":"20210131213300","is_ascension_mode":true,"campfire_choices":[{"data":"Sunder","floor":6.0,"key":"SMITH"},{"data":"Storm","floor":8.0,"key":"SMITH"},{"floor":12.0,"key":"REST"},{"floor":15.0,"key":"REST"},{"data":"Buffer","floor":23.0,"key":"SMITH"},{"floor":27.0,"key":"REST"},{"floor":32,"key":"REST"}],"circlet_count":0,"master_deck":["AscendersBane","Strike_B","Strike_B","Strike_B","Defend_B","Defend_B","Defend_B","Defend_B","Zap","Dualcast","Genetic Algorithm","Sunder+1","Storm+1","Sweeping Beam","Heatsinks","Compile Driver","Buffer+1","Electrodynamics","Skim","Heatsinks+1","Force Field","Compile Driver","Reinforced Body+1","BootSequence","Aggregate+1"],"relics":["Cracked Core","MealTicket","Mummified Hand","Emotion Chip","StrikeDummy","Symbiotic Virus","PreservedInsect","Cursed Key","Lizard Tail","InkBottle","CeramicFish"],"acts_visited":["Exordium","TheCity"],"potions_floor_usage":[33,33],"damage_taken":[{"damage":9.0,"enemies":"Jaw Worm","floor":1.0,"turns":3.0},{"damage":9.0,"enemies":"Small Slimes","floor":2.0,"turns":4.0},{"damage":37.0,"enemies":"3 Sentries","floor":10.0,"turns":6.0},{"damage":6.0,"enemies":"2 Louse","floor":13.0,"turns":2.0},{"damage":18.0,"enemies":"Lagavulin","floor":14.0,"turns":5.0},{"damage":14.0,"enemies":"Hexaghost","floor":16.0,"turns":7.0},{"damage":6.0,"enemies":"2 Thieves","floor":18.0,"turns":2.0},{"damage":0.0,"enemies":"Spheric Guardian","floor":19.0,"turns":3.0},{"damage":20.0,"enemies":"Shelled Parasite and Fungi","floor":21.0,"turns":3.0},{"damage":7.0,"enemies":"Cultist and Chosen","floor":24.0,"turns":4.0},{"damage":14.0,"enemies":"Centurion and Healer","floor":28.0,"turns":3.0},{"damage":0.0,"enemies":"3 Cultists","floor":29.0,"turns":4.0},{"damage":0,"enemies":"Colosseum Slavers","floor":30,"turns":4},{"damage":0,"enemies":"Colosseum Nobs","floor":30,"turns":3},{"damage":18,"enemies":"Book of Stabbing","floor":31,"turns":5},{"damage":100,"enemies":"Champ","floor":33,"turns":15}],"seed_played":"5484514308626325489","potions_obtained":[{"floor":1.0,"key":"Block Potion"},{"floor":10.0,"key":"Block Potion"},{"floor":13.0,"key":"PotionOfCapacity"},{"floor":19.0,"key":"PowerPotion"},{"floor":24.0,"key":"PotionOfCapacity"},{"floor":28.0,"key":"EssenceOfSteel"}],"is_trial":false,"path_per_floor":["M","M","?","?","$","R","$","R","T","E","?","R","M","E","R","B",null,"M","M","?","M","?","R","M","?","T","R","M","M","?","E","R","B"],"character_chosen":"DEFECT","items_purchased":["Storm","Sweeping Beam"],"campfire_rested":4,"item_purchase_floors":[5,7],"current_hp_per_floor":[55,46,46,39,54,54,69,69,69,32,14,35,29,11,32,18,58,52,52,52,32,32,32,25,25,25,46,32,32,32,14,35,0,0],"gold":330,"neow_bonus":"RANDOM_COMMON_RELIC","is_daily":false,"chose_seed":false,"campfire_upgraded":3,"win_rate":0.0,"timestamp":1612096380,"path_taken":["M","M","?","?","$","R","?","R","T","E","?","R","M","E","R","BOSS","M","M","?","M","?","R","M","?","T","R","M","?","?","E","R","BOSS"],"items_purchased_type":["Card","Card"],"build_version":"2020-12-22","purchased_purges":0,"victory":false,"max_hp_per_floor":[71,71,71,71,71,71,71,71,71,71,71,71,71,71,71,71,71,71,71,71,71,71,71,71,71,71,71,71,71,71,71,71,71,71],"relic_stats":{"Emotion Chip":[47,41,0,6,0],"Lizard Tail":35,"counters":[16,73],"Mummified Hand":[58],"CeramicFish":9,"MealTicket":30,"PreservedInsect":79,"Cursed Key":0,"obtain_stats":[{"Emotion Chip":9,"Lizard Tail":30,"Mummified Hand":3,"CeramicFish":31,"MealTicket":0,"PreservedInsect":14,"Cracked Core":0,"StrikeDummy":10,"Symbiotic Virus":11,"Cursed Key":17,"InkBottle":30},{"Emotion Chip":2,"Lizard Tail":14,"Mummified Hand":2,"CeramicFish":15,"MealTicket":0,"PreservedInsect":5,"Cracked Core":0,"StrikeDummy":3,"Symbiotic Virus":3,"Cursed Key":6,"InkBottle":14},{"Emotion Chip":7,"Lizard Tail":53,"Mummified Hand":7,"CeramicFish":58,"MealTicket":0,"PreservedInsect":20,"Cracked Core":0,"StrikeDummy":13,"Symbiotic Virus":13,"Cursed Key":27,"InkBottle":53}],"InkBottle":[7]},"card_choices":[{"not_picked":["Cold Snap","Fusion"],"picked":"Genetic Algorithm","floor":1.0},{"not_picked":["Auto Shields","Streamline"],"picked":"Sunder","floor":2.0},{"not_picked":["Steam Power","Auto Shields"],"picked":"Heatsinks","floor":10.0},{"not_picked":["Rebound","Beam Cell"],"picked":"Compile Driver","floor":13.0},{"not_picked":["Hello World","Consume"],"picked":"Buffer","floor":14.0},{"not_picked":["Thunder Strike","Seek"],"picked":"Electrodynamics","floor":16.0},{"not_picked":["Gash+1","Scrape","Ball Lightning"],"picked":"SKIP","floor":18.0},{"not_picked":["Gash+1","Scrape","Ball Lightning"],"picked":"SKIP","floor":18.0},{"not_picked":["Gash+1","Scrape","Ball Lightning"],"picked":"SKIP","floor":18.0},{"not_picked":["Force Field","Chill"],"picked":"Skim","floor":19.0},{"not_picked":["Go for the Eyes","Glacier"],"picked":"Heatsinks","floor":21.0},{"not_picked":["Leap","Cold Snap"],"picked":"Force Field","floor":24.0},{"not_picked":["Leap","Auto Shields+1"],"picked":"Compile Driver","floor":28.0},{"not_picked":["Redo","Beam Cell"],"picked":"Reinforced Body+1","floor":29.0},{"not_picked":["Barrage","Steam"],"picked":"BootSequence","floor":30},{"not_picked":["Rainbow","Blizzard"],"picked":"Aggregate+1","floor":31}],"player_experience":414600,"relics_obtained":[{"floor":9.0,"key":"Emotion Chip"},{"floor":10.0,"key":"StrikeDummy"},{"floor":14.0,"key":"PreservedInsect"},{"floor":30,"key":"Lizard Tail"},{"floor":30,"key":"InkBottle"},{"floor":31,"key":"CeramicFish"}],"event_choices":[{"damage_healed":0.0,"max_hp_gain":0.0,"max_hp_loss":0.0,"gold_gain":0.0,"event_name":"Big Fish","player_choice":"Box","floor":3.0,"gold_loss":0.0,"damage_taken":0.0,"relics_obtained":["Mummified Hand"],"cards_obtained":["Regret"]},{"cards_removed":["Regret"],"damage_healed":0.0,"max_hp_gain":0.0,"max_hp_loss":0.0,"gold_gain":0.0,"event_name":"Golden Wing","player_choice":"Card Removal","floor":4.0,"gold_loss":0.0,"damage_taken":7.0},{"damage_healed":0.0,"max_hp_gain":0.0,"max_hp_loss":0.0,"gold_gain":0.0,"event_name":"Scrap Ooze","player_choice":"Success","floor":11.0,"gold_loss":0.0,"damage_taken":18.0,"relics_obtained":["Symbiotic Virus"]},{"damage_healed":0.0,"max_hp_gain":0.0,"max_hp_loss":0.0,"gold_gain":0.0,"event_name":"Ghosts","player_choice":"Ignored","floor":20.0,"gold_loss":0.0,"damage_taken":0.0},{"cards_removed":["Strike_B"],"damage_healed":0.0,"max_hp_gain":0.0,"max_hp_loss":0.0,"gold_gain":0.0,"event_name":"Beggar","player_choice":"Gave Gold","floor":22.0,"gold_loss":75.0,"damage_taken":0.0},{"damage_healed":0.0,"max_hp_gain":0.0,"max_hp_loss":0.0,"gold_gain":0.0,"event_name":"Upgrade Shrine","player_choice":"Upgraded","floor":25.0,"gold_loss":0.0,"damage_taken":0.0,"cards_upgraded":["Heatsinks"]},{"damage_healed":0,"gold_gain":0,"player_choice":"Fight","damage_taken":0,"max_hp_gain":0,"max_hp_loss":0,"event_name":"Colosseum","floor":30,"gold_loss":0},{"damage_healed":0,"gold_gain":0,"player_choice":"Fought Nobs","damage_taken":0,"max_hp_gain":0,"max_hp_loss":0,"event_name":"Colosseum","floor":30,"gold_loss":0}],"is_beta":false,"boss_relics":[{"not_picked":["Velvet Choker","SacredBark"],"picked":"Cursed Key"}],"items_purged_floors":[],"is_endless":false,"potions_floor_spawned":[1,10,13,19,24,28,29],"killed_by":"Champ","ascension_level":20}}