{"host":"3a1ypf1irl30q4k8","time":1612099411,"event":{"mods":["AchievementEnabler","BaseMod","Bestiary","Colored Map","Minty Spire (QoL Compilation)","Relic Stats"],"gold_per_floor":[111,128,128,148,168,168,203,203,283,283,283,303,303,334,334,430,430,448,41,59,84,84,84,96,125,152,186,186,206,206,206,206,206,206],"floor_reached":33,"language":"ENG","playtime":1951,"items_purged":[],"score":423,"play_id":"b29753a3-d647-48c3-bf4f-977b87a13be1","local_time":"20210131132331","is_ascension_mode":true,"campfire_choices":[{"floor":6.0,"key":"REST"},{"floor":11.0,"key":"REST"},{"data":"Adaptation","floor":13.0,"key":"SMITH"},{"data":"BowlingBash","floor":15.0,"key":"SMITH"},{"data":"TalkToTheHand","floor":23.0,"key":"SMITH"},{"data":"Fasting2","floor":28.0,"key":"SMITH"},{"floor":32.0,"key":"REST"}],"circlet_count":0,"master_deck":["Eruption","Vigilance","Vault+1","FlyingSleeves","ThirdEye","Adaptation+1","BowlingBash+1","FlyingSleeves+1","Vengeance","Scrawl","DeusExMachina","SashWhip","PathToVictory","CarveReality","ThirdEye","LikeWater","Scrawl","InnerPeace","WheelKick","InnerPeace","DeceiveReality","Halt","Wireheading","FlurryOfBlows","TalkToTheHand+1","Protect","Fasting2+1","ClearTheMind+1"],"relics":["PureWater","WingedGreaves","Ancient Tea Set","Gremlin Horn","Whetstone","Pandora\u0027s Box","TeardropLocket","Bag of Marbles","Darkstone Periapt","Akabeko"],"acts_visited":["Exordium","TheCity"],"potions_floor_usage":[33,33,33,33,33],"damage_taken":[{"damage":0.0,"enemies":"Small Slimes","floor":1.0,"turns":3.0},{"damage":0.0,"enemies":"2 Louse","floor":2.0,"turns":2.0},{"damage":0.0,"enemies":"Cultist","floor":4.0,"turns":3.0},{"damage":30.0,"enemies":"Exordium Thugs","floor":5.0,"turns":9.0},{"damage":25.0,"enemies":"3 Sentries","floor":7.0,"turns":12.0},{"damage":0.0,"enemies":"2 Fungi Beasts","floor":12.0,"turns":2.0},{"damage":0.0,"enemies":"Gremlin Nob","floor":14.0,"turns":3.0},{"damage":0.0,"enemies":"Slime Boss","floor":16.0,"turns":5.0},{"damage":0.0,"enemies":"Chosen","floor":18.0,"turns":2.0},{"damage":0.0,"enemies":"3 Byrds","floor":20.0,"turns":3.0},{"damage":0.0,"enemies":"Snecko","floor":24.0,"turns":2.0},{"damage":1.0,"enemies":"Gremlin Leader","floor":25.0,"turns":5.0},{"damage":26.0,"enemies":"Slavers","floor":27.0,"turns":8.0},{"damage":11.0,"enemies":"Sentry and Sphere","floor":29.0,"turns":6.0},{"damage":59,"enemies":"Champ","floor":33,"turns":10}],"seed_played":"7741705480767310174","potions_obtained":[{"floor":7.0,"key":"EntropicBrew"},{"floor":12.0,"key":"Strength Potion"},{"floor":14.0,"key":"Energy Potion"},{"floor":18.0,"key":"ColorlessPotion"},{"floor":27.0,"key":"LiquidBronze"},{"floor":29.0,"key":"EntropicBrew"}],"is_trial":false,"path_per_floor":["M","M","?","M","M","R","E","?","T","?","R","M","R","E","R","B",null,"M","$","M","T","?","R","M","E","T","E","R","M","?","?","R","B"],"character_chosen":"WATCHER","items_purchased":["DeceiveReality","Halt","Wireheading","TeardropLocket"],"campfire_rested":3,"item_purchase_floors":[19,19,19,19],"current_hp_per_floor":[65,65,58,58,28,47,22,22,22,22,41,41,41,41,41,41,65,65,65,65,65,65,65,65,64,64,38,38,27,27,16,37,0,0],"gold":206,"neow_bonus":"THREE_RARE_CARDS","is_daily":false,"chose_seed":false,"campfire_upgraded":4,"win_rate":0.0,"timestamp":1612099411,"path_taken":["M","M","?","M","M","R","E","?","T","?","R","M","R","E","R","BOSS","M","$","?","?","?","R","M","E","T","E","R","M","?","?","R","BOSS"],"items_purchased_type":["Card","Card","Card","Relic"],"build_version":"2020-12-22","purchased_purges":0,"victory":false,"max_hp_per_floor":[65,65,65,65,65,65,65,65,65,65,65,65,65,65,65,65,65,65,65,65,65,65,65,65,65,65,65,65,65,65,70,70,70,70],"relic_stats":{"Darkstone Periapt":0,"Gremlin Horn":[11,11],"counters":[15,75],"Pandora\u0027s Box":["SashWhip","PathToVictory","CarveReality","ThirdEye","LikeWater","Scrawl","InnerPeace","WheelKick"],"Whetstone":["FlyingSleeves","Strike_P"],"obtain_stats":[{"Darkstone Periapt":25,"Gremlin Horn":9,"Pandora\u0027s Box":17,"WingedGreaves":3,"Bag of Marbles":21,"Whetstone":14,"TeardropLocket":19,"PureWater":0,"Ancient Tea Set":7,"Akabeko":27},{"Darkstone Periapt":12,"Gremlin Horn":5,"Pandora\u0027s Box":8,"WingedGreaves":2,"Bag of Marbles":10,"Whetstone":7,"TeardropLocket":9,"PureWater":0,"Ancient Tea Set":5,"Akabeko":13},{"Darkstone Periapt":51,"Gremlin Horn":29,"Pandora\u0027s Box":39,"WingedGreaves":5,"Bag of Marbles":44,"Whetstone":34,"TeardropLocket":41,"PureWater":0,"Ancient Tea Set":29,"Akabeko":59}]},"card_choices":[{"not_picked":["Omniscience","Scrawl"],"picked":"Vault","floor":0.0},{"not_picked":["Prostrate","CrushJoints"],"picked":"FlyingSleeves","floor":1.0},{"not_picked":["PathToVictory","FlurryOfBlows"],"picked":"ThirdEye","floor":2.0},{"not_picked":["LikeWater","SignatureMove"],"picked":"Adaptation","floor":4.0},{"not_picked":["Protect","ThirdEye"],"picked":"BowlingBash","floor":5.0},{"not_picked":["Protect","PathToVictory"],"picked":"FlyingSleeves","floor":7.0},{"not_picked":["BowlingBash","SashWhip"],"picked":"Vengeance","floor":12.0},{"not_picked":["Study","Establishment"],"picked":"Scrawl","floor":14.0},{"not_picked":["Vault","ConjureBlade"],"picked":"DeusExMachina","floor":16.0},{"not_picked":["Adaptation+1","Consecrate"],"picked":"InnerPeace","floor":18.0},{"not_picked":["Prostrate","EmptyFist+1"],"picked":"FlurryOfBlows","floor":20.0},{"not_picked":["Pray","Protect","SignatureMove"],"picked":"SKIP","floor":24.0},{"not_picked":["Meditate","BattleHymn+1"],"picked":"Protect","floor":25.0},{"not_picked":["Study","Vengeance"],"picked":"Fasting2","floor":27.0},{"not_picked":["FlurryOfBlows","DeceiveReality+1"],"picked":"ClearTheMind+1","floor":29.0}],"player_experience":1266688,"relics_obtained":[{"floor":7.0,"key":"Ancient Tea Set"},{"floor":9.0,"key":"Gremlin Horn"},{"floor":14.0,"key":"Whetstone"},{"floor":21.0,"key":"Bag of Marbles"},{"floor":25.0,"key":"Darkstone Periapt"},{"floor":27.0,"key":"Akabeko"}],"event_choices":[{"damage_healed":0.0,"max_hp_gain":0.0,"max_hp_loss":0.0,"gold_gain":0.0,"event_name":"Scrap Ooze","player_choice":"Success","floor":3.0,"gold_loss":0.0,"damage_taken":7.0,"relics_obtained":["WingedGreaves"]},{"damage_healed":0.0,"max_hp_gain":0.0,"max_hp_loss":0.0,"gold_gain":0.0,"event_name":"Living Wall","player_choice":"Grow","floor":8.0,"gold_loss":0.0,"damage_taken":0.0,"cards_upgraded":["Vault"]},{"damage_healed":0.0,"max_hp_gain":0.0,"max_hp_loss":0.0,"gold_gain":0.0,"event_name":"NoteForYourself","player_choice":"Ignored","floor":10.0,"gold_loss":0.0,"damage_taken":0.0},{"damage_healed":0.0,"max_hp_gain":0.0,"max_hp_loss":0.0,"gold_gain":0.0,"event_name":"The Library","player_choice":"Read","floor":22.0,"gold_loss":0.0,"damage_taken":0.0,"cards_obtained":["TalkToTheHand"]},{"damage_healed":0.0,"max_hp_gain":0.0,"max_hp_loss":0.0,"gold_gain":0.0,"event_name":"Vampires","player_choice":"Ignored","floor":30.0,"gold_loss":0.0,"damage_taken":0.0},{"damage_healed":0.0,"max_hp_gain":5.0,"max_hp_loss":0.0,"gold_gain":0.0,"event_name":"Forgotten Altar","player_choice":"Shed Blood","floor":31.0,"gold_loss":0.0,"damage_taken":16.0}],"is_beta":false,"boss_relics":[{"not_picked":["Sozu","VioletLotus"],"picked":"Pandora\u0027s Box"}],"items_purged_floors":[],"is_endless":false,"potions_floor_spawned":[7,12,14,18,27,29],"killed_by":"Champ","ascension_level":3}}