{"host":"1hv1kueuvc4r3rdp","time":1612076028,"event":{"mods":["AchievementEnabler","BaseMod","DeckTracker","Highlight Path","Minty Spire (QoL Compilation)","Permanent Neow","StSLib"],"gold_per_floor":[110,127,127,92,103,103,132,132,132,148,148,161,181,208,208,208,208],"floor_reached":16,"language":"ENG","playtime":630,"items_purged":[],"score":174,"play_id":"59b0f3d6-55ca-44c6-9f66-c9286b6b5694","local_time":"20210131005348","is_ascension_mode":true,"campfire_choices":[{"data":"All Out Attack","floor":6,"key":"SMITH"},{"floor":8,"key":"REST"},{"floor":11,"key":"REST"},{"data":"Survivor","floor":15,"key":"SMITH"}],"circlet_count":0,"master_deck":["AscendersBane","Strike_G","Strike_G","Strike_G","Strike_G","Strike_G","Defend_G+1","Defend_G","Defend_G","Defend_G","Defend_G","Survivor+1","Neutralize+1","All Out Attack+1","Riddle With Holes+1","Poisoned Stab+1"],"relics":["Busted Crown","Molten Egg 2","Matryoshka","Tiny Chest"],"acts_visited":["Exordium"],"potions_floor_usage":[7],"damage_taken":[{"damage":0,"enemies":"2 Louse","floor":1,"turns":4},{"damage":1,"enemies":"Jaw Worm","floor":2,"turns":5},{"damage":2,"enemies":"Cultist","floor":5,"turns":4},{"damage":24,"enemies":"Gremlin Nob","floor":7,"turns":4},{"damage":10,"enemies":"Exordium Wildlife","floor":10,"turns":6},{"damage":1,"enemies":"Exordium Thugs","floor":12,"turns":4},{"damage":1,"enemies":"Blue Slaver","floor":13,"turns":2},{"damage":10,"enemies":"3 Sentries","floor":14,"turns":5},{"damage":42,"enemies":"The Guardian","floor":16,"turns":9}],"seed_played":"-8713372737025139557","potions_obtained":[{"floor":2,"key":"LiquidMemories"},{"floor":10,"key":"GhostInAJar"},{"floor":14,"key":"Dexterity Potion"}],"is_trial":false,"path_per_floor":["M","M","?","?","M","R","E","R","T","M","R","M","M","E","R","B"],"character_chosen":"THE_SILENT","items_purchased":[],"campfire_rested":2,"item_purchase_floors":[],"current_hp_per_floor":[63,62,48,48,46,46,22,43,43,33,54,53,52,42,42,0,0],"gold":208,"neow_bonus":"BOSS_RELIC","is_daily":false,"chose_seed":false,"campfire_upgraded":2,"win_rate":0.0,"timestamp":1612076028,"path_taken":["M","M","?","?","M","R","E","R","T","M","R","M","M","E","R","BOSS"],"items_purchased_type":[],"build_version":"2020-12-22","purchased_purges":0,"victory":false,"max_hp_per_floor":[70,70,70,70,70,70,70,70,70,70,70,70,70,70,70,70,70],"card_choices":[{"not_picked":["Backflip"],"picked":"SKIP","floor":1},{"not_picked":[],"picked":"All Out Attack","floor":2},{"not_picked":["Finisher"],"picked":"SKIP","floor":5},{"not_picked":["Catalyst"],"picked":"SKIP","floor":7},{"not_picked":[],"picked":"Riddle With Holes+1","floor":10},{"not_picked":[],"picked":"Poisoned Stab+1","floor":12},{"not_picked":["Blur"],"picked":"SKIP","floor":13},{"not_picked":["Bane+1"],"picked":"SKIP","floor":14}],"player_experience":1148975,"relics_obtained":[{"floor":7,"key":"Molten Egg 2"},{"floor":9,"key":"Matryoshka"},{"floor":14,"key":"Tiny Chest"}],"event_choices":[{"damage_healed":0,"gold_gain":0,"player_choice":"Entered Light","damage_taken":14,"max_hp_gain":0,"max_hp_loss":0,"event_name":"Shining Light","floor":3,"gold_loss":0,"cards_upgraded":["Defend_G","Neutralize"]},{"damage_healed":0,"gold_gain":0,"player_choice":"Left Gold","damage_taken":0,"max_hp_gain":0,"max_hp_loss":0,"event_name":"World of Goop","floor":4,"gold_loss":35}],"is_beta":false,"boss_relics":[],"items_purged_floors":[],"is_endless":false,"potions_floor_spawned":[2,10,14],"killed_by":"The Guardian","ascension_level":11}}