{"host":"7oiwk103j2prpym5","time":1612119954,"event":{"mods":["BaseMod","BetterRewards","Colored Map","Colored Powertips","GifTheSpireLib","Infinite Spire","Minty Spire (QoL Compilation)","Permanent Neow","Relic Filter Mod","Reliquary","Remove Card Discount Mod","Replay The Spire","StSLib","Stuff the Spire","Weighted Paths"],"gold_per_floor":[115,115,129,139,150,180,4,4,4],"floor_reached":8,"language":"ENG","playtime":680,"items_purged":["Strike_G","Defend_G","Strike_G"],"score":67,"play_id":"ec2342c9-ad93-4851-bccc-82ae888b7223","local_time":"20210131130554","is_ascension_mode":true,"campfire_choices":[],"circlet_count":0,"master_deck":["Strike_G","Strike_G","Defend_G","Defend_G","Defend_G","Defend_G","Survivor","Neutralize","Setup","Caltrops","Deadly Poison","Outmaneuver","Deadly Poison","Deadly Poison","Sucker Punch","ReplayTheSpireMod:Scrap Shanks"],"relics":["Ring of Chaos","Orichalcum"],"acts_visited":["Exordium"],"potions_floor_usage":[5,6],"damage_taken":[{"damage":0,"enemies":"2 Louse","floor":1,"turns":3},{"damage":0,"enemies":"Cultist","floor":3,"turns":4},{"damage":11,"enemies":"Jaw Worm","floor":4,"turns":7},{"damage":4,"enemies":"Looter","floor":5,"turns":4},{"damage":35,"enemies":"Lagavulin","floor":6,"turns":12},{"damage":21,"enemies":"3 Sentries","floor":8,"turns":5}],"seed_played":"399548772715463302","potions_obtained":[{"floor":3,"key":"Strength Potion"},{"floor":5,"key":"Weak Potion"}],"is_trial":false,"path_per_floor":["M","?","M","M","M","E","$","E"],"character_chosen":"THE_SILENT","items_purchased":["Deadly Poison","Sucker Punch","ReplayTheSpireMod:Scrap Shanks"],"campfire_rested":0,"item_purchase_floors":[7,7,7],"current_hp_per_floor":[70,70,70,59,55,20,20,0,0],"gold":4,"neow_bonus":"BOSS_RELIC","is_daily":false,"chose_seed":false,"campfire_upgraded":0,"win_rate":0.0,"timestamp":1612119954,"path_taken":["M","?","M","?","M","E","$","E"],"items_purchased_type":["Card","Card","Card"],"build_version":"2020-12-22","purchased_purges":3,"victory":false,"max_hp_per_floor":[70,70,70,70,70,70,70,70,70],"card_choices":[{"not_picked":["StuffTheSpire:ClusterCrunch","Expertise"],"picked":"Setup","floor":1},{"not_picked":["StuffTheSpire:Incursion","Underhanded Strike"],"picked":"Caltrops","floor":3},{"not_picked":["Choke","ReplayTheSpireMod:The Works"],"picked":"Deadly Poison","floor":4},{"not_picked":["Dodge and Roll","ReplayTheSpireMod:Shiv Toss"],"picked":"Outmaneuver","floor":5},{"not_picked":["Dagger Spray","Underhanded Strike"],"picked":"Deadly Poison","floor":6}],"player_experience":818731,"relics_obtained":[{"floor":6,"key":"Orichalcum"}],"event_choices":[{"cards_removed":["Strike_G"],"damage_healed":0,"gold_gain":0,"player_choice":"Purged","damage_taken":0,"max_hp_gain":0,"max_hp_loss":0,"event_name":"Purifier","floor":2,"gold_loss":0}],"is_beta":false,"boss_relics":[],"items_purged_floors":[7,7,7],"is_endless":false,"potions_floor_spawned":[3,5],"killed_by":"3 Sentries","ascension_level":3}}