{"host":"d17dpptiltdcqz9s","time":1612101719,"event":{"mods":["BaseMod","Colored Powertips","Downfall","Minty Spire (QoL Compilation)","Replay The Spire","StSLib"],"gold_per_floor":[99,99,164,164,164,40,40,56,68,68,82,82,125,137,150,252,252,152,168,178,178,197,97,171,225,225,240,240,240,240,258,269,370,370,370,385,385,396,415,415,415,431,44,44,44,58,58,75,88,88],"floor_reached":51,"language":"ZHS","playtime":3387,"items_purged":["bronze:Strike","bronze:Defend","bronze:Defend"],"score":762,"play_id":"4691ca2c-eae1-4fb8-80b0-4b38af2471be","local_time":"20210131220159","is_ascension_mode":true,"campfire_choices":[{"floor":1.0,"key":"DIG"},{"floor":10.0,"key":"RECALL"},{"data":"bronze:Return","floor":12.0,"key":"SMITH"},{"data":"bronze:SpaghettiCode","floor":18.0,"key":"SMITH"},{"floor":23.0,"key":"REST"},{"floor":28,"key":"REST"},{"data":"bronze:Repair","floor":30,"key":"SMITH"},{"data":"bronze:Defend","floor":35,"key":"PURGE"},{"data":"expansioncontent:StudyTheSpire","floor":44,"key":"SMITH"},{"data":"Replay:SS_forest_2","floor":47,"key":"SMITH"}],"circlet_count":0,"master_deck":["bronze:Strike","bronze:Strike","bronze:Defend","bronze:Replicate+1","bronze:Goto+1","bronze:Return+1","bronze:OilSpill+1","bronze:Overheat","bronze:SpaghettiCode+1","bronze:WhirlingStrike+1","bronze:Repair+1","bronze:ChosenStrike","bronze:FollowUp","bronze:Library","bronze:Shell+1","bronze:Boost+1","Replay:SS_hec_1","bronze:ForceShield+1","bronze:RecursiveStrike","bronze:Turbo+1","expansioncontent:YouAreMine+1","Parasite","bronze:Boost+1","Replay:SS_forest_2+1","expansioncontent:StudyTheSpire+1"],"relics":["bronze:BronzeCore","downfall:HeartsMalice","Replay:Baseball","Bag of Marbles","Replay:Bottled Snecko","SlaversCollar","downfall:HeartBlessingRed","downfall:HeartBlessingBlue","Toxic Egg 2","Busted Crown","Thread and Needle"],"acts_visited":["Exordium","TheCity","TheBeyond"],"potions_floor_usage":[32,33,33,42,46,50,50],"damage_taken":[{"damage":0.0,"enemies":"Cultist","floor":2.0,"turns":1.0},{"damage":0.0,"enemies":"Gremlin Nob","floor":3.0,"turns":1.0},{"damage":0.0,"enemies":"Jaw Worm","floor":5.0,"turns":1.0},{"damage":5.0,"enemies":"downfall:FleeingMerchant","floor":6.0,"turns":4.0},{"damage":0.0,"enemies":"2 Louse","floor":8.0,"turns":1.0},{"damage":11.0,"enemies":"Gremlin Gang","floor":9.0,"turns":2.0},{"damage":6.0,"enemies":"3 Louse","floor":11.0,"turns":2.0},{"damage":0.0,"enemies":"Blue Slaver","floor":14.0,"turns":2.0},{"damage":6.0,"enemies":"Red Slaver","floor":15.0,"turns":2.0},{"damage":29.0,"enemies":"DF_ARCHETYPE_STREAMLINE","floor":16.0,"turns":9.0},{"damage":2.0,"enemies":"Chosen","floor":19.0,"turns":3.0},{"damage":52.0,"enemies":"Shelled Parasite and Fungi","floor":20.0,"turns":4.0},{"damage":20.0,"enemies":"Snecko","floor":22.0,"turns":4.0},{"damage":0,"enemies":"downfall:FleeingMerchant","floor":25,"turns":4},{"damage":6,"enemies":"Cultist and Chosen","floor":27,"turns":4},{"damage":24,"enemies":"Sentry and Sphere","floor":31,"turns":5},{"damage":6,"enemies":"Shelled Parasite and Fungi","floor":32,"turns":4},{"damage":28,"enemies":"IC_MUSHROOM_ARCHETYPE","floor":33,"turns":6},{"damage":0,"enemies":"Orb Walker","floor":36,"turns":2},{"damage":16,"enemies":"3 Shapes","floor":38,"turns":1},{"damage":8,"enemies":"Writhing Mass","floor":39,"turns":5},{"damage":0,"enemies":"Transient","floor":42,"turns":5},{"damage":9,"enemies":"Maw","floor":46,"turns":6},{"damage":42,"enemies":"Spire Growth","floor":48,"turns":5},{"damage":18,"enemies":"4 Shapes","floor":49,"turns":4},{"damage":4,"enemies":"SI_POISON_ARCHETYPE","floor":50,"turns":10}],"seed_played":"6749118764228294645","potions_obtained":[{"floor":8.0,"key":"Fire Potion"},{"floor":9.0,"key":"GamblersBrew"},{"floor":11.0,"key":"LifebloodPotion"},{"floor":13.0,"key":"Languid Potion"},{"floor":16.0,"key":"Venom Potion"},{"floor":19.0,"key":"EssenceOfSteel"},{"floor":27,"key":"Fire Potion"},{"floor":32,"key":"Swift Potion"},{"floor":39,"key":"Explosive Potion"},{"floor":46,"key":"Doom Potion"},{"floor":49,"key":"LiquidBronze"}],"is_trial":false,"path_per_floor":["R","M","?","?","M","$","T","M","M","R","M","R","?","M","M","B",null,"R","M","M","T","M","R","T","$","?","M","R","?","R","M","M","B",null,"R","M","?","M","M","?","T","M","$","R","$","M","R","M","M","B",null],"character_chosen":"THE_AUTOMATON","items_purchased":["bronze:WhirlingStrike+1","bronze:Boost+1","Replay:SS_hec_1","Replay:SS_forest_2","expansioncontent:StudyTheSpire"],"campfire_rested":2,"item_purchase_floors":[6,25,25,43,43],"current_hp_per_floor":[70,70,70,70,70,65,65,65,61,61,55,55,55,62,63,41,70,70,70,25,25,12,46,46,46,46,47,71,71,71,57,61,43,80,80,80,80,64,66,66,66,76,76,76,76,71,71,29,21,27],"gold":88,"neow_bonus":"THREE_ENEMY_KILL","is_daily":false,"chose_seed":false,"campfire_upgraded":5,"win_rate":0.0,"timestamp":1612101719,"path_taken":["R","?","?","?","M","$","T","?","M","R","M","R","?","M","M","BOSS","R","M","M","?","M","R","T","$","?","M","R","?","R","M","M","BOSS","R","M","?","M","M","?","T","M","$","R","$","?","R","M","M","BOSS"],"items_purchased_type":["Card","Card","Card","Card","Card"],"build_version":"2020-12-22","purchased_purges":3,"victory":true,"max_hp_per_floor":[70,70,70,70,70,70,70,70,70,70,70,70,70,70,70,70,70,70,70,70,70,70,80,80,80,80,80,80,80,80,80,80,80,80,80,80,80,80,80,80,80,80,80,80,80,80,80,80,80,80],"card_choices":[{"not_picked":["bronze:Deprecate","bronze:WildBeam"],"picked":"bronze:Return","floor":2.0},{"not_picked":["bronze:Invalidate","bronze:BuggyMess"],"picked":"bronze:OilSpill","floor":3.0},{"not_picked":["bronze:CutThrough","bronze:Separator"],"picked":"bronze:Overheat","floor":5.0},{"not_picked":["bronze:BronzeOrb","bronze:DelayedGuard"],"picked":"bronze:SpaghettiCode","floor":6.0},{"not_picked":["bronze:OilSpill","bronze:BugBarrage"],"picked":"bronze:Repair","floor":8.0},{"not_picked":["bronze:Turbo","bronze:Iterate","bronze:WhirlingStrike"],"picked":"SKIP","floor":9.0},{"not_picked":["bronze:Constructor","bronze:Turbo","bronze:Philosophize"],"picked":"SKIP","floor":11.0},{"not_picked":["bronze:BugBarrage","bronze:Shield"],"picked":"bronze:ChosenStrike","floor":13.0},{"not_picked":["bronze:BugBarrage","bronze:BitShift"],"picked":"bronze:FollowUp","floor":14.0},{"not_picked":["bronze:Frontload","bronze:Allocate","bronze:Iterate"],"picked":"SKIP","floor":15.0},{"not_picked":["bronze:Assembly","bronze:InfiniteLoop"],"picked":"bronze:Library","floor":16.0},{"not_picked":["bronze:Constructor+1","bronze:Invalidate","bronze:Deprecate"],"picked":"SKIP","floor":19.0},{"not_picked":["bronze:OilSpill+1","bronze:Safeguard+1","bronze:BugBarrage"],"picked":"SKIP","floor":20.0},{"not_picked":["bronze:DelayedGuard","bronze:Deprecate","bronze:WildBeam+1"],"picked":"SKIP","floor":22.0},{"not_picked":["bronze:AlphaBuild","bronze:CloningBeam"],"picked":"bronze:Shell+1","floor":25},{"not_picked":["bronze:DelayedGuard+1","bronze:DelayedSlice"],"picked":"bronze:ForceShield+1","floor":27},{"not_picked":["bronze:Overload+1","bronze:Backtrace","bronze:BugBarrage"],"picked":"SKIP","floor":31},{"not_picked":["bronze:Separator","bronze:CleanCode","bronze:Constructor+1"],"picked":"SKIP","floor":32},{"not_picked":["bronze:AlphaBuild","bronze:CleanCode"],"picked":"bronze:RecursiveStrike","floor":33},{"not_picked":[],"picked":"bronze:Turbo+1","floor":36},{"not_picked":["expansioncontent:DecaShield","expansioncontent:Hexaburn"],"picked":"expansioncontent:YouAreMine","floor":37},{"not_picked":["bronze:MaxOutput"],"picked":"SKIP","floor":38},{"not_picked":["bronze:OilSpill"],"picked":"SKIP","floor":39},{"not_picked":["bronze:DelayedGuard+1"],"picked":"SKIP","floor":42},{"not_picked":["bronze:Fortify"],"picked":"SKIP","floor":46},{"not_picked":["bronze:CloningBeam"],"picked":"SKIP","floor":48},{"not_picked":["bronze:CloningBeam+1"],"picked":"SKIP","floor":49}],"player_experience":221771,"relics_obtained":[{"floor":1.0,"key":"Replay:Baseball"},{"floor":3.0,"key":"Bag of Marbles"},{"floor":7.0,"key":"Replay:Bottled Snecko"},{"floor":24.0,"key":"Toxic Egg 2"},{"floor":41,"key":"Thread and Needle"}],"event_choices":[],"is_beta":false,"boss_relics":[{"not_picked":["Abe\u0027s Treasure","bronze:PlatinumCore"],"picked":"SlaversCollar"},{"not_picked":["Replay:Bronze Core","ChewingGum"],"picked":"Busted Crown"}],"items_purged_floors":[6,25,43],"is_endless":false,"potions_floor_spawned":[8,9,11,15,16,19,27,32,39,46,49],"ascension_level":3}}