{"host":"g76rhe4j5kh9hdf9","time":1612130196,"event":{"mods":["Act Like it!","BaseMod","Bestiary","Better Third Choice","Downfall","GifTheSpireLib","Minty Spire (QoL Compilation)","Relic Stats","Spicy Shops","StSLib"],"gold_per_floor":[99,109,124,34,19,19,19,34,49,74,74,74,94,112,122,225,225,225,238,238,238,249,134,182,82,111,31,31,31,31,13,30,127,127,127,138,151,203,203,203,203,3,3,14,14,33,33,33,43,43,43,72,72,72,72,72],"floor_reached":57,"language":"ENG","playtime":4710,"items_purged":["champ:Defend","champ:Strike","champ:Strike"],"score":1395,"play_id":"cf83fa74-b058-4a00-a2ac-f0e417240f55","local_time":"20210131135636","is_ascension_mode":true,"campfire_choices":[{"data":"champ:Execute","floor":1,"key":"SMITH"},{"data":"champ:Strike","floor":12,"key":"SMITH"},{"data":"champ:StrikeOfGenius","floor":18,"key":"SMITH"},{"data":"champ:BerserkersShout","floor":25,"key":"SMITH"},{"data":"1","floor":28,"key":"LIFT"},{"floor":30,"key":"REST"},{"floor":35,"key":"RECALL"},{"data":"2","floor":42,"key":"LIFT"},{"data":"3","floor":47,"key":"LIFT"},{"data":"champ:Endure","floor":54,"key":"SMITH"}],"circlet_count":0,"master_deck":["champ:Strike+1","champ:Defend","champ:Defend","champ:Defend","champ:Execute+1","champ:Taunt","champ:Endure+1","champ:FanOfKnives","champ:Duel+1","champ:AdrenalArmor","champ:Duel+1","champ:EnragedBash+1","champ:StrikeOfGenius+1","champ:BerserkersShout+1","champ:FocusedBerserking","champ:IgnorePain+1","champ:BerserkersShout+1","champ:ShieldSigil+1","champ:HeartStrike+1","champ:IgnorePain"],"relics":["Sozu","Molten Egg 2","CaptainsWheel","Runic Pyramid","sneckomod:BlankCard","downfall:HeartBlessingGreen","Ginger","Girya","Enchiridion","Sundial","Velvet Choker","Incense Burner","Thread and Needle","downfall:HeartBlessingRed","downfall:HeartBlessingBlue","Dead Branch","Ice Cream"],"acts_visited":["Exordium","TheCity","TheBeyond","TheEnding"],"potions_floor_usage":[],"damage_taken":[{"damage":10,"enemies":"Cultist","floor":2,"turns":3},{"damage":11,"enemies":"Jaw Worm","floor":3,"turns":3},{"damage":22,"enemies":"downfall:FleeingMerchant","floor":4,"turns":4},{"damage":27,"enemies":"downfall:FleeingMerchant","floor":5,"turns":4},{"damage":0,"enemies":"2 Louse","floor":8,"turns":2},{"damage":15,"enemies":"Red Slaver","floor":9,"turns":3},{"damage":41,"enemies":"3 Sentries","floor":10,"turns":8},{"damage":10,"enemies":"Blue Slaver","floor":13,"turns":2},{"damage":30,"enemies":"Large Slime","floor":14,"turns":4},{"damage":27,"enemies":"Exordium Wildlife","floor":15,"turns":3},{"damage":80,"enemies":"DF_ARCHETYPE_STREAMLINE","floor":16,"turns":9},{"damage":30,"enemies":"Spheric Guardian","floor":19,"turns":3},{"damage":40,"enemies":"Snecko","floor":22,"turns":5},{"damage":50,"enemies":"downfall:FleeingMerchant","floor":23,"turns":4},{"damage":114,"enemies":"Gremlin Leader","floor":26,"turns":5},{"damage":65,"enemies":"downfall:FleeingMerchant","floor":27,"turns":4},{"damage":0,"enemies":"downfall:FleeingMerchant","floor":31,"turns":1},{"damage":25,"enemies":"Sentry and Sphere","floor":32,"turns":3},{"damage":65,"enemies":"SI_MIRROR_ARCHETYPE","floor":33,"turns":6},{"damage":41,"enemies":"3 Darklings","floor":36,"turns":4},{"damage":30,"enemies":"3 Shapes","floor":37,"turns":2},{"damage":66,"enemies":"2 Orb Walkers","floor":38,"turns":4},{"damage":60,"enemies":"Writhing Mass","floor":44,"turns":4},{"damage":37,"enemies":"3 Darklings","floor":46,"turns":4},{"damage":42,"enemies":"Maw","floor":49,"turns":6},{"damage":166,"enemies":"IC_BLOCK_ARCHETYPE","floor":50,"turns":7},{"damage":85,"enemies":"downfall:CharBossMerchant","floor":52,"turns":6},{"damage":80,"enemies":"downfall:NeowBoss","floor":55,"turns":12},{"damage":154,"enemies":"downfall:NeowBossFinal","floor":56,"turns":11}],"seed_played":"-4474695577537162601","potions_obtained":[],"is_trial":false,"path_per_floor":["R","M","M","$","$","?","T","M","M","E","?","R","M","M","M","B",null,"R","M","?","?","M","$","T","R","E","$","R","?","R","$","M","B",null,"R","M","M","?","$","?","T","R","?","M","?","M","R","T","M","B",null,"E","$","R","B","B",null],"character_chosen":"THE_CHAMP","items_purchased":["Girya","Sundial"],"campfire_rested":1,"item_purchase_floors":[27,31],"current_hp_per_floor":[90,90,89,87,85,90,90,90,90,89,89,89,89,89,87,87,95,95,95,95,95,80,80,80,80,51,51,51,35,63,63,63,63,95,95,95,95,79,79,79,79,89,89,99,99,105,105,105,105,105,105,105,105,105,105,105],"gold":72,"neow_bonus":"BOSS_RELIC","is_daily":false,"chose_seed":false,"campfire_upgraded":5,"win_rate":0.0,"timestamp":1612130196,"path_taken":["R","M","M","?","$","?","T","M","M","E","?","R","M","?","M","BOSS","R","M","?","?","M","$","T","R","E","$","R","?","R","?","M","BOSS","R","M","M","?","$","?","T","R","?","?","?","?","R","?","M","BOSS","E","$","R","BOSS","BOSS"],"items_purchased_type":["Relic","Relic"],"build_version":"2020-12-22","purchased_purges":3,"victory":true,"max_hp_per_floor":[90,90,90,90,90,95,95,95,95,95,95,95,95,95,95,95,95,95,95,95,95,95,95,95,95,95,95,95,95,95,95,95,95,95,95,95,95,95,95,95,95,105,105,105,105,105,105,105,105,105,105,105,105,105,105,105],"relic_stats":{"Sozu":16,"counters":[29,136],"Sundial":[8],"Dead Branch":[51],"Ginger":[26],"obtain_stats":[{"Ice Cream":52,"Girya":27,"downfall:HeartBlessingRed":42,"sneckomod:BlankCard":24,"Dead Branch":48,"Enchiridion":29,"Velvet Choker":34,"champ:ChampionCrown":0,"downfall:HeartBlessingGreen":25,"Thread and Needle":41,"Incense Burner":38,"Ginger":26,"Sozu":0,"CaptainsWheel":10,"Sundial":31,"downfall:HeartBlessingBlue":42,"Molten Egg 2":7,"Runic Pyramid":17},{"Ice Cream":27,"Girya":16,"downfall:HeartBlessingRed":22,"sneckomod:BlankCard":14,"Dead Branch":24,"Enchiridion":16,"Velvet Choker":19,"champ:ChampionCrown":0,"downfall:HeartBlessingGreen":14,"Thread and Needle":22,"Incense Burner":22,"Ginger":15,"Sozu":0,"CaptainsWheel":7,"Sundial":17,"downfall:HeartBlessingBlue":22,"Molten Egg 2":4,"Runic Pyramid":11},{"Ice Cream":113,"Girya":66,"downfall:HeartBlessingRed":86,"sneckomod:BlankCard":57,"Dead Branch":94,"Enchiridion":66,"Velvet Choker":76,"champ:ChampionCrown":0,"downfall:HeartBlessingGreen":57,"Thread and Needle":86,"Incense Burner":86,"Ginger":62,"Sozu":0,"CaptainsWheel":27,"Sundial":67,"downfall:HeartBlessingBlue":86,"Molten Egg 2":14,"Runic Pyramid":45}]},"card_choices":[{"not_picked":["champ:FlashCut","champ:BerserkersShout"],"picked":"champ:Endure","floor":2},{"not_picked":["champ:Backstep","champ:SwordSigil","champ:StanceDance"],"picked":"SKIP","floor":3},{"not_picked":["champ:CrownThrow","champ:GutPunch","champ:EnGarde"],"picked":"SKIP","floor":4},{"not_picked":["champ:DefensiveShout","champ:PreciseThrust"],"picked":"champ:FanOfKnives","floor":5},{"not_picked":["champ:GladiatorStyle","champ:ShieldSigil"],"picked":"champ:Duel+1","floor":8},{"not_picked":["champ:MurderStrike+1","champ:FocusedDefense"],"picked":"champ:AdrenalArmor","floor":9},{"not_picked":["champ:CrownThrow+1","champ:Haymaker+1","champ:ShieldSigil"],"picked":"SKIP","floor":10},{"not_picked":["champ:DefensiveShout","champ:IronFortress","champ:Backstep"],"picked":"SKIP","floor":13},{"not_picked":["champ:FocusedBerserking","champ:CalledShot"],"picked":"champ:EnragedBash+1","floor":14},{"not_picked":["champ:EnGarde","champ:Parry","champ:ShieldSigil"],"picked":"SKIP","floor":15},{"not_picked":["champ:Improvising","champ:DancingMaster"],"picked":"champ:StrikeOfGenius","floor":16},{"not_picked":["champ:EnGarde","champ:PreciseThrust+1"],"picked":"champ:BerserkersShout","floor":19},{"not_picked":["champ:Shatter+1","champ:Backstep+1"],"picked":"champ:FocusedBerserking","floor":22},{"not_picked":["champ:Shatter+1","champ:RecklessLeap+1","champ:EnGarde"],"picked":"SKIP","floor":23},{"not_picked":["champ:ShieldThrow+1","champ:PreciseThrust+1","champ:Backstep+1"],"picked":"SKIP","floor":26},{"not_picked":["champ:ShieldSigil","champ:RecklessLeap+1","champ:CrownThrow+1"],"picked":"SKIP","floor":27},{"not_picked":["champ:FlashCut+1","champ:GutPunch+1","champ:CrownThrow+1"],"picked":"SKIP","floor":31},{"not_picked":["champ:BladeFlurry+1","champ:HoldFirm","champ:SetATrap"],"picked":"SKIP","floor":32},{"not_picked":["champ:CheapShot+1","champ:VampiricStrike+1"],"picked":"champ:IgnorePain","floor":33},{"not_picked":["champ:Shatter+1","champ:Haymaker+1","champ:Encircle+1"],"picked":"SKIP","floor":36},{"not_picked":["champ:GladiatorStyle+1","champ:StanceDance+1"],"picked":"champ:BerserkersShout+1","floor":37},{"not_picked":["champ:FalseCounter+1","champ:EnGarde"],"picked":"champ:ShieldSigil+1","floor":44},{"not_picked":["champ:RisingSlash+1","champ:HeavySlash+1","champ:FalseCounter+1"],"picked":"SKIP","floor":46},{"not_picked":["champ:ArenaPreparation","champ:ShieldSigil+1"],"picked":"champ:HeartStrike+1","floor":49},{"not_picked":["champ:FanOfKnives+1","champ:DefensiveShout"],"picked":"champ:IgnorePain","floor":52}],"player_experience":587412,"relics_obtained":[{"floor":7,"key":"Molten Egg 2"},{"floor":10,"key":"CaptainsWheel"},{"floor":24,"key":"sneckomod:BlankCard"},{"floor":26,"key":"Ginger"},{"floor":29,"key":"Enchiridion"},{"floor":38,"key":"Incense Burner"},{"floor":41,"key":"Thread and Needle"},{"floor":48,"key":"Dead Branch"},{"floor":52,"key":"Ice Cream"}],"event_choices":[{"damage_healed":0,"gold_gain":0,"player_choice":"Donut","damage_taken":0,"max_hp_gain":5,"max_hp_loss":0,"event_name":"Big Fish","floor":6,"gold_loss":0},{"damage_healed":0,"gold_gain":0,"player_choice":"Fight","damage_taken":0,"max_hp_gain":0,"max_hp_loss":0,"event_name":"Mysterious Sphere","floor":38,"gold_loss":0},{"damage_healed":0,"gold_gain":0,"player_choice":"Forge","damage_taken":0,"max_hp_gain":0,"max_hp_loss":0,"event_name":"Accursed Blacksmith","floor":43,"gold_loss":0,"cards_upgraded":["champ:IgnorePain"]},{"damage_healed":0,"gold_gain":0,"player_choice":"Got Potions","damage_taken":0,"max_hp_gain":0,"max_hp_loss":0,"event_name":"Lab","floor":45,"gold_loss":0}],"is_beta":false,"boss_relics":[{"not_picked":["Calling Bell","Cursed Key"],"picked":"Runic Pyramid"},{"not_picked":["SacredBark","Black Star"],"picked":"Velvet Choker"}],"items_purged_floors":[4,23,31],"is_endless":false,"potions_floor_spawned":[3,9,13,14,15,16,19,32,33,37,38,44,52],"ascension_level":2}}