{"host":"rolltorest","time":1612058981,"event":{"mods":["BaseMod","Gremlin Mod","Jorbs\u0027s Wanderer Trilogy","Koishi","Minty Spire (QoL Compilation)","Relic Stats","Robot Space Explorer","Slay the Relics Exporter","StSLib","The Servant 0.9.4"],"gold_per_floor":[99,99,99,99,99,99,99,99,99,99,99,99,99,99,99,99,99,99,99,4,4,4,4,0,0,0,0,0,0,0,0,0,0,0,0,0,0,0,0,0,0,0,0,0,0,0,0,0,0,0,0],"floor_reached":50,"language":"ENG","playtime":1555,"items_purged":[],"score":1302,"play_id":"bb3598c5-094a-44d1-ae8d-c6ccadfb5f39","local_time":"20210130180941","is_ascension_mode":true,"campfire_choices":[{"data":"Gremlin:CounterStrike","floor":6,"key":"SMITH"},{"data":"Gremlin:CatScratch","floor":8,"key":"SMITH"},{"data":"Gremlin:DaggerDance","floor":15,"key":"SMITH"},{"floor":27,"key":"REST"},{"data":"Gremlin:Nob","floor":32,"key":"SMITH"},{"floor":44,"key":"REST"},{"data":"Gremlin:GlitterGuard","floor":46,"key":"SMITH"},{"floor":49,"key":"RECALL"}],"circlet_count":0,"master_deck":["AscendersBane","Gremlin:Strike+1","Gremlin:Strike+1","Gremlin:Strike+1","Gremlin:Strike+1","Gremlin:Defend+1","Gremlin:Defend+1","Gremlin:Defend+1","Gremlin:Defend+1","Gremlin:TagTeam","Gremlin:GremlinDance","Gremlin:FeelTheAudience+1","Gremlin:Tadah","Gremlin:CounterStrike+1","Gremlin:CatScratch+1","Gremlin:FlipOut","Gremlin:Presto","Gremlin:TwistTheKnife","Gremlin:DaggerDance+1","Gremlin:Nob+1","Gremlin:Revel","Gremlin:Flurry","Gremlin:BulkUp","Gremlin:GremlinArms","Gremlin:GlitterGuard+1","Gremlin:FeelTheAudience","Gremlin:Tricksy","Gremlin:Pretaliation","Decay","Gremlin:ShadowShiv","Gremlin:Enthusiasm","Writhe","Gremlin:Mockery+1","Gremlin:Irritability+1","Deep Breath+1","Gremlin:ProperTools"],"relics":["Ectoplasm","Dream Catcher","MawBank","FaceOfCleric","HornCleat","Busted Crown","Orichalcum","MealTicket","Gremlin:WizardStaff","Smiling Mask","SlaversCollar","Ginger","Bag of Marbles","Toxic Egg 2","Blood Vial"],"acts_visited":["Exordium","TheCity","TheBeyond"],"potions_floor_usage":[12,13,23,29,29,36,50],"damage_taken":[{"damage":0,"enemies":"2 Louse","floor":1,"turns":5},{"damage":0,"enemies":"Cultist","floor":3,"turns":3},{"damage":0,"enemies":"Jaw Worm","floor":5,"turns":3},{"damage":0,"enemies":"3 Sentries","floor":7,"turns":4},{"damage":0,"enemies":"Exordium Thugs","floor":10,"turns":2},{"damage":0,"enemies":"2 Fungi Beasts","floor":12,"turns":2},{"damage":0,"enemies":"Exordium Wildlife","floor":13,"turns":2},{"damage":9,"enemies":"Gremlin Nob","floor":14,"turns":3},{"damage":15,"enemies":"Hexaghost","floor":16,"turns":9},{"damage":0,"enemies":"Chosen","floor":18,"turns":3},{"damage":19,"enemies":"Slavers","floor":23,"turns":5},{"damage":0,"enemies":"2 Thieves","floor":24,"turns":3},{"damage":0,"enemies":"Centurion and Healer","floor":28,"turns":3},{"damage":1,"enemies":"Book of Stabbing","floor":29,"turns":5},{"damage":33,"enemies":"Champ","floor":33,"turns":8},{"damage":0,"enemies":"Orb Walker","floor":35,"turns":4},{"damage":0,"enemies":"2 Orb Walkers","floor":36,"turns":4},{"damage":25,"enemies":"3 Darklings","floor":37,"turns":4},{"damage":0,"enemies":"Maw","floor":38,"turns":5},{"damage":0,"enemies":"Nemesis","floor":40,"turns":5},{"damage":31,"enemies":"Giant Head","floor":42,"turns":7},{"damage":30,"enemies":"Reptomancer","floor":47,"turns":7},{"damage":0,"enemies":"Transient","floor":48,"turns":6},{"damage":52,"enemies":"Donu and Deca","floor":50,"turns":6}],"seed_played":"4529584188174556869","potions_obtained":[{"floor":1,"key":"Block Potion"},{"floor":5,"key":"Explosive Potion"},{"floor":13,"key":"Explosive Potion"},{"floor":14,"key":"Dexterity Potion"},{"floor":24,"key":"SneckoOil"},{"floor":33,"key":"GamblersBrew"},{"floor":35,"key":"DistilledChaos"},{"floor":42,"key":"LiquidBronze"},{"floor":48,"key":"LiquidMemories"}],"is_trial":false,"path_per_floor":["M","?","M","?","M","R","E","R","T","M","?","M","M","E","R","B",null,"M","?","$","$","?","E","M","R","T","R","M","E","?","?","R","B",null,"M","?","M","M","?","E","R","E","T","R","?","R","E","M","R","B"],"character_chosen":"GREMLIN","items_purchased":["Gremlin:Flurry","Gremlin:BulkUp"],"campfire_rested":2,"item_purchase_floors":[20,20],"current_hp_per_floor":[19,19,19,13,13,13,19,19,19,19,19,20,21,13,13,19,22,23,23,23,23,23,4,5,5,5,12,13,13,13,13,13,26,28,28,29,25,26,32,33,32,2,2,11,11,11,4,7,7,13,13],"gold":0,"neow_bonus":"BOSS_RELIC","is_daily":false,"chose_seed":false,"campfire_upgraded":5,"win_rate":0.0,"timestamp":1612058981,"path_taken":["M","?","?","?","M","R","E","R","T","M","?","?","M","E","R","BOSS","M","?","?","$","?","E","?","R","T","R","M","E","?","?","R","BOSS","M","?","M","M","?","E","R","E","T","R","?","R","E","M","R","BOSS"],"items_purchased_type":["Card","Card"],"build_version":"2020-12-18","purchased_purges":0,"victory":false,"max_hp_per_floor":[19,19,19,19,19,19,19,19,19,19,19,20,21,22,22,23,23,24,24,24,24,24,25,26,25,25,25,26,27,27,27,27,28,28,29,30,31,32,32,33,32,33,33,33,33,33,34,35,35,35,35],"relic_stats":{"Blood Vial":4,"Dream Catcher":2,"Busted Crown":34,"FaceOfCleric":18,"counters":[24,108],"MealTicket":0,"Ectoplasm":1127,"Ginger":[10],"Orichalcum":[108],"MawBank":0,"Smiling Mask":0,"obtain_stats":[{"Ginger":36,"Orichalcum":19,"MawBank":9,"Smiling Mask":29,"Blood Vial":47,"SlaversCollar":34,"Dream Catcher":7,"HornCleat":14,"Busted Crown":17,"FaceOfCleric":11,"Gremlin:GremlinKnob":0,"MealTicket":23,"Ectoplasm":0,"Bag of Marbles":40,"Toxic Egg 2":42,"Gremlin:WizardStaff":26},{"Ginger":17,"Orichalcum":10,"MawBank":4,"Smiling Mask":14,"Blood Vial":22,"SlaversCollar":15,"Dream Catcher":4,"HornCleat":8,"Busted Crown":9,"FaceOfCleric":5,"Gremlin:GremlinKnob":0,"MealTicket":11,"Ectoplasm":0,"Bag of Marbles":20,"Toxic Egg 2":21,"Gremlin:WizardStaff":12},{"Ginger":68,"Orichalcum":36,"MawBank":15,"Smiling Mask":52,"Blood Vial":96,"SlaversCollar":60,"Dream Catcher":15,"HornCleat":24,"Busted Crown":33,"FaceOfCleric":17,"Gremlin:GremlinKnob":0,"MealTicket":41,"Ectoplasm":0,"Bag of Marbles":82,"Toxic Egg 2":89,"Gremlin:WizardStaff":44}]},"card_choices":[{"not_picked":["Gremlin:Flurry","Gremlin:Tricksy"],"picked":"Gremlin:FeelTheAudience","floor":1},{"not_picked":["Gremlin:ShowOfHands","Gremlin:SharpenBlades"],"picked":"Gremlin:Tadah","floor":3},{"not_picked":["Gremlin:Flurry","Gremlin:Presto"],"picked":"Gremlin:CounterStrike","floor":5},{"not_picked":["Gremlin:Astound","Gremlin:InfiniteBlocks"],"picked":"Gremlin:CatScratch","floor":7},{"not_picked":["Gremlin:Scatter","Gremlin:GlitterGuard"],"picked":"Gremlin:FlipOut","floor":10},{"not_picked":["Gremlin:GremlinMeal","Gremlin:Polish"],"picked":"Gremlin:Presto","floor":12},{"not_picked":["Gremlin:Tadah","Gremlin:ShowOfHands"],"picked":"Gremlin:TwistTheKnife","floor":13},{"not_picked":["Gremlin:PartyStick","Gremlin:SharpenBlades"],"picked":"Gremlin:DaggerDance","floor":14},{"not_picked":["Gremlin:SecondVolley","Gremlin:Erupt"],"picked":"Gremlin:Nob","floor":16},{"not_picked":[],"picked":"Gremlin:Revel","floor":18},{"not_picked":[],"picked":"Gremlin:GremlinArms","floor":23},{"not_picked":[],"picked":"Gremlin:GlitterGuard","floor":24},{"not_picked":[],"picked":"Gremlin:FeelTheAudience","floor":27},{"not_picked":[],"picked":"Gremlin:Tricksy","floor":28},{"not_picked":[],"picked":"Gremlin:Pretaliation","floor":29},{"not_picked":[],"picked":"Gremlin:ShadowShiv","floor":33},{"not_picked":[],"picked":"Gremlin:Enthusiasm","floor":35},{"not_picked":["Gremlin:Enthusiasm"],"picked":"SKIP","floor":37},{"not_picked":["Gremlin:Pretaliation"],"picked":"SKIP","floor":38},{"not_picked":[],"picked":"Gremlin:Mockery+1","floor":40},{"not_picked":["Gremlin:MakeshiftArmor"],"picked":"SKIP","floor":42},{"not_picked":[],"picked":"Gremlin:Irritability+1","floor":44},{"not_picked":[],"picked":"Deep Breath+1","floor":45},{"not_picked":["Gremlin:AggressiveDefense"],"picked":"SKIP","floor":47},{"not_picked":[],"picked":"Gremlin:ProperTools","floor":48}],"player_experience":2354656,"relics_obtained":[{"floor":7,"key":"Dream Catcher"},{"floor":9,"key":"MawBank"},{"floor":14,"key":"HornCleat"},{"floor":19,"key":"Orichalcum"},{"floor":23,"key":"MealTicket"},{"floor":26,"key":"Gremlin:WizardStaff"},{"floor":29,"key":"Smiling Mask"},{"floor":36,"key":"Ginger"},{"floor":40,"key":"Bag of Marbles"},{"floor":42,"key":"Toxic Egg 2"},{"floor":47,"key":"Blood Vial"}],"event_choices":[{"damage_healed":0,"gold_gain":0,"player_choice":"Forge","damage_taken":0,"max_hp_gain":0,"max_hp_loss":0,"event_name":"Accursed Blacksmith","floor":2,"gold_loss":0,"cards_upgraded":["Gremlin:FeelTheAudience"]},{"damage_healed":0,"gold_gain":0,"player_choice":"Entered Light","damage_taken":6,"max_hp_gain":0,"max_hp_loss":0,"event_name":"Shining Light","floor":4,"gold_loss":0,"cards_upgraded":["Gremlin:Defend","Gremlin:Strike"]},{"damage_healed":0,"gold_gain":0,"player_choice":"Trade","damage_taken":0,"relics_obtained":["FaceOfCleric"],"max_hp_gain":0,"max_hp_loss":0,"event_name":"FaceTrader","floor":11,"gold_loss":0},{"damage_healed":0,"gold_gain":0,"player_choice":"Gremlins","damage_taken":0,"max_hp_gain":0,"max_hp_loss":0,"event_name":"Wheel of Change","floor":19,"gold_loss":0},{"damage_healed":0,"gold_gain":0,"player_choice":"Simplicity","damage_taken":0,"max_hp_gain":0,"max_hp_loss":0,"event_name":"Back to Basics","floor":22,"gold_loss":0,"cards_upgraded":["Gremlin:Strike","Gremlin:Strike","Gremlin:Strike","Gremlin:Defend","Gremlin:Defend","Gremlin:Defend"]},{"damage_healed":0,"gold_gain":0,"player_choice":"Ignored","damage_taken":0,"max_hp_gain":0,"max_hp_loss":0,"event_name":"Vampires","floor":30,"gold_loss":0},{"damage_healed":0,"gold_gain":0,"player_choice":"Smashed Altar","damage_taken":0,"max_hp_gain":0,"max_hp_loss":0,"event_name":"Forgotten Altar","floor":31,"gold_loss":0,"cards_obtained":["Decay"]},{"damage_healed":0,"gold_gain":0,"player_choice":"Fight","damage_taken":0,"max_hp_gain":0,"max_hp_loss":0,"event_name":"Mysterious Sphere","floor":36,"gold_loss":0},{"damage_healed":6,"gold_gain":0,"player_choice":"Writhe","damage_taken":0,"max_hp_gain":0,"max_hp_loss":0,"event_name":"Winding Halls","floor":39,"gold_loss":0,"cards_obtained":["Writhe"]},{"damage_healed":0,"gold_gain":0,"player_choice":"Memory 1","damage_taken":0,"max_hp_gain":0,"max_hp_loss":0,"event_name":"SensoryStone","floor":45,"gold_loss":0}],"is_beta":true,"boss_relics":[{"not_picked":["Calling Bell","Runic Dome"],"picked":"Busted Crown"},{"not_picked":["Philosopher\u0027s Stone","Pandora\u0027s Box"],"picked":"SlaversCollar"}],"items_purged_floors":[],"is_endless":false,"potions_floor_spawned":[1,5,7,13,14,24,28,33,35,42,47,48],"killed_by":"Donu and Deca","ascension_level":20}}