{"host":"q6r63elxu27obe7v","time":1612106946,"event":{"mods":["2.2 Compatiblity","AchievementEnabler","BaseMod","CapriCore","DeckTracker","Keyboard Shortcuts","Minty Spire (QoL Compilation)","Permanent Neow","Quick Restart","Replay The Spire","StSLib","SuperFastMode","¡¼?Úª?ø«¡½REMEMod"],"gold_per_floor":[113,127,144,154,6,31,31,31,31],"floor_reached":8,"language":"KOR","playtime":515,"items_purged":[],"score":58,"play_id":"21e71b14-2bcf-4da0-96da-2345270f0e19","local_time":"20210201002906","is_ascension_mode":false,"campfire_choices":[],"circlet_count":0,"master_deck":["Strike_G","Strike_G","Strike_G","Strike_G","Strike_G","Defend_G","Defend_G","Defend_G","Defend_G","Defend_G","Survivor","Neutralize","REME_ProfessionalPlagiarism","Dagger Throw","Backflip","Acrobatics","Quick Slash"],"relics":["Ring of the Snake","REME_ComplimentaryCards","CaptainsWheel","Akabeko","Replay:Accelerometer"],"acts_visited":["Exordium"],"potions_floor_usage":[6,8,8],"damage_taken":[{"damage":3,"enemies":"2 Louse","floor":1,"turns":4},{"damage":0,"enemies":"Small Slimes","floor":2,"turns":1},{"damage":0,"enemies":"Cultist","floor":3,"turns":4},{"damage":3,"enemies":"Red Slaver","floor":4,"turns":4},{"damage":30,"enemies":"3 Sentries","floor":6,"turns":7},{"damage":35,"enemies":"Lagavulin","floor":8,"turns":12}],"seed_played":"2789239946517628894","potions_obtained":[{"floor":2,"key":"PowerPotion"},{"floor":3,"key":"Milkshake"},{"floor":4,"key":"Dexterity Potion"}],"is_trial":false,"path_per_floor":["M","M","M","M","$","E","?","E"],"character_chosen":"THE_SILENT","items_purchased":["Akabeko"],"campfire_rested":0,"item_purchase_floors":[5],"current_hp_per_floor":[60,60,60,57,57,27,27,0,0],"gold":31,"neow_bonus":"ONE_RARE_RELIC","is_daily":false,"chose_seed":false,"campfire_upgraded":0,"win_rate":0.0,"timestamp":1612106946,"path_taken":["M","M","M","M","$","E","?","E"],"items_purchased_type":["Relic"],"build_version":"2020-12-22","purchased_purges":0,"victory":false,"max_hp_per_floor":[63,63,63,63,63,63,63,63,63],"card_choices":[{"not_picked":["Quick Slash","Bane"],"picked":"Dagger Throw","floor":1},{"not_picked":["ReplayTheSpireMod:Speed Training","Dodge and Roll"],"picked":"Backflip","floor":2},{"not_picked":["All Out Attack","ReplayTheSpireMod:Tripwire"],"picked":"Acrobatics","floor":3},{"not_picked":["Dagger Spray","Endless Agony","Dagger Throw"],"picked":"SKIP","floor":4},{"not_picked":["Slice","Bane"],"picked":"Quick Slash","floor":6}],"player_experience":74268,"relics_obtained":[{"floor":6,"key":"Replay:Accelerometer"}],"event_choices":[{"damage_healed":0,"gold_gain":0,"player_choice":"Ignored","damage_taken":0,"max_hp_gain":0,"max_hp_loss":0,"event_name":"Golden Idol","floor":7,"gold_loss":0}],"is_beta":false,"boss_relics":[],"items_purged_floors":[],"is_endless":false,"potions_floor_spawned":[2,3,4],"killed_by":"Lagavulin","ascension_level":0}}