{"host":"072lmn9sfokvtood","time":1612053150,"event":{"mods":["BaseMod","Colored Powertips","Curses Come First","Minty Spire (QoL Compilation)","StSLib"],"gold_per_floor":[114,129,129,129,144,144,174,274,324,324,354,369,369,399,399,499,499,514,514,514,529,328,328,328,343,368,56,86,101,16,116,116,216,216,231,246,278,278,112,112,48,98,98,113,143,143,32,56,56,56,56],"floor_reached":50,"language":"ENG","playtime":3946,"items_purged":["Strike_R","Strike_R","Flame Barrier"],"score":604,"play_id":"c3be07af-7cdf-406e-94ed-e6c9505cd710","local_time":"20210130183230","daily_mods":["Specialized","Colorless Cards","Terminal"],"is_ascension_mode":false,"campfire_choices":[{"data":"Body Slam","floor":6.0,"key":"SMITH"},{"data":"Bash","floor":10.0,"key":"SMITH"},{"floor":15.0,"key":"REST"},{"data":"Berserk","floor":23.0,"key":"SMITH"},{"floor":32.0,"key":"REST"},{"floor":40.0,"key":"REST"},{"floor":46.0,"key":"REST"},{"floor":49.0,"key":"REST"}],"circlet_count":0,"master_deck":["Strike_R","Strike_R","Strike_R","Defend_R","Defend_R+1","Defend_R","Defend_R","Bash+1","Flame Barrier+1","Flame Barrier","Flame Barrier","Body Slam+1","Thunderclap","Mind Blast","Cleave","Flash of Steel","Berserk+1","CurseOfTheBell","Thinking Ahead","J.A.X.","Shrug It Off+1","Combust","Flash of Steel","Flex+1","Metallicize","Enlightenment","Heavy Blade","Mayhem+1","Cleave","Body Slam+1","Fire Breathing+1","Fire Breathing+1","Wild Strike","Good Instincts","Parasite"],"relics":["Burning Blood","Potion Belt","Smiling Mask","Juzu Bracelet","HornCleat","PreservedInsect","Calling Bell","Bag of Preparation","Pear","Charon\u0027s Ashes","Strawberry","Membership Card","Bronze Scales","Gambling Chip","Frozen Egg 2","Peace Pipe","Bottled Flame","Busted Crown","Incense Burner","Lantern","War Paint","Vajra","CeramicFish","OrangePellets"],"acts_visited":["Exordium","TheCity","TheBeyond"],"potions_floor_usage":[50,50],"damage_taken":[{"damage":0.0,"enemies":"Cultist","floor":1.0,"turns":5.0},{"damage":2.0,"enemies":"Jaw Worm","floor":2.0,"turns":4.0},{"damage":0.0,"enemies":"Small Slimes","floor":5.0,"turns":3.0},{"damage":11.0,"enemies":"3 Sentries","floor":7.0,"turns":9.0},{"damage":29.0,"enemies":"Lagavulin","floor":11.0,"turns":9.0},{"damage":6.0,"enemies":"Exordium Wildlife","floor":12.0,"turns":5.0},{"damage":15.0,"enemies":"Gremlin Nob","floor":14.0,"turns":5.0},{"damage":0.0,"enemies":"Hexaghost","floor":16.0,"turns":7.0},{"damage":0.0,"enemies":"3 Byrds","floor":18.0,"turns":1.0},{"damage":10.0,"enemies":"Shell Parasite","floor":21.0,"turns":4.0},{"damage":13.0,"enemies":"Cultist and Chosen","floor":25.0,"turns":5.0},{"damage":11.0,"enemies":"Book of Stabbing","floor":28.0,"turns":4.0},{"damage":19.0,"enemies":"Sentry and Sphere","floor":29.0,"turns":6.0},{"damage":7.0,"enemies":"Colosseum Slavers","floor":31.0,"turns":2.0},{"damage":7.0,"enemies":"Colosseum Nobs","floor":31.0,"turns":3.0},{"damage":62.0,"enemies":"Champ","floor":33.0,"turns":10.0},{"damage":5.0,"enemies":"3 Shapes","floor":35.0,"turns":2.0},{"damage":12.0,"enemies":"3 Darklings","floor":36.0,"turns":4.0},{"damage":27.0,"enemies":"2 Orb Walkers","floor":37.0,"turns":5.0},{"damage":6.0,"enemies":"Maw","floor":44.0,"turns":6.0},{"damage":31.0,"enemies":"Reptomancer","floor":45.0,"turns":5.0},{"damage":13.0,"enemies":"Writhing Mass","floor":48.0,"turns":4.0},{"damage":62,"enemies":"Awakened One","floor":50,"turns":10}],"seed_played":"-828330817948855686","potions_obtained":[{"floor":2.0,"key":"AttackPotion"},{"floor":11.0,"key":"CultistPotion"},{"floor":12.0,"key":"EntropicBrew"},{"floor":13.0,"key":"CultistPotion"},{"floor":13.0,"key":"Regen Potion"},{"floor":13.0,"key":"EntropicBrew"},{"floor":14.0,"key":"DuplicationPotion"},{"floor":16.0,"key":"SteroidPotion"},{"floor":18.0,"key":"PowerPotion"},{"floor":31.0,"key":"LiquidMemories"},{"floor":35.0,"key":"Explosive Potion"},{"floor":45.0,"key":"Explosive Potion"}],"is_trial":false,"path_per_floor":["M","M","?","?","M","R","E","?","T","R","E","M","?","E","R","B",null,"M","?","?","M","$","R","?","M","T","$","E","M","?","?","R","B",null,"M","M","?","?","$","R","$","T","T","M","E","R","$","M","R","B"],"character_chosen":"IRONCLAD","items_purchased":["Combust","Flash of Steel","Membership Card","Metallicize","Bronze Scales","Fire Breathing+1","Lantern","Fire Breathing+1","Wild Strike","OrangePellets","Good Instincts"],"campfire_rested":5,"item_purchase_floors":[22,22,27,27,27,39,39,41,41,47,47],"current_hp_per_floor":[78,77,81,80,79,78,73,73,73,73,50,50,50,41,62,68,77,76,75,74,70,70,70,70,63,70,70,65,52,52,50,69,13,67,66,60,39,39,39,57,57,57,57,57,32,48,48,41,52,0,0],"gold":56,"neow_bonus":"","is_daily":true,"chose_seed":false,"campfire_upgraded":3,"win_rate":0.0,"timestamp":1612053150,"path_taken":["M","M","?","?","?","R","E","?","T","R","E","M","?","E","R","BOSS","M","?","?","M","?","R","?","M","T","$","E","M","?","?","R","BOSS","M","M","?","?","?","R","$","?","T","M","E","R","$","M","R","BOSS"],"items_purchased_type":["Card","Card","Relic","Card","Relic","Card","Relic","Card","Card","Relic","Card"],"build_version":"2020-12-22","purchased_purges":3,"victory":false,"max_hp_per_floor":[78,77,81,80,79,78,77,76,75,74,73,72,71,70,69,68,77,76,75,74,73,72,71,70,69,75,74,73,72,71,70,69,68,67,66,65,64,63,62,61,60,59,58,57,56,55,54,53,52,52,52],"card_choices":[{"not_picked":["Pommel Strike","Uppercut"],"picked":"Flex","floor":1.0},{"not_picked":["Clothesline","Pummel","Searing Blow"],"picked":"SKIP","floor":2.0},{"not_picked":["Hemokinesis","Headbutt"],"picked":"Body Slam","floor":5.0},{"not_picked":["Panacea","Twin Strike"],"picked":"Thunderclap","floor":7.0},{"not_picked":["Headbutt","Flex"],"picked":"Mind Blast","floor":11.0},{"not_picked":["Armaments","Panacea"],"picked":"Cleave","floor":12.0},{"not_picked":["Wild Strike","Ghostly Armor"],"picked":"Flash of Steel","floor":14.0},{"not_picked":["Brutality","Bludgeon"],"picked":"Berserk","floor":16.0},{"not_picked":["Warcry","Clothesline"],"picked":"Thinking Ahead","floor":18.0},{"not_picked":["Spot Weakness","Clothesline"],"picked":"Shrug It Off+1","floor":21.0},{"not_picked":["Shrug It Off","Thunderclap"],"picked":"Flex+1","floor":25.0},{"not_picked":["Bludgeon","Good Instincts"],"picked":"Enlightenment","floor":28.0},{"not_picked":["Warcry","Twin Strike","Armaments"],"picked":"SKIP","floor":29.0},{"not_picked":["Clash","Perfected Strike"],"picked":"Heavy Blade","floor":31.0},{"not_picked":["Fiend Fire","Corruption+1"],"picked":"Mayhem+1","floor":33.0},{"not_picked":["Impatience+1"],"picked":"SKIP","floor":35.0},{"not_picked":[],"picked":"Cleave","floor":36.0},{"not_picked":[],"picked":"Body Slam+1","floor":37.0},{"not_picked":["Clothesline"],"picked":"SKIP","floor":44.0},{"not_picked":["Warcry"],"picked":"SKIP","floor":45.0},{"not_picked":["Sword Boomerang+1"],"picked":"SKIP","floor":48.0}],"player_experience":203605,"relics_obtained":[{"floor":7.0,"key":"Smiling Mask"},{"floor":9.0,"key":"Juzu Bracelet"},{"floor":11.0,"key":"HornCleat"},{"floor":14.0,"key":"PreservedInsect"},{"floor":17.0,"key":"Bag of Preparation"},{"floor":17.0,"key":"Pear"},{"floor":17.0,"key":"Charon\u0027s Ashes"},{"floor":26.0,"key":"Strawberry"},{"floor":28.0,"key":"Gambling Chip"},{"floor":31.0,"key":"Peace Pipe"},{"floor":31.0,"key":"Bottled Flame"},{"floor":37.0,"key":"Incense Burner"},{"floor":42.0,"key":"War Paint"},{"floor":43.0,"key":"Vajra"},{"floor":45.0,"key":"CeramicFish"}],"event_choices":[{"damage_healed":0.0,"max_hp_gain":5.0,"max_hp_loss":0.0,"gold_gain":0.0,"event_name":"Big Fish","player_choice":"Donut","floor":3.0,"gold_loss":0.0,"damage_taken":0.0},{"cards_removed":["Flame Barrier"],"damage_healed":0.0,"max_hp_gain":0.0,"max_hp_loss":0.0,"gold_gain":0.0,"event_name":"WeMeetAgain","player_choice":"Gave Card","floor":4.0,"gold_loss":0.0,"damage_taken":0.0,"relics_obtained":["Potion Belt"]},{"damage_healed":0.0,"max_hp_gain":0.0,"max_hp_loss":0.0,"gold_gain":100.0,"event_name":"Golden Shrine","player_choice":"Pray","floor":8.0,"gold_loss":0.0,"damage_taken":0.0},{"damage_healed":0.0,"max_hp_gain":0.0,"max_hp_loss":0.0,"gold_gain":0.0,"event_name":"Lab","player_choice":"Got Potions","floor":13.0,"gold_loss":0.0,"damage_taken":0.0},{"damage_healed":0.0,"max_hp_gain":0.0,"max_hp_loss":0.0,"gold_gain":0.0,"event_name":"Drug Dealer","player_choice":"Obtain J.A.X.","floor":19.0,"gold_loss":0.0,"damage_taken":0.0,"cards_obtained":["J.A.X."]},{"damage_healed":0.0,"max_hp_gain":0.0,"max_hp_loss":0.0,"gold_gain":0.0,"event_name":"Ghosts","player_choice":"Ignored","floor":20.0,"gold_loss":0.0,"damage_taken":0.0},{"damage_healed":0.0,"max_hp_gain":0.0,"max_hp_loss":0.0,"gold_gain":0.0,"event_name":"Beggar","player_choice":"Ignored","floor":24.0,"gold_loss":0.0,"damage_taken":0.0},{"damage_healed":0.0,"max_hp_gain":0.0,"max_hp_loss":0.0,"gold_gain":0.0,"event_name":"Addict","player_choice":"Obtained Relic","floor":30.0,"gold_loss":85.0,"damage_taken":0.0,"relics_obtained":["Frozen Egg 2"]},{"damage_healed":0.0,"max_hp_gain":0.0,"max_hp_loss":0.0,"gold_gain":0.0,"event_name":"Colosseum","player_choice":"Fight","floor":31.0,"gold_loss":0.0,"damage_taken":0.0},{"damage_healed":0.0,"max_hp_gain":0.0,"max_hp_loss":0.0,"gold_gain":0.0,"event_name":"Colosseum","player_choice":"Fought Nobs","floor":31.0,"gold_loss":0.0,"damage_taken":0.0},{"damage_healed":0.0,"max_hp_gain":0.0,"max_hp_loss":0.0,"gold_gain":0.0,"event_name":"Mysterious Sphere","player_choice":"Fight","floor":37.0,"gold_loss":0.0,"damage_taken":0.0},{"cards_removed":["Flex"],"damage_healed":0.0,"max_hp_gain":0.0,"max_hp_loss":0.0,"gold_gain":0.0,"event_name":"Falling","player_choice":"Removed Skill","floor":38.0,"gold_loss":0.0,"damage_taken":0.0}],"is_beta":false,"boss_relics":[{"not_picked":["Coffee Dripper","Runic Dome"],"picked":"Calling Bell"},{"not_picked":["Tiny House","SacredBark"],"picked":"Busted Crown"}],"items_purged_floors":[22,27,39],"is_endless":false,"potions_floor_spawned":[2,11,12,14,16,18,31,31,35,45],"killed_by":"Awakened One","ascension_level":0}}