{"host":"j9ki0s1dicmcfq9y","time":1612065844,"event":{"mods":["BaseMod","Minty Spire (QoL Compilation)","StSLib","The Senshi"],"gold_per_floor":[111,111,124,124,124,124,138,159,184,227,239,326,28,52,52,180,180,199,224,224,224,224,224,243,268,293,318,336,435,473,488,488,607,607,630,630,649,649,649,692,692,374,374,399,417,452,28,46,46,46,46,46,22,60,60,60],"floor_reached":55,"language":"ENG","playtime":4364,"items_purged":["Regret","Writhe"],"score":774,"play_id":"64147629-65cd-4bed-91ff-2ea3d9615b50","local_time":"20210130230404","is_ascension_mode":false,"campfire_choices":[{"data":"theSenshi:RoseThrow","floor":6,"key":"SMITH"},{"floor":15,"key":"REST"},{"floor":23,"key":"RECALL"},{"floor":32,"key":"REST"},{"data":"theSenshi:SailorMercuryAssists","floor":41,"key":"SMITH"},{"data":"theSenshi:SilverCrystal","floor":49,"key":"SMITH"},{"data":"theSenshi:TuxedoMaskAssists","floor":52,"key":"SMITH"}],"circlet_count":0,"master_deck":["theSenshi:SailorKick","theSenshi:SailorKick","theSenshi:SailorKick","theSenshi:SailorKick","theSenshi:SailorBlock","theSenshi:SailorBlock","theSenshi:SailorBlock","theSenshi:SailorBlock","theSenshi:RoseThrow+1","theSenshi:MoonPrismPowerMakeUp+1","theSenshi:LunasBite","theSenshi:TuxedoMaskAssists+1","Injury","theSenshi:SailorJupiterAssists+1","theSenshi:MoonPrincessHalation+1","theSenshi:MoonCrisisMakeUp+1","theSenshi:MoonPunch+1","theSenshi:TallSilhouette","theSenshi:SailorStarHealerAssists","theSenshi:SailorVenusAssists+1","theSenshi:MoonPrincessHalation+1","theSenshi:SailorMercuryAssists+1","theSenshi:MoonPunch+1","theSenshi:SailorSaturnAssists+1","theSenshi:MoonKick+1","theSenshi:SailorSaturnAssists+1","theSenshi:SailorPlanetAttack+1","theSenshi:MoonKick+1","theSenshi:VenusGlamour+1","theSenshi:SilverMoonCrystalPowerKiss+1","theSenshi:MoonTiaraMagic+1","theSenshi:SilverCrystal+1"],"relics":["theSenshi:TransformationBroochRelic","theSenshi:CosmicHeartCompactRelic","Golden Idol","Molten Egg 2","MawBank","InkBottle","theSenshi:HolyGrailRelic","theSenshi:MoonKaleidoScopeRelic","MutagenicStrength","PreservedInsect","Black Star","theSenshi:RoseRelic","theSenshi:CrisisMoonCompactRelic","Membership Card","Bottled Tornado","theSenshi:FeatherClipsRelic","Vajra","Prayer Wheel","theSenshi:ChokerRelic","Bottled Flame","Art of War","theSenshi:CutieMoonRodRelic","Blood Vial"],"acts_visited":["Exordium","TheCity","TheBeyond","TheEnding"],"potions_floor_usage":[28,33,33,40,40,48,50,55,55],"damage_taken":[{"damage":0,"enemies":"2 Louse","floor":1,"turns":2},{"damage":7,"enemies":"Small Slimes","floor":3,"turns":4},{"damage":2,"enemies":"Cultist","floor":7,"turns":4},{"damage":5,"enemies":"2 Fungi Beasts","floor":8,"turns":4},{"damage":31,"enemies":"3 Sentries","floor":10,"turns":8},{"damage":0,"enemies":"3 Louse","floor":14,"turns":3},{"damage":25,"enemies":"The Guardian","floor":16,"turns":12},{"damage":0,"enemies":"3 Byrds","floor":18,"turns":6},{"damage":0,"enemies":"Shell Parasite","floor":19,"turns":7},{"damage":10,"enemies":"Chosen and Byrds","floor":24,"turns":5},{"damage":2,"enemies":"Snecko","floor":25,"turns":4},{"damage":6,"enemies":"Centurion and Healer","floor":27,"turns":8},{"damage":10,"enemies":"Snake Plant","floor":28,"turns":3},{"damage":21,"enemies":"Book of Stabbing","floor":30,"turns":6},{"damage":22,"enemies":"Snecko","floor":31,"turns":6},{"damage":47,"enemies":"Automaton","floor":33,"turns":9},{"damage":17,"enemies":"3 Shapes","floor":35,"turns":5},{"damage":0,"enemies":"Orb Walker","floor":37,"turns":3},{"damage":35,"enemies":"Reptomancer","floor":40,"turns":7},{"damage":10,"enemies":"Transient","floor":44,"turns":5},{"damage":8,"enemies":"Writhing Mass","floor":45,"turns":6},{"damage":16,"enemies":"Nemesis","floor":46,"turns":6},{"damage":9,"enemies":"Sphere and 2 Shapes","floor":48,"turns":5},{"damage":73,"enemies":"Donu and Deca","floor":50,"turns":10},{"damage":49,"enemies":"Shield and Spear","floor":54,"turns":7},{"damage":51,"enemies":"The Heart","floor":55,"turns":2}],"seed_played":"-5408815441317765993","potions_obtained":[{"floor":1,"key":"SpeedPotion"},{"floor":3,"key":"Explosive Potion"},{"floor":10,"key":"Strength Potion"},{"floor":14,"key":"Swift Potion"},{"floor":24,"key":"LiquidMemories"},{"floor":33,"key":"SkillPotion"},{"floor":37,"key":"Block Potion"},{"floor":40,"key":"GamblersBrew"},{"floor":45,"key":"Energy Potion"},{"floor":54,"key":"Dexterity Potion"}],"is_trial":false,"path_per_floor":["M","?","M","?","?","R","M","M","T","E","?","?","$","M","R","B",null,"M","M","?","?","?","R","M","M","T","M","M","?","E","M","R","B",null,"M","?","M","?","?","E","R","$","T","M","M","E","$","M","R","B",null,"R","$","E","B"],"character_chosen":"THE_SENSHI","items_purchased":["theSenshi:MoonPunch+1","theSenshi:HolyGrailRelic","Membership Card","Bottled Tornado","theSenshi:ChokerRelic","theSenshi:SilverMoonCrystalPowerKiss+1","theSenshi:MoonTiaraMagic+1","Bottled Flame","Art of War","Strength Potion"],"campfire_rested":2,"item_purchase_floors":[13,13,42,42,47,47,47,47,47,53],"current_hp_per_floor":[75,75,68,68,68,68,66,61,61,30,30,19,19,19,41,16,75,75,75,75,75,75,75,65,63,63,62,52,52,41,24,46,4,75,68,68,73,75,75,55,55,55,55,61,75,70,70,75,75,18,75,75,75,37,0,0],"gold":60,"neow_bonus":"UPGRADE_CARD","is_daily":false,"chose_seed":false,"campfire_upgraded":4,"win_rate":0.0,"timestamp":1612065844,"path_taken":["M","?","M","?","?","R","?","M","T","E","?","?","?","M","R","BOSS","M","M","?","?","?","R","M","M","T","?","M","?","E","M","R","BOSS","M","?","M","?","?","E","R","$","T","M","M","E","?","M","R","BOSS","R","$","E","BOSS"],"items_purchased_type":["Card","Relic","Relic","Relic","Relic","Card","Card","Relic","Relic","Potion"],"build_version":"2020-12-22","purchased_purges":2,"victory":false,"max_hp_per_floor":[75,75,75,75,75,75,75,75,75,75,75,75,75,75,75,75,75,75,75,75,75,75,75,75,75,75,75,75,75,75,75,75,75,75,75,75,75,75,75,75,75,75,75,75,75,75,75,75,75,75,75,75,75,75,75,75],"card_choices":[{"not_picked":["theSenshi:MoonsReflection","theSenshi:MoonCosmicPowerMakeUp"],"picked":"theSenshi:LunasBite","floor":1},{"not_picked":["theSenshi:SteeledNerves","theSenshi:CrisisMakeUp"],"picked":"theSenshi:TuxedoMaskAssists","floor":3},{"not_picked":["theSenshi:LateForSchool","theSenshi:Sidestep"],"picked":"theSenshi:SailorJupiterAssists+1","floor":7},{"not_picked":["theSenshi:MoonTiaraMagic+1","theSenshi:SteeledNerves"],"picked":"theSenshi:MoonPrincessHalation+1","floor":8},{"not_picked":["theSenshi:SchoolBag","theSenshi:IWillPunishYou"],"picked":"theSenshi:MoonCrisisMakeUp","floor":10},{"not_picked":["theSenshi:TuxedoSmokingBomber+1","theSenshi:NeptunesGrace+1"],"picked":"theSenshi:TallSilhouette","floor":14},{"not_picked":["theSenshi:ChibiMoonsLove","theSenshi:GlimpseOfThePast"],"picked":"theSenshi:SailorStarHealerAssists","floor":16},{"not_picked":["theSenshi:SailorChibiMoonAssists+1","theSenshi:LateForSchool"],"picked":"theSenshi:SailorVenusAssists+1","floor":18},{"not_picked":["theSenshi:MarsPride","theSenshi:MoonsReflection","theSenshi:TuxedoMaskAssists+1"],"picked":"SKIP","floor":19},{"not_picked":["theSenshi:TuxedoSmokingBomber+1","theSenshi:MoonHealingEscalation"],"picked":"theSenshi:SailorMercuryAssists","floor":24},{"not_picked":["theSenshi:SailorJupiterAssists+1","theSenshi:MoonCrisisMakeUp"],"picked":"theSenshi:MoonPunch+1","floor":25},{"not_picked":["theSenshi:LunasBite+1","theSenshi:SchoolBag","theSenshi:SailorMercuryAssists"],"picked":"SKIP","floor":27},{"not_picked":["theSenshi:SchoolBag+1","theSenshi:MoonPower+1"],"picked":"theSenshi:SailorSaturnAssists+1","floor":28},{"not_picked":["theSenshi:MoonsReflection","theSenshi:MoonCosmicPowerMakeUp","theSenshi:HesSoDreamy"],"picked":"SKIP","floor":30},{"not_picked":["theSenshi:TallSilhouette","theSenshi:MercurysCunning+1"],"picked":"theSenshi:MoonKick+1","floor":31},{"not_picked":["theSenshi:SailorCosmosAssists","theSenshi:ChibiMoonsLove"],"picked":"theSenshi:SailorSaturnAssists+1","floor":33},{"not_picked":["theSenshi:TuxedoSmokingBomber+1","theSenshi:MoonsReflection+1"],"picked":"theSenshi:MoonTwilightFlash+1","floor":35},{"not_picked":["theSenshi:SailorStarFighterAssists+1","theSenshi:SailorMercuryAssists+1"],"picked":"theSenshi:SailorPlanetAttack+1","floor":37},{"not_picked":["theSenshi:SailorPlanetAttack+1","theSenshi:HesSoDreamy","theSenshi:SailorSaturnAssists+1"],"picked":"SKIP","floor":40},{"not_picked":["theSenshi:MoonPunch+1","theSenshi:SailorVenusAssists+1"],"picked":"theSenshi:MoonKick+1","floor":44},{"not_picked":["theSenshi:MoonTiaraMagic+1","theSenshi:MoonPower+1"],"picked":"theSenshi:VenusGlamour+1","floor":45},{"not_picked":["theSenshi:SailorVenusAssists+1","theSenshi:Overload+1","theSenshi:OdangoHead"],"picked":"SKIP","floor":46},{"not_picked":["theSenshi:MoonTiaraMagic+1","theSenshi:EncouragingSpeech"],"picked":"theSenshi:SilverCrystal","floor":48},{"not_picked":["theSenshi:EncouragingSpeech+1","theSenshi:MoonPrincessHalation+1","theSenshi:GatheringStrength+1"],"picked":"SKIP","floor":48},{"not_picked":["theSenshi:MoonPunch+1","theSenshi:HesSoDreamy+1","theSenshi:SailorStarFighterAssists+1"],"picked":"SKIP","floor":54}],"player_experience":714555,"relics_obtained":[{"floor":9,"key":"MawBank"},{"floor":10,"key":"InkBottle"},{"floor":30,"key":"PreservedInsect"},{"floor":40,"key":"theSenshi:RoseRelic"},{"floor":40,"key":"theSenshi:CrisisMoonCompactRelic"},{"floor":43,"key":"theSenshi:FeatherClipsRelic"},{"floor":46,"key":"Vajra"},{"floor":46,"key":"Prayer Wheel"},{"floor":54,"key":"theSenshi:CutieMoonRodRelic"},{"floor":54,"key":"Blood Vial"}],"event_choices":[{"damage_healed":0,"gold_gain":0,"player_choice":"Box","damage_taken":0,"relics_obtained":["theSenshi:CosmicHeartCompactRelic"],"max_hp_gain":0,"max_hp_loss":0,"event_name":"Big Fish","floor":2,"gold_loss":0,"cards_obtained":["Regret"]},{"damage_healed":0,"gold_gain":0,"player_choice":"Take Wound","damage_taken":0,"relics_obtained":["Golden Idol"],"max_hp_gain":0,"max_hp_loss":0,"event_name":"Golden Idol","floor":4,"gold_loss":0,"cards_obtained":["Injury"]},{"damage_healed":0,"gold_gain":0,"player_choice":"Gave Potion","damage_taken":0,"relics_obtained":["Molten Egg 2"],"max_hp_gain":0,"max_hp_loss":0,"event_name":"WeMeetAgain","floor":5,"gold_loss":0},{"damage_healed":0,"gold_gain":0,"player_choice":"Grow","damage_taken":0,"max_hp_gain":0,"max_hp_loss":0,"event_name":"Living Wall","floor":11,"gold_loss":0,"cards_upgraded":["theSenshi:MoonCrisisMakeUp"]},{"damage_healed":0,"gold_gain":75,"player_choice":"Gather Gold","damage_taken":11,"max_hp_gain":0,"max_hp_loss":0,"event_name":"World of Goop","floor":12,"gold_loss":0},{"damage_healed":0,"gold_gain":0,"player_choice":"Inject Mutagens","damage_taken":0,"relics_obtained":["MutagenicStrength"],"max_hp_gain":0,"max_hp_loss":0,"event_name":"Drug Dealer","floor":20,"gold_loss":0},{"damage_healed":0,"gold_gain":0,"player_choice":"Ignored","damage_taken":0,"max_hp_gain":0,"max_hp_loss":0,"event_name":"Vampires","floor":21,"gold_loss":0},{"damage_healed":0,"gold_gain":0,"player_choice":"Read","damage_taken":0,"max_hp_gain":0,"max_hp_loss":0,"event_name":"The Library","floor":22,"gold_loss":0,"cards_obtained":["theSenshi:MoonPrincessHalation"]},{"damage_healed":0,"gold_gain":99,"player_choice":"Stole From Cult","damage_taken":0,"max_hp_gain":0,"max_hp_loss":0,"event_name":"Nest","floor":29,"gold_loss":0},{"damage_healed":0,"gold_gain":0,"player_choice":"Ignored","damage_taken":0,"max_hp_gain":0,"max_hp_loss":0,"event_name":"The Moai Head","floor":36,"gold_loss":0},{"damage_healed":19,"gold_gain":0,"player_choice":"Writhe","damage_taken":0,"max_hp_gain":0,"max_hp_loss":0,"event_name":"Winding Halls","floor":38,"gold_loss":0,"cards_obtained":["Writhe"]},{"cards_removed":["theSenshi:MoonTwilightFlash"],"damage_healed":0,"gold_gain":0,"player_choice":"Removed Attack","damage_taken":0,"max_hp_gain":0,"max_hp_loss":0,"event_name":"Falling","floor":39,"gold_loss":0}],"is_beta":false,"boss_relics":[{"not_picked":["Velvet Choker","Pandora\u0027s Box"],"picked":"theSenshi:MoonKaleidoScopeRelic"},{"not_picked":["Runic Pyramid","Runic Dome"],"picked":"Black Star"}],"items_purged_floors":[42,47],"is_endless":false,"potions_floor_spawned":[1,3,10,14,18,24,33,37,40,45,54],"killed_by":"The Heart","ascension_level":0}}