{"host":"Bilverbakes","time":1612118850,"event":{"mods":["2.2 Compatiblity","AchievementEnabler","BaseMod","Bestiary","Colored Map","Minty Spire (QoL Compilation)","Relic Stats","StSLib","ojb\u0027s Info Mod"],"gold_per_floor":[116,116,131,146,19,50,70,85,85,110,110,110,110,110,110,182,182,192,192,37,37,56,56,71,71,71,97,497,517,517,545,545,624,624,638,326,372,70,87,120,120,149,149,175,187,201,65,78,78,78,78,78,78,40,69,69],"floor_reached":57,"language":"ENG","playtime":3381,"items_purged":["Pain","Strike_G"],"score":3026,"play_id":"c8d69328-6768-4a91-8d52-2990d26ad03e","local_time":"20210131124730","is_ascension_mode":true,"campfire_choices":[{"floor":11.0,"key":"REST"},{"data":"Phantasmal Killer","floor":12.0,"key":"SMITH"},{"data":"Neutralize","floor":13.0,"key":"SMITH"},{"floor":15.0,"key":"REST"},{"data":"Glass Knife","floor":23.0,"key":"SMITH"},{"data":"Adrenaline","floor":25.0,"key":"SMITH"},{"data":"Finisher","floor":30.0,"key":"SMITH"},{"floor":32.0,"key":"REST"},{"floor":41.0,"key":"REST"},{"floor":49,"key":"RECALL"},{"floor":53,"key":"REST"}],"circlet_count":0,"master_deck":["AscendersBane","Strike_G+1","Strike_G+1","Defend_G","Defend_G","Defend_G","Defend_G","Defend_G","Survivor","Neutralize+1","Blade Dance","Riddle With Holes","Flying Knee","Blade Dance","Phantasmal Killer+1","Reflex","Blade Dance","Adrenaline+1","Glass Knife+1","Deflect","Caltrops","Finisher+1","Crippling Poison+1","Phantasmal Killer+1","Tactician+1","Underhanded Strike+1","Escape Plan+1","Finisher+1","Acrobatics+1","Tactician+1","Venomology+1","Dodge and Roll+1","Calculated Gamble+1","Eviscerate+1","Backflip+1","Bullet Time+1"],"relics":["Ring of the Snake","WarpedTongs","Singing Bowl","TungstenRod","WingedGreaves","Runic Pyramid","Toxic Egg 2","Old Coin","White Beast Statue","Juzu Bracelet","HoveringKite","Membership Card","Molten Egg 2","Torii","Meat on the Bone","Thread and Needle","Akabeko","Lantern","Vajra","Shuriken","Orrery","Letter Opener"],"acts_visited":["Exordium","TheCity","TheBeyond","TheEnding"],"potions_floor_usage":[44,51,55,55,56,56,56],"damage_taken":[{"damage":1.0,"enemies":"Small Slimes","floor":1.0,"turns":3.0},{"damage":6.0,"enemies":"Cultist","floor":3.0,"turns":5.0},{"damage":3.0,"enemies":"Jaw Worm","floor":4.0,"turns":3.0},{"damage":0.0,"enemies":"3 Sentries","floor":6.0,"turns":5.0},{"damage":8.0,"enemies":"Large Slime","floor":7.0,"turns":3.0},{"damage":5.0,"enemies":"3 Louse","floor":8.0,"turns":3.0},{"damage":34.0,"enemies":"Gremlin Nob","floor":10.0,"turns":4.0},{"damage":6.0,"enemies":"Slime Boss","floor":16.0,"turns":8.0},{"damage":0.0,"enemies":"Spheric Guardian","floor":18.0,"turns":2.0},{"damage":9.0,"enemies":"2 Thieves","floor":22.0,"turns":3.0},{"damage":0.0,"enemies":"3 Cultists","floor":24.0,"turns":4.0},{"damage":8.0,"enemies":"Book of Stabbing","floor":27.0,"turns":3.0},{"damage":3.0,"enemies":"Colosseum Slavers","floor":28.0,"turns":2.0},{"damage":2.0,"enemies":"Colosseum Nobs","floor":28.0,"turns":2.0},{"damage":5.0,"enemies":"Snake Plant","floor":29.0,"turns":2.0},{"damage":16.0,"enemies":"Gremlin Leader","floor":31.0,"turns":4.0},{"damage":69.0,"enemies":"Automaton","floor":33.0,"turns":11.0},{"damage":0.0,"enemies":"Orb Walker","floor":35.0,"turns":2.0},{"damage":39.0,"enemies":"2 Orb Walkers","floor":37.0,"turns":4.0},{"damage":6.0,"enemies":"3 Darklings","floor":39.0,"turns":3.0},{"damage":0.0,"enemies":"Nemesis","floor":40.0,"turns":3.0},{"damage":70.0,"enemies":"Giant Head","floor":42.0,"turns":7.0},{"damage":0,"enemies":"Nemesis","floor":44,"turns":5},{"damage":0,"enemies":"Transient","floor":45,"turns":6},{"damage":0,"enemies":"Jaw Worm Horde","floor":46,"turns":3},{"damage":0,"enemies":"Spire Growth","floor":48,"turns":2},{"damage":0,"enemies":"Donu and Deca","floor":50,"turns":2},{"damage":37,"enemies":"Time Eater","floor":51,"turns":7},{"damage":17,"enemies":"Shield and Spear","floor":55,"turns":5},{"damage":65,"enemies":"The Heart","floor":56,"turns":8}],"seed_played":"1351888235356530236","potions_obtained":[{"floor":0.0,"key":"SteroidPotion"},{"floor":0.0,"key":"CultistPotion"},{"floor":16.0,"key":"Energy Potion"},{"floor":24.0,"key":"DuplicationPotion"},{"floor":27.0,"key":"FairyPotion"},{"floor":31.0,"key":"SkillPotion"},{"floor":33.0,"key":"LiquidMemories"},{"floor":35.0,"key":"AttackPotion"},{"floor":37.0,"key":"CunningPotion"},{"floor":39.0,"key":"Fire Potion"},{"floor":40.0,"key":"FairyPotion"},{"floor":42.0,"key":"Fruit Juice"},{"floor":44,"key":"Weak Potion"},{"floor":46,"key":"LiquidMemories"},{"floor":55,"key":"Ancient Potion"}],"is_trial":false,"path_per_floor":["M","?","M","M","$","E","M","M","T","E","R","R","R","?","R","B",null,"M","?","$","?","M","R","M","R","T","E","?","M","R","E","R","B",null,"M","$","?","$","M","E","R","E","T","E","M","M","$","M","R","B","B",null,"R","$","E","B",null],"character_chosen":"THE_SILENT","items_purchased":["Blade Dance","Explosive Potion","Membership Card","Molten Egg 2","Meat on the Bone","Thread and Needle","Orrery","GhostInAJar","Bullet Time+1"],"campfire_rested":5,"item_purchase_floors":[5,20,36,36,38,38,47,47,54],"current_hp_per_floor":[58,58,52,49,49,49,41,36,36,2,21,21,21,2,21,15,53,55,55,55,55,48,48,50,50,50,42,39,36,36,20,42,14,61,61,61,22,22,28,42,65,37,37,54,54,54,56,56,56,56,31,73,87,87,72,19],"gold":69,"neow_bonus":"THREE_SMALL_POTIONS","is_daily":false,"chose_seed":false,"campfire_upgraded":5,"win_rate":0.0,"timestamp":1612118850,"path_taken":["M","?","M","M","$","E","M","?","T","E","R","R","R","?","R","BOSS","M","?","$","?","M","R","M","R","T","E","?","M","R","E","R","BOSS","M","$","?","$","M","E","R","E","T","E","M","M","$","M","R","BOSS","BOSS","R","$","E","BOSS"],"items_purchased_type":["Card","Potion","Relic","Relic","Relic","Relic","Relic","Potion","Card"],"build_version":"2020-12-18","purchased_purges":2,"victory":true,"max_hp_per_floor":[66,66,66,66,66,66,66,66,66,66,66,66,66,66,66,66,66,68,68,68,68,70,70,72,72,72,72,74,76,76,76,76,76,76,76,76,76,76,76,78,78,80,80,85,85,85,87,87,87,87,87,87,87,87,89,89],"relic_stats":{"Singing Bowl":18,"Torii":53,"counters":[30,124],"Shuriken":[26],"HoveringKite":[21],"Juzu Bracelet":0,"Letter Opener":[45],"obtain_stats":[{"Lantern":42,"Singing Bowl":6,"Torii":37,"HoveringKite":34,"Vajra":43,"Thread and Needle":38,"Juzu Bracelet":31,"Letter Opener":55,"White Beast Statue":28,"Akabeko":40,"WarpedTongs":2,"Old Coin":28,"Shuriken":44,"Orrery":47,"Molten Egg 2":36,"WingedGreaves":10,"Membership Card":36,"Toxic Egg 2":27,"TungstenRod":9,"Ring of the Snake":0,"Runic Pyramid":17,"Meat on the Bone":38},{"Lantern":22,"Singing Bowl":4,"Torii":19,"HoveringKite":17,"Vajra":22,"Thread and Needle":19,"Juzu Bracelet":16,"Letter Opener":29,"White Beast Statue":14,"Akabeko":21,"WarpedTongs":1,"Old Coin":14,"Shuriken":23,"Orrery":25,"Molten Egg 2":18,"WingedGreaves":7,"Membership Card":18,"Toxic Egg 2":12,"TungstenRod":6,"Ring of the Snake":0,"Runic Pyramid":8,"Meat on the Bone":19},{"Lantern":86,"Singing Bowl":16,"Torii":73,"HoveringKite":67,"Vajra":86,"Thread and Needle":73,"Juzu Bracelet":56,"Letter Opener":116,"White Beast Statue":50,"Akabeko":79,"WarpedTongs":3,"Old Coin":50,"Shuriken":91,"Orrery":100,"Molten Egg 2":69,"WingedGreaves":26,"Membership Card":69,"Toxic Egg 2":46,"TungstenRod":22,"Ring of the Snake":0,"Runic Pyramid":34,"Meat on the Bone":73}],"TungstenRod":75,"Ring of the Snake":[60],"WarpedTongs":[119],"Meat on the Bone":72},"card_choices":[{"not_picked":["All Out Attack","Quick Slash"],"picked":"Blade Dance","floor":1.0},{"not_picked":["Sucker Punch","Underhanded Strike"],"picked":"Riddle With Holes","floor":3.0},{"not_picked":["Underhanded Strike","Cloak And Dagger"],"picked":"Flying Knee","floor":4.0},{"not_picked":["Terror","Well Laid Plans"],"picked":"Phantasmal Killer","floor":6.0},{"not_picked":["Flying Knee","Dagger Throw"],"picked":"Reflex","floor":7.0},{"not_picked":["Quick Slash","Bane"],"picked":"Blade Dance","floor":8.0},{"not_picked":["Distraction","Predator"],"picked":"Adrenaline","floor":10.0},{"not_picked":["Phantasmal Killer","Venomology"],"picked":"Glass Knife","floor":16.0},{"not_picked":["Dagger Throw","Blur","Bouncing Flask+1"],"picked":"Singing Bowl","floor":18.0},{"not_picked":["Outmaneuver","Blur","Bane"],"picked":"Singing Bowl","floor":22.0},{"not_picked":["Backflip","Bouncing Flask","Dagger Throw"],"picked":"Singing Bowl","floor":24.0},{"not_picked":["Dash","Cloak And Dagger+1"],"picked":"Finisher","floor":27.0},{"not_picked":["Slice","Bane","Backflip+1"],"picked":"Singing Bowl","floor":28.0},{"not_picked":["Flying Knee","Slice","Heel Hook"],"picked":"Singing Bowl","floor":29.0},{"not_picked":["Prepared+1","PiercingWail+1"],"picked":"Crippling Poison+1","floor":31.0},{"not_picked":["Glass Knife","Envenom"],"picked":"Phantasmal Killer+1","floor":33.0},{"not_picked":["Slice","Quick Slash"],"picked":"Tactician+1","floor":35.0},{"not_picked":["All Out Attack+1","Predator+1"],"picked":"Underhanded Strike+1","floor":37.0},{"not_picked":["Reflex+1","Blade Dance+1"],"picked":"Escape Plan+1","floor":39.0},{"not_picked":["Backflip+1","Reflex+1","Poisoned Stab+1"],"picked":"Singing Bowl","floor":40.0},{"not_picked":["Endless Agony+1","A Thousand Cuts","Bane+1"],"picked":"Singing Bowl","floor":42.0},{"not_picked":["Footwork","Quick Slash+1"],"picked":"Finisher+1","floor":44},{"not_picked":["Expertise+1","Deadly Poison+1"],"picked":"Acrobatics+1","floor":45},{"not_picked":["Catalyst+1","Deflect+1"],"picked":"Tactician+1","floor":46},{"not_picked":["Expertise+1","Deadly Poison+1"],"picked":"Venomology+1","floor":47},{"not_picked":["Flying Knee+1","Dagger Spray+1"],"picked":"Dodge and Roll+1","floor":47},{"not_picked":["Backstab+1","Poisoned Stab+1","Bane+1"],"picked":"Singing Bowl","floor":47},{"not_picked":["Sucker Punch+1","Finisher+1"],"picked":"Calculated Gamble+1","floor":47},{"not_picked":["Flying Knee+1","Dodge and Roll+1"],"picked":"Eviscerate+1","floor":47},{"not_picked":["Dagger Spray+1","Backstab+1"],"picked":"Backflip+1","floor":48},{"not_picked":["Flying Knee+1","Blur+1","Sucker Punch+1"],"picked":"Singing Bowl","floor":55}],"player_experience":865984,"relics_obtained":[{"floor":6.0,"key":"Singing Bowl"},{"floor":9.0,"key":"TungstenRod"},{"floor":10.0,"key":"WingedGreaves"},{"floor":27.0,"key":"Toxic Egg 2"},{"floor":28.0,"key":"Old Coin"},{"floor":28.0,"key":"White Beast Statue"},{"floor":31.0,"key":"Juzu Bracelet"},{"floor":37.0,"key":"Torii"},{"floor":40.0,"key":"Akabeko"},{"floor":42.0,"key":"Lantern"},{"floor":43.0,"key":"Vajra"},{"floor":44,"key":"Shuriken"},{"floor":55,"key":"Letter Opener"}],"event_choices":[{"damage_healed":0.0,"max_hp_gain":0.0,"max_hp_loss":0.0,"gold_gain":0.0,"event_name":"Accursed Blacksmith","player_choice":"Rummage","floor":2.0,"gold_loss":0.0,"damage_taken":0.0,"relics_obtained":["WarpedTongs"],"cards_obtained":["Pain"]},{"damage_healed":0.0,"max_hp_gain":0.0,"max_hp_loss":0.0,"gold_gain":0.0,"event_name":"Shining Light","player_choice":"Entered Light","floor":14.0,"gold_loss":0.0,"damage_taken":20.0,"cards_upgraded":["Strike_G","Strike_G"]},{"damage_healed":0.0,"max_hp_gain":0.0,"max_hp_loss":0.0,"gold_gain":0.0,"event_name":"Ghosts","player_choice":"Ignored","floor":19.0,"gold_loss":0.0,"damage_taken":0.0},{"damage_healed":0.0,"max_hp_gain":0.0,"max_hp_loss":0.0,"gold_gain":0.0,"cards_transformed":["Strike_G","Strike_G"],"event_name":"Drug Dealer","player_choice":"Became Test Subject","floor":21.0,"gold_loss":0.0,"damage_taken":0.0,"cards_obtained":["Deflect","Caltrops"]},{"damage_healed":0.0,"max_hp_gain":0.0,"max_hp_loss":0.0,"gold_gain":0.0,"event_name":"Colosseum","player_choice":"Fight","floor":28.0,"gold_loss":0.0,"damage_taken":0.0},{"damage_healed":0.0,"max_hp_gain":0.0,"max_hp_loss":0.0,"gold_gain":0.0,"event_name":"Colosseum","player_choice":"Fought Nobs","floor":28.0,"gold_loss":0.0,"damage_taken":0.0},{"damage_healed":0.0,"max_hp_gain":0.0,"max_hp_loss":0.0,"gold_gain":0.0,"event_name":"Mysterious Sphere","player_choice":"Fight","floor":37.0,"gold_loss":0.0,"damage_taken":0.0}],"is_beta":true,"boss_relics":[{"not_picked":["Black Star","Calling Bell"],"picked":"Runic Pyramid"},{"not_picked":["Busted Crown","SlaversCollar"],"picked":"HoveringKite"}],"items_purged_floors":[5,20],"is_endless":false,"potions_floor_spawned":[3,4,16,24,27,29,31,33,35,37,39,40,42,44,45,46,48,55],"ascension_level":20}}