{"host":"wkq136ike0ligh15","time":1612052463,"event":{"mods":["Bard","BaseMod","Clockwork Mod","Minty Spire (QoL Compilation)","StSLib","The Bug Knight","The Runesmith"],"gold_per_floor":[109,109,109,109,129,154,167,43,89,89,89,107,107,122,122,222,222,232,1,19,19,19],"floor_reached":21,"language":"ENG","playtime":726,"items_purged":["Regret"],"score":204,"play_id":"0b249b39-fa0f-4d19-8b1f-4d2c29c14a4e","local_time":"20210130192103","is_ascension_mode":false,"campfire_choices":[{"floor":11.0,"key":"RECALL"},{"floor":13.0,"key":"REST"},{"data":"Runesmith:BackupBattery","floor":15.0,"key":"SMITH"}],"circlet_count":0,"master_deck":["Runesmith:Strike_RS","Runesmith:Strike_RS","Runesmith:Strike_RS","Runesmith:Defend_RS","Runesmith:Defend_RS","Runesmith:Defend_RS","Runesmith:Defend_RS","Runesmith:CraftFirestone","Runesmith:Fortify","Runesmith:BackupBattery+1","Runesmith:HeatExchange","Runesmith:HeatedChisel","Runesmith:HammerThrow","Runesmith:Repurpose+1","Runesmith:CraftProtectio+1","Runesmith:EarthShield+1","Runesmith:CraftPrismatica+1","Runesmith:StaticCage+1","Runesmith:CraftMagma+1","Runesmith:Electrocute","Runesmith:Firestorm"],"relics":["Runesmith:BrokenRuby","NeowsBlessing","HollowMod:PaleOreRelic","Toxic Egg 2","Bronze Scales"],"acts_visited":["Exordium","TheCity"],"potions_floor_usage":[],"damage_taken":[{"damage":0.0,"enemies":"Cultist","floor":1.0,"turns":1.0},{"damage":0.0,"enemies":"Small Slimes","floor":5.0,"turns":1.0},{"damage":0.0,"enemies":"Gremlin Nob","floor":6.0,"turns":1.0},{"damage":5.0,"enemies":"2 Louse","floor":7.0,"turns":3.0},{"damage":9.0,"enemies":"Blue Slaver","floor":12.0,"turns":3.0},{"damage":0.0,"enemies":"3 Louse","floor":14.0,"turns":1.0},{"damage":44.0,"enemies":"The Guardian","floor":16.0,"turns":11.0},{"damage":20.0,"enemies":"Chosen","floor":18.0,"turns":6.0},{"damage":29.0,"enemies":"2 Thieves","floor":20.0,"turns":4.0},{"damage":24,"enemies":"Centurion and Healer","floor":21,"turns":5}],"seed_played":"3324278081791250599","potions_obtained":[{"floor":5.0,"key":"LiquidMemories"},{"floor":6.0,"key":"LiquidBronze"},{"floor":16.0,"key":"Explosive Potion"},{"floor":18.0,"key":"Explosive Potion"}],"is_trial":false,"path_per_floor":["M","?","?","?","M","E","M","$","T","?","R","M","R","M","R","B",null,"M","$","M","M"],"character_chosen":"RUNESMITH_CLASS","items_purchased":["Runesmith:Repurpose+1","Runesmith:CraftMagma+1","Bronze Scales","Runesmith:Electrocute"],"campfire_rested":1,"item_purchase_floors":[8,19,19,19],"current_hp_per_floor":[70,70,70,70,70,70,65,65,65,65,65,56,70,70,70,26,70,50,50,21,0,0],"gold":19,"neow_bonus":"THREE_ENEMY_KILL","is_daily":false,"chose_seed":false,"campfire_upgraded":1,"win_rate":0.0,"timestamp":1612052463,"path_taken":["M","?","?","?","M","E","M","?","T","?","R","M","R","M","R","BOSS","M","$","M","?"],"items_purchased_type":["Card","Card","Relic","Card"],"build_version":"2020-12-22","purchased_purges":1,"victory":false,"max_hp_per_floor":[70,70,70,70,70,70,70,70,70,70,70,70,70,70,70,70,70,70,70,70,70,70],"card_choices":[{"not_picked":["Runesmith:Repurpose","Runesmith:EnergizedChisel"],"picked":"Runesmith:BackupBattery","floor":1.0},{"not_picked":["Runesmith:Superposition","Runesmith:Accelerate"],"picked":"Runesmith:HeatExchange","floor":5.0},{"not_picked":["Runesmith:Duplicate+1","Runesmith:Accelerate+1"],"picked":"Runesmith:HeatedChisel","floor":6.0},{"not_picked":["Runesmith:DoubleUp+1","Runesmith:Accelerate+1"],"picked":"Runesmith:HammerThrow","floor":7.0},{"not_picked":["Runesmith:CraftVitae+1","Runesmith:DoubleUp+1"],"picked":"Runesmith:CraftProtectio+1","floor":12.0},{"not_picked":["Runesmith:Grindstone+1","Runesmith:Electrocute"],"picked":"Runesmith:EarthShield+1","floor":14.0},{"not_picked":["Runesmith:Duplicate+1","Runesmith:UnlimitedPower"],"picked":"Runesmith:CraftPrismatica+1","floor":16.0},{"not_picked":["Runesmith:CraftProtectio+1","Runesmith:HeatExchange+1"],"picked":"Runesmith:StaticCage+1","floor":18.0},{"not_picked":["Runesmith:CraftProtectio+1","Runesmith:CraftMagma+1"],"picked":"Runesmith:Firestorm","floor":20.0}],"player_experience":252086,"relics_obtained":[{"floor":6.0,"key":"Toxic Egg 2"}],"event_choices":[{"damage_healed":0.0,"max_hp_gain":0.0,"max_hp_loss":0.0,"gold_gain":0.0,"event_name":"Golden Wing","player_choice":"Ignored","floor":2.0,"gold_loss":0.0,"damage_taken":0.0},{"damage_healed":0.0,"max_hp_gain":0.0,"max_hp_loss":0.0,"gold_gain":0.0,"event_name":"Big Fish","player_choice":"Box","floor":3.0,"gold_loss":0.0,"damage_taken":0.0,"relics_obtained":["HollowMod:PaleOreRelic"],"cards_obtained":["Regret"]},{"damage_healed":0.0,"max_hp_gain":0.0,"max_hp_loss":0.0,"gold_gain":0.0,"event_name":"Liars Game","player_choice":"Ignored","floor":4.0,"gold_loss":0.0,"damage_taken":0.0},{"cards_removed":["Runesmith:Strike_RS"],"damage_healed":0.0,"max_hp_gain":0.0,"max_hp_loss":0.0,"gold_gain":0.0,"event_name":"Bonfire Elementals","player_choice":"Offered Basic","floor":10.0,"gold_loss":0.0,"damage_taken":0.0}],"is_beta":false,"boss_relics":[{"not_picked":["Snecko Eye","Astrolabe","Runic Pyramid"]}],"items_purged_floors":[8],"is_endless":false,"potions_floor_spawned":[5,6,16,18],"killed_by":"Centurion and Healer","ascension_level":0}}