{"host":"w8boaxgo31bcemyl","time":1612070319,"event":{"mods":["Act Like it!","BaseMod","CapriCore","Friendly Minions","Marisa（F雨　魔理沙）","Minty Spire (QoL Compilation)","Pale of the Ancients","Quick Restart","Relic Stats","Remilia（蕾米莉亚）","Replay The Spire","Spicy Shops","StSLib","The Immortal","The Servant 0.9.4","Waifu the Spire","WarShipGirlsR/战舰少女R mod"],"gold_per_floor":[119,82,100,175,175,193,193,193,193],"floor_reached":8,"language":"ZHS","playtime":214,"items_purged":[],"score":46,"play_id":"b38f8424-6d29-4d41-a5d0-604ce30a4ba7","local_time":"20210131131839","is_ascension_mode":false,"campfire_choices":[],"circlet_count":0,"master_deck":["rmod:strick","rmod:strick","rmod:strick","rmod:strick","rmod:defend","rmod:defend","rmod:defend","rmod:defend","rmod:basicallowance","rmod:maingunfire","rmod:circuitoustactics","rmod:expedition","rmod:maintain"],"relics":["rmod:firstchargereward","NeowsBlessing"],"acts_visited":["Exordium"],"potions_floor_usage":[],"damage_taken":[{"damage":0,"enemies":"Cultist","floor":1,"turns":1},{"damage":0,"enemies":"Small Slimes","floor":3,"turns":1},{"damage":0,"enemies":"Jaw Worm","floor":6,"turns":1},{"damage":33,"enemies":"Gremlin Nob","floor":8,"turns":5}],"seed_played":"-7000612483830616693","potions_obtained":[{"floor":1,"key":"AttackPotion"}],"is_trial":false,"path_per_floor":["M","$","M","?","?","M","?","E"],"character_chosen":"PRAEFECT","items_purchased":["rmod:expedition"],"campfire_rested":0,"item_purchase_floors":[2],"current_hp_per_floor":[75,75,75,64,69,69,69,36,36],"gold":193,"neow_bonus":"THREE_ENEMY_KILL","is_daily":false,"chose_seed":false,"campfire_upgraded":0,"win_rate":0.0,"timestamp":1612070319,"path_taken":["M","$","?","?","?","?","?","E"],"items_purchased_type":["Card"],"build_version":"2020-12-22","purchased_purges":0,"victory":false,"max_hp_per_floor":[75,75,75,75,80,80,80,80,80],"relic_stats":{"counters":[4,8],"obtain_stats":[{"NeowsBlessing":0,"rmod:firstchargereward":0},{"NeowsBlessing":0,"rmod:firstchargereward":0},{"NeowsBlessing":0,"rmod:firstchargereward":0}]},"card_choices":[{"not_picked":["rmod:guardianhero","rmod:tearstotiara"],"picked":"rmod:circuitoustactics","floor":1},{"not_picked":["rmod:circuitoustactics","rmod:goodfighter"],"picked":"rmod:maintain","floor":3},{"not_picked":["rmod:victimresponsibility","rmod:ammunitionsupply","rmod:aluminumsupply"],"picked":"SKIP","floor":6}],"player_experience":2311,"relics_obtained":[],"event_choices":[{"damage_healed":0,"gold_gain":75,"player_choice":"Gather Gold","damage_taken":11,"max_hp_gain":0,"max_hp_loss":0,"event_name":"World of Goop","floor":4,"gold_loss":0},{"damage_healed":0,"gold_gain":0,"player_choice":"Donut","damage_taken":0,"max_hp_gain":5,"max_hp_loss":0,"event_name":"Big Fish","floor":5,"gold_loss":0},{"damage_healed":0,"gold_gain":0,"player_choice":"Bought 0 Potions","damage_taken":0,"max_hp_gain":0,"max_hp_loss":0,"event_name":"The Woman in Blue","floor":7,"gold_loss":0}],"is_beta":false,"boss_relics":[],"items_purged_floors":[],"is_endless":false,"potions_floor_spawned":[1],"killed_by":"Gremlin Nob","ascension_level":0}}