{"host":"5s7sm4h73jkd9266","time":1612035395,"event":{"mods":["AchievementEnabler","Bartender","BaseMod","Better Vampires","BetterRewards","Colored Map","Colored Powertips","Conspire","Downfall","Energized Spire","Hermit","Hubris","Magitek Elite","Minty Spire (QoL Compilation)","Potion Indicator Mod","Rare Cards Sparkle","Shop Mod","StSLib","The Blue Laboratory","The Necromancer","The Witch","Virulent Crown","everything is the same but u backflip on backflip","slay the spire mod where everything is the same but ironclad has a cowboy hat"],"gold_per_floor":[118,88,100,100,120,120,155,4,4,20,50,64,82,98,98,200,200,215,215,228,228,0,0,0,0,48,77,95,95,18,37,37,133,133,148,148,167,167,183,210,210,242,242,242,262,277,277,277,277,277,12,46,46,46],"floor_reached":55,"language":"ENG","playtime":3990,"items_purged":["downfall:Bewildered"],"score":832,"play_id":"b79cf3dc-214a-4dd3-8d00-d13a01a28a74","local_time":"20210130143635","is_ascension_mode":false,"campfire_choices":[{"floor":6.0,"key":"REST"},{"floor":15.0,"key":"RECALL"},{"floor":23.0,"key":"REST"},{"data":"Zap","floor":29.0,"key":"SMITH"},{"floor":32.0,"key":"REST"},{"data":"Loop","floor":41.0,"key":"SMITH"},{"floor":45.0,"key":"REST"},{"floor":49.0,"key":"REST"},{"data":"Loop","floor":52.0,"key":"SMITH"}],"circlet_count":0,"master_deck":["Strike_B","Strike_B","Strike_B","Strike_B","Defend_B","Defend_B","Defend_B","Defend_B","Zap+1","Dualcast","conspire:SharedLibrary","conspire:SharedLibrary","BootSequence","Genetic Algorithm","Darkness","Static Discharge","Coolheaded","Ball Lightning","Loop+1","Reinforced Body+1","Hologram","Genetic Algorithm","Sunder","Chaos","Reinforced Body+1","Force Field","Tempest","Rainbow","Aggregate","Slimebound:CheckThePlaybook","downfall:Icky","Capacitor","Steam","Sweeping Beam","Loop+1","Beam Cell+1","Conserve Battery","Buffer","Echo Form","CurseOfTheBell","Redo+1","Gash+1","Undo+1","Amplify","Stack+1","Double Energy","Barrage+1","Creative AI","Leap"],"relics":["Cracked Core","Guard_Bracelet","Toy Ornithopter","Orrery","Mercury Hourglass","White_Cape","DollysMirror","Thread and Needle","SlaversCollar","sneckomod:BabySnecko","Membership Card","Enchiridion","PreservedInsect","Darkstone Periapt","Runic Capacitor","Calling Bell","Blood Vial","hubris:SphereOfDissonance","hubris:Teleporter","hubris:Towel","War Paint","hubris:GlazedTorus","hubris:CrystalStatue","Incense Burner","Mythril_Glove"],"acts_visited":["Exordium","TheCity","TheBeyond","TheEnding"],"potions_floor_usage":[55],"damage_taken":[{"damage":2.0,"enemies":"Jaw Worm","floor":1.0,"turns":3.0},{"damage":0.0,"enemies":"Cultist","floor":3.0,"turns":3.0},{"damage":0.0,"enemies":"2 Louse","floor":5.0,"turns":2.0},{"damage":4.0,"enemies":"3 Sentries","floor":7.0,"turns":6.0},{"damage":3.0,"enemies":"Red Slaver","floor":10.0,"turns":4.0},{"damage":13.0,"enemies":"Gremlin Nob","floor":11.0,"turns":4.0},{"damage":0.0,"enemies":"Large Slime","floor":12.0,"turns":4.0},{"damage":0.0,"enemies":"2 Fungi Beasts","floor":13.0,"turns":2.0},{"damage":15.0,"enemies":"Gremlin Gang","floor":14.0,"turns":4.0},{"damage":1.0,"enemies":"The Guardian","floor":16.0,"turns":13.0},{"damage":16.0,"enemies":"2 Thieves","floor":18.0,"turns":4.0},{"damage":0.0,"enemies":"Spheric Guardian","floor":20.0,"turns":7.0},{"damage":0.0,"enemies":"conspire:Head Lice","floor":27.0,"turns":5.0},{"damage":4.0,"enemies":"Snake Plant","floor":28.0,"turns":3.0},{"damage":0.0,"enemies":"conspire:HollyBat","floor":31.0,"turns":9.0},{"damage":20.0,"enemies":"Collector","floor":33.0,"turns":11.0},{"damage":0.0,"enemies":"3 Shapes","floor":35.0,"turns":3.0},{"damage":0.0,"enemies":"Orb Walker","floor":37.0,"turns":3.0},{"damage":19.0,"enemies":"Sphere and 2 Shapes","floor":39.0,"turns":7.0},{"damage":0.0,"enemies":"Nemesis","floor":40.0,"turns":5.0},{"damage":31.0,"enemies":"Reptomancer","floor":42.0,"turns":6.0},{"damage":0.0,"enemies":"Transient","floor":47.0,"turns":5.0},{"damage":19.0,"enemies":"3 Darklings","floor":48.0,"turns":6.0},{"damage":39.0,"enemies":"Awakened One","floor":50.0,"turns":12.0},{"damage":64.0,"enemies":"Shield and Spear","floor":54.0,"turns":6.0},{"damage":29,"enemies":"The Heart","floor":55,"turns":9}],"seed_played":"-8782737526070167541","potions_obtained":[{"floor":1.0,"key":"Strength Potion"},{"floor":2.0,"key":"SmokeBomb"},{"floor":2.0,"key":"blueLaboratory:HorrorPotion"},{"floor":4.0,"key":"Fruit Juice"},{"floor":4.0,"key":"DuplicationPotion"},{"floor":5.0,"key":"blueLaboratory:EnragingPotion"},{"floor":10.0,"key":"SpeedPotion"},{"floor":14.0,"key":"blueLaboratory:FrostheartPotion"},{"floor":20.0,"key":"champ:CounterPotion"},{"floor":31.0,"key":"EntropicBrew"},{"floor":40.0,"key":"blueLaboratory:BottledHope"},{"floor":47.0,"key":"SteroidPotion"},{"floor":48.0,"key":"Dexterity Potion"}],"is_trial":false,"path_per_floor":["M","?","M","?","M","R","E","$","T","M","E","M","M","M","R","B",null,"M","?","M","?","$","R","?","?","T","E","M","R","$","M","R","B",null,"M","?","M","?","M","E","R","E","T","R","M","M","R","B",null,"R","$","E","B"],"character_chosen":"DEFECT","items_purchased":["Guard_Bracelet","Toy Ornithopter","conspire:SharedLibrary","Orrery","Mercury Hourglass","Static Discharge","Coolheaded","DollysMirror","Membership Card","Steam","Sweeping Beam","Runic Capacitor","Incense Burner","Creative AI","EssenceOfSteel"],"campfire_rested":5,"item_purchase_floors":[0,0,0,0,0,0,0,8,22,22,22,30,53,53,53],"current_hp_per_floor":[38,38,38,48,48,72,80,80,80,77,64,64,64,49,49,53,80,64,64,64,64,64,80,64,64,64,64,60,60,60,60,80,65,86,86,86,86,86,67,74,74,45,45,70,72,55,80,52,86,86,86,22,0,0],"gold":46,"neow_bonus":"","is_daily":false,"chose_seed":false,"campfire_upgraded":3,"win_rate":0.0,"timestamp":1612035395,"path_taken":["M","?","?","?","?","R","E","$","T","M","E","M","M","M","R","BOSS","M","?","M","?","$","R","?","?","T","E","?","R","$","M","R","BOSS","M","?","?","?","M","E","R","E","?","R","M","M","R","BOSS","R","$","E","BOSS"],"items_purchased_type":["Relic","Relic","Card","Relic","Relic","Card","Card","Relic","Relic","Card","Card","Relic","Relic","Card","Potion"],"build_version":"2020-12-22","purchased_purges":1,"victory":false,"max_hp_per_floor":[75,75,75,80,80,80,80,80,80,80,80,80,80,80,80,80,80,80,80,80,80,80,80,80,80,80,80,80,80,80,80,80,80,86,86,86,86,86,86,86,86,86,86,86,86,86,86,86,86,86,86,86,86,86],"card_choices":[{"not_picked":["Scrape","Turbo"],"picked":"Beam Cell","floor":0.0},{"not_picked":["Scrape","Storm"],"picked":"conspire:SharedLibrary","floor":0.0},{"not_picked":["FTL","Hello World"],"picked":"BootSequence","floor":0.0},{"not_picked":["Conserve Battery","Steam"],"picked":"Genetic Algorithm","floor":0.0},{"not_picked":["Rip and Tear","Steam"],"picked":"Darkness","floor":0.0},{"not_picked":["conspire:Rain","Leap"],"picked":"Ball Lightning","floor":1.0},{"not_picked":["Cold Snap","Thunder Strike"],"picked":"Loop","floor":3.0},{"not_picked":["Scrape","Skim"],"picked":"Reinforced Body","floor":5.0},{"not_picked":["Heatsinks","Go for the Eyes"],"picked":"Hologram","floor":7.0},{"not_picked":["Reinforced Body","Gash"],"picked":"Sunder","floor":10.0},{"not_picked":["Leap","Rebound"],"picked":"Chaos","floor":11.0},{"not_picked":["Skim","Scrape"],"picked":"Reinforced Body","floor":12.0},{"not_picked":["Streamline","Undo"],"picked":"Force Field","floor":13.0},{"not_picked":["Barrage","Heatsinks"],"picked":"Tempest","floor":14.0},{"not_picked":["Reboot","Meteor Strike"],"picked":"Rainbow","floor":16.0},{"not_picked":["Ball Lightning","Undo"],"picked":"Aggregate","floor":18.0},{"not_picked":["Barrage","Turbo+1"],"picked":"Capacitor","floor":20.0},{"not_picked":["Genetic Algorithm","Redo"],"picked":"Beam Cell+1","floor":27.0},{"not_picked":["Recycle","Tempest"],"picked":"Conserve Battery","floor":28.0},{"not_picked":["Ball Lightning","Beam Cell"],"picked":"Buffer","floor":31.0},{"not_picked":["All For One","Seek"],"picked":"Echo Form","floor":33.0},{"not_picked":["Steam+1","hubris:PowerSurge+1"],"picked":"Redo+1","floor":35.0},{"not_picked":["Hello World+1","Conserve Battery+1"],"picked":"Gash+1","floor":37.0},{"not_picked":["Rebound+1","Scrape+1"],"picked":"Undo+1","floor":39.0},{"not_picked":["Fusion+1","Capacitor+1"],"picked":"Amplify","floor":40.0},{"not_picked":["Conserve Battery+1","Gash+1"],"picked":"Stack+1","floor":42.0},{"not_picked":["Sunder","Rebound"],"picked":"Double Energy","floor":47.0},{"not_picked":["Turbo+1","Beam Cell"],"picked":"Barrage+1","floor":48.0},{"not_picked":["White Noise","Hello World"],"picked":"Leap","floor":54.0}],"player_experience":5518608,"relics_obtained":[{"floor":7.0,"key":"White_Cape"},{"floor":11.0,"key":"Thread and Needle"},{"floor":24.0,"key":"Enchiridion"},{"floor":26.0,"key":"PreservedInsect"},{"floor":27.0,"key":"Darkstone Periapt"},{"floor":34.0,"key":"Blood Vial"},{"floor":34.0,"key":"hubris:SphereOfDissonance"},{"floor":34.0,"key":"hubris:Teleporter"},{"floor":40.0,"key":"War Paint"},{"floor":42.0,"key":"hubris:GlazedTorus"},{"floor":44.0,"key":"hubris:CrystalStatue"},{"floor":54.0,"key":"Mythril_Glove"}],"event_choices":[{"damage_healed":0.0,"max_hp_gain":0.0,"max_hp_loss":0.0,"gold_gain":0.0,"event_name":"The Woman in Blue","player_choice":"Bought 2 Potions","floor":2.0,"gold_loss":0.0,"damage_taken":0.0},{"damage_healed":0.0,"max_hp_gain":0.0,"max_hp_loss":0.0,"gold_gain":0.0,"event_name":"Lab","player_choice":"Got Potions","floor":4.0,"gold_loss":0.0,"damage_taken":0.0},{"damage_healed":0.0,"max_hp_gain":0.0,"max_hp_loss":0.0,"gold_gain":0.0,"event_name":"Cursed Tome","player_choice":"Obtained Book","floor":24.0,"gold_loss":0.0,"damage_taken":16.0},{"damage_healed":0.0,"max_hp_gain":0.0,"max_hp_loss":0.0,"gold_gain":0.0,"event_name":"Duplicator","player_choice":"Copied","floor":25.0,"gold_loss":0.0,"damage_taken":0.0,"cards_obtained":["Loop"]},{"cards_removed":["Beam Cell"],"damage_healed":5.0,"max_hp_gain":0.0,"max_hp_loss":0.0,"gold_gain":0.0,"event_name":"Bonfire Elementals","player_choice":"Offered Common","floor":36.0,"gold_loss":0.0,"damage_taken":0.0},{"cards_removed":["Beam Cell"],"damage_healed":5.0,"max_hp_gain":0.0,"max_hp_loss":0.0,"gold_gain":0.0,"event_name":"Bonfire Elementals","player_choice":"Offered Special","floor":36.0,"gold_loss":0.0,"damage_taken":0.0}],"is_beta":false,"boss_relics":[{"not_picked":["energizedSpire:UnstableMolecules","Coffee Dripper"],"picked":"SlaversCollar"},{"not_picked":["FrozenCore","conspire:SpecialSausage"],"picked":"Calling Bell"}],"items_purged_floors":[22],"is_endless":false,"potions_floor_spawned":[1,5,10,14,20,31,40,47,48],"killed_by":"The Heart","ascension_level":0}}