{"host":"hcg2wesxzfo46upw","time":1612133884,"event":{"mods":["2.2 Compatiblity","AchievementEnabler","Act Like it!","Aspiration","BaseMod","Beaked The Cultist","Clockwork Mod","Conspire","Downfall","Elementarium","Gensokyo","GifTheSpireLib","Glutton Mod","Hubris","Infinite Spire","Jedi Mod","Mad Scientist","Minty Spire (QoL Compilation)","Pale of the Ancients","Replay The Spire","Spikes Relics","StSLib","Stuff the Spire","The Blackbeard","The Bug Knight","The Construct","The Cursed","The Death Knight","The Disciple","The Jungle","The Necromancer","The Runesmith","Wandering Minibosses"],"gold_per_floor":[112,112,12,12,70,70,31,82,82,82,145,169,208,230,230,369,369,403,465,564,64,72,72,72,72],"floor_reached":24,"language":"ENG","playtime":1092,"items_purged":["conspire:SpireCoStock"],"score":198,"play_id":"beb686b9-d516-4195-91a9-8e481d1d07eb","local_time":"20210131235804","is_ascension_mode":false,"campfire_choices":[{"data":"Uppercut","floor":6,"key":"SMITH"},{"data":"jedi:fear","floor":10,"key":"SMITH"},{"floor":15,"key":"REST"}],"circlet_count":0,"master_deck":["Strike_R","Strike_R","Strike_R","Strike_R","Strike_R","Defend_R","Defend_R","Defend_R","Defend_R","Bash","Uppercut+1","conspire:SpireCoStock","Thunderclap","Inflame","jedi:fear+1","Headbutt","Carnage","Iron Wave","Pummel","jedi:unlimitedpower","Thunderclap+1","hubris:SharpeningStone+1","Heavy Blade+1","Entrench+1","Pommel Strike+1","downfall:Aged"],"relics":["jedi:battlestandard","hubris:Towel","RoseTintedShades","HollowMod:StagPassRelic","Replay:Bronze Core","Turnip","hubris:MysteriousPyramids"],"acts_visited":["Exordium","TheCity"],"potions_floor_usage":[16,16,19,19,19,24],"damage_taken":[{"damage":11,"enemies":"Jaw Worm","floor":1,"turns":4},{"damage":12,"enemies":"2 Louse","floor":5,"turns":3},{"damage":5,"enemies":"Small Slimes","floor":8,"turns":3},{"damage":11,"enemies":"Lagavulin","floor":11,"turns":5},{"damage":0,"enemies":"3 Louse","floor":12,"turns":3},{"damage":16,"enemies":"Exordium Wildlife","floor":13,"turns":4},{"damage":3,"enemies":"2 Fungi Beasts","floor":14,"turns":2},{"damage":34,"enemies":"Fading Forest","floor":16,"turns":11},{"damage":6,"enemies":"Chosen","floor":18,"turns":3},{"damage":8,"enemies":"3 Byrds","floor":19,"turns":5},{"damage":35,"enemies":"Snake Plant","floor":22,"turns":5},{"damage":42,"enemies":"Slavers","floor":24,"turns":3}],"seed_played":"245771713358390920","potions_obtained":[{"floor":5,"key":"sneckomod:MuddlingPotion"},{"floor":8,"key":"Languid Potion"},{"floor":11,"key":"Fire Potion"},{"floor":16,"key":"SkillPotion"},{"floor":18,"key":"Swift Potion"}],"is_trial":false,"path_per_floor":["M","?","?","$","M","R","$","M","T","R","E","M","M","M","R","B",null,"M","M","?","$","M","?","E"],"character_chosen":"IRONCLAD","items_purchased":["Inflame","Turnip","Heavy Blade","Entrench","PowerPotion"],"campfire_rested":1,"item_purchase_floors":[7,21,21,21,21],"current_hp_per_floor":[69,69,69,69,57,57,57,52,52,52,41,41,25,22,46,38,80,74,66,66,66,31,31,0,0],"gold":72,"neow_bonus":"BOSS_RELIC","is_daily":false,"chose_seed":false,"campfire_upgraded":2,"win_rate":0.0,"timestamp":1612133884,"path_taken":["M","?","?","$","M","R","$","M","T","R","E","M","M","M","R","BOSS","M","M","?","$","M","?","E"],"items_purchased_type":["Card","Relic","Card","Card","Potion"],"build_version":"2020-12-22","purchased_purges":1,"victory":false,"max_hp_per_floor":[80,80,80,80,80,80,80,80,80,80,80,80,80,80,80,80,80,80,80,80,80,80,80,80,80],"card_choices":[{"not_picked":["Headbutt","Twin Strike"],"picked":"Uppercut","floor":1},{"not_picked":["Anger","Replay:Undeath\u0027s Touch"],"picked":"Thunderclap","floor":5},{"not_picked":["Searing Blow","Pommel Strike"],"picked":"jedi:fear","floor":8},{"not_picked":["Flex","jedi:fear"],"picked":"Headbutt","floor":11},{"not_picked":["Carnage","Clash","Armaments"],"picked":"SKIP","floor":12},{"not_picked":["Clash","Armaments"],"picked":"Carnage","floor":12},{"not_picked":["Body Slam","Intimidate"],"picked":"Iron Wave","floor":13},{"not_picked":["Anger","StuffTheSpire:BloodClot"],"picked":"Pummel","floor":14},{"not_picked":["Replay:Many Hands","StuffTheSpire:TitanForm"],"picked":"jedi:unlimitedpower","floor":16},{"not_picked":["Clash","Absolvement"],"picked":"Thunderclap+1","floor":18},{"not_picked":["Thunderclap+1","Dual Wield+1"],"picked":"hubris:SharpeningStone+1","floor":19},{"not_picked":["Warcry","Clash"],"picked":"Pommel Strike+1","floor":22}],"player_experience":237157,"relics_obtained":[{"floor":9,"key":"RoseTintedShades"},{"floor":11,"key":"HollowMod:StagPassRelic"}],"event_choices":[{"damage_healed":0,"gold_gain":0,"player_choice":"Invest 2","damage_taken":0,"max_hp_gain":0,"max_hp_loss":0,"event_name":"conspire:Investor","floor":3,"gold_loss":0},{"damage_healed":0,"gold_gain":99,"player_choice":"Stole From Cult","damage_taken":0,"max_hp_gain":0,"max_hp_loss":0,"event_name":"Nest","floor":20,"gold_loss":0}],"is_beta":false,"boss_relics":[{"not_picked":["aspiration:BeakedSkillbook","aspiration:FutureDiary"],"picked":"Replay:Bronze Core"}],"items_purged_floors":[21],"is_endless":false,"potions_floor_spawned":[5,8,11,14,16,18],"killed_by":"Slavers","ascension_level":0}}