{"host":"8is2j71l4wmybkoi","time":1612099856,"event":{"mods":["AchievementEnabler","BaseMod","Colored Map","Minty Spire (QoL Compilation)","Rare Cards Sparkle","StSLib","SuperFastMode"],"gold_per_floor":[117,117,23,34,46,46,73,73,73,99,113,113,124,134,134,134,134],"floor_reached":16,"language":"KOR","playtime":378,"items_purged":[],"score":196,"play_id":"f1af2ea1-4cdd-443b-92ed-3eeb898a32b4","local_time":"20210131223056","is_ascension_mode":true,"campfire_choices":[{"data":"Zap","floor":6,"key":"SMITH"},{"floor":8,"key":"REST"},{"data":"Go for the Eyes","floor":15,"key":"SMITH"}],"circlet_count":0,"master_deck":["AscendersBane","Strike_B","Strike_B","Strike_B","Defend_B","Defend_B","Defend_B","Zap+1","Dualcast","Conserve Battery","Sweeping Beam","Rip and Tear","Beam Cell","Capacitor","Cold Snap","Glacier","Coolheaded","Heatsinks+1","Go for the Eyes+1","Machine Learning+1"],"relics":["Cracked Core","NeowsBlessing","Frozen Egg 2","Shuriken","Potion Belt"],"acts_visited":["Exordium"],"potions_floor_usage":[13,16],"damage_taken":[{"damage":0,"enemies":"Small Slimes","floor":1,"turns":1},{"damage":0,"enemies":"Cultist","floor":4,"turns":1},{"damage":0,"enemies":"2 Louse","floor":5,"turns":1},{"damage":44,"enemies":"Lagavulin","floor":7,"turns":6},{"damage":24,"enemies":"3 Sentries","floor":10,"turns":6},{"damage":0,"enemies":"Large Slime","floor":11,"turns":4},{"damage":2,"enemies":"Exordium Thugs","floor":13,"turns":3},{"damage":1,"enemies":"Looter","floor":14,"turns":2},{"damage":9,"enemies":"Hexaghost","floor":16,"turns":9}],"seed_played":"-8204305181861006987","potions_obtained":[{"floor":10,"key":"FearPotion"},{"floor":11,"key":"AttackPotion"}],"is_trial":false,"path_per_floor":["M","?","$","M","M","R","E","R","T","E","M","?","M","M","R","B"],"character_chosen":"DEFECT","items_purchased":["Sweeping Beam","Rip and Tear"],"campfire_rested":1,"item_purchase_floors":[3,3],"current_hp_per_floor":[64,57,57,57,57,57,13,34,34,10,10,10,8,7,7,0,0],"gold":134,"neow_bonus":"THREE_ENEMY_KILL","is_daily":false,"chose_seed":false,"campfire_upgraded":2,"win_rate":0.0,"timestamp":1612099856,"path_taken":["M","?","$","M","M","R","E","R","T","E","M","?","?","M","R","BOSS"],"items_purchased_type":["Card","Card"],"build_version":"2020-12-22","purchased_purges":0,"victory":false,"max_hp_per_floor":[71,71,71,71,71,71,71,71,71,71,71,71,71,71,71,71,71],"card_choices":[{"not_picked":["Gash","Steam"],"picked":"Conserve Battery","floor":1},{"not_picked":["Steam","Skim"],"picked":"Beam Cell","floor":4},{"not_picked":["Beam Cell","Conserve Battery"],"picked":"Capacitor","floor":5},{"not_picked":["Coolheaded","Streamline"],"picked":"Cold Snap","floor":7},{"not_picked":["Capacitor+1","Meteor Strike"],"picked":"Glacier","floor":10},{"not_picked":["Skim","Hologram"],"picked":"Coolheaded","floor":11},{"not_picked":["Barrage","Beam Cell"],"picked":"Go for the Eyes","floor":13},{"not_picked":["Go for the Eyes","Beam Cell"],"picked":"Machine Learning+1","floor":14}],"player_experience":888737,"relics_obtained":[{"floor":7,"key":"Frozen Egg 2"},{"floor":9,"key":"Shuriken"},{"floor":10,"key":"Potion Belt"}],"event_choices":[{"cards_removed":["Defend_B"],"damage_healed":0,"gold_gain":0,"player_choice":"Card Removal","damage_taken":7,"max_hp_gain":0,"max_hp_loss":0,"event_name":"Golden Wing","floor":2,"gold_loss":0},{"damage_healed":0,"gold_gain":0,"cards_transformed":["Strike_B"],"player_choice":"Transformed","damage_taken":0,"max_hp_gain":0,"max_hp_loss":0,"event_name":"Transmorgrifier","floor":12,"gold_loss":0,"cards_obtained":["Heatsinks"]}],"is_beta":false,"boss_relics":[],"items_purged_floors":[],"is_endless":false,"potions_floor_spawned":[10,11],"killed_by":"Hexaghost","ascension_level":15}}