{"host":"7jl348xfsxr8glry","time":1612102173,"event":{"mods":["AchievementEnabler","BaseMod","Colored Map","Minty Spire (QoL Compilation)","Random Character Button","Unceasing Turn Reminder"],"gold_per_floor":[110,128,128,141,158,158,192,210,210,230,230,249,249,268,268,363,363,382,400,499,432,448,448,478,478,505,534,534,561,573,591,591,695,695,714,730,745,252,272,272,272,291,317,317,317,317],"floor_reached":45,"language":"ENG","playtime":1907,"items_purged":["Strike_B"],"score":554,"play_id":"70fa39be-c9a1-4f02-9c3b-4fd9a8bc7c70","local_time":"20210201010933","is_ascension_mode":true,"campfire_choices":[{"data":"Zap","floor":6,"key":"SMITH"},{"floor":11,"key":"REST"},{"floor":13,"key":"REST"},{"floor":15,"key":"RECALL"},{"floor":23,"key":"REST"},{"floor":25,"key":"REST"},{"floor":28,"key":"REST"},{"floor":32,"key":"REST"},{"floor":40,"key":"REST"},{"floor":44,"key":"REST"}],"circlet_count":0,"master_deck":["Strike_B","Strike_B","Strike_B","Defend_B","Defend_B","Defend_B","Defend_B","Zap+1","Dualcast","Conserve Battery","Compile Driver","Ball Lightning","Conserve Battery","Lockon","Electrodynamics","Rip and Tear","Ball Lightning","Ball Lightning","Rip and Tear","Leap","Ball Lightning+1","Melter","Storm","Conserve Battery","Leap+1"],"relics":["Cracked Core","NeowsBlessing","Calipers","Philosopher\u0027s Stone","Happy Flower","Turnip","Anchor","Bag of Marbles","Emotion Chip","SacredBark","Runic Capacitor","Orichalcum","Blood Vial"],"acts_visited":["Exordium","TheCity","TheBeyond"],"potions_floor_usage":[7,7,24,27,29,33,39,39,45],"damage_taken":[{"damage":0,"enemies":"Cultist","floor":1,"turns":1},{"damage":0,"enemies":"Jaw Worm","floor":2,"turns":1},{"damage":0,"enemies":"2 Louse","floor":4,"turns":1},{"damage":11,"enemies":"Exordium Wildlife","floor":5,"turns":3},{"damage":6,"enemies":"Gremlin Nob","floor":7,"turns":3},{"damage":9,"enemies":"3 Louse","floor":8,"turns":2},{"damage":15,"enemies":"Exordium Thugs","floor":10,"turns":4},{"damage":5,"enemies":"Looter","floor":12,"turns":3},{"damage":10,"enemies":"2 Fungi Beasts","floor":14,"turns":3},{"damage":61,"enemies":"Slime Boss","floor":16,"turns":9},{"damage":0,"enemies":"Spheric Guardian","floor":18,"turns":3},{"damage":39,"enemies":"3 Byrds","floor":19,"turns":3},{"damage":15,"enemies":"Centurion and Healer","floor":22,"turns":6},{"damage":19,"enemies":"Book of Stabbing","floor":24,"turns":4},{"damage":29,"enemies":"Slavers","floor":27,"turns":3},{"damage":7,"enemies":"Book of Stabbing","floor":29,"turns":4},{"damage":0,"enemies":"Cultist and Chosen","floor":30,"turns":3},{"damage":17,"enemies":"Sentry and Sphere","floor":31,"turns":4},{"damage":62,"enemies":"Collector","floor":33,"turns":9},{"damage":4,"enemies":"Orb Walker","floor":35,"turns":3},{"damage":17,"enemies":"3 Darklings","floor":36,"turns":3},{"damage":22,"enemies":"Spire Growth","floor":37,"turns":4},{"damage":28,"enemies":"Maw","floor":39,"turns":5},{"damage":3,"enemies":"Sphere and 2 Shapes","floor":42,"turns":4},{"damage":67,"enemies":"Giant Head","floor":45,"turns":7}],"seed_played":"1374106054124576824","potions_obtained":[{"floor":2,"key":"BlessingOfTheForge"},{"floor":3,"key":"Strength Potion"},{"floor":3,"key":"Ancient Potion"},{"floor":5,"key":"FairyPotion"},{"floor":7,"key":"BlessingOfTheForge"},{"floor":8,"key":"SkillPotion"},{"floor":27,"key":"Weak Potion"},{"floor":31,"key":"SkillPotion"},{"floor":33,"key":"SneckoOil"},{"floor":35,"key":"Explosive Potion"},{"floor":36,"key":"Fire Potion"},{"floor":42,"key":"ColorlessPotion"}],"is_trial":false,"path_per_floor":["M","M","?","M","M","R","E","M","T","M","R","M","R","M","R","B",null,"M","M","?","?","M","R","E","R","T","E","R","E","M","M","R","B",null,"M","M","M","$","M","R","?","M","T","R","E"],"character_chosen":"DEFECT","items_purchased":["Melter","Storm","Runic Capacitor","Orichalcum"],"campfire_rested":8,"item_purchase_floors":[38,38,38,38],"current_hp_per_floor":[75,75,75,75,64,64,58,49,49,34,56,51,73,63,63,2,75,75,36,36,36,21,43,24,46,46,17,39,32,32,15,37,22,75,71,54,32,32,4,26,26,23,23,45,0,0],"gold":317,"neow_bonus":"THREE_ENEMY_KILL","is_daily":false,"chose_seed":false,"campfire_upgraded":1,"win_rate":0.0,"timestamp":1612102173,"path_taken":["M","?","?","?","M","R","E","M","T","?","R","M","R","M","R","BOSS","M","M","?","?","M","R","E","R","T","E","R","E","?","M","R","BOSS","M","M","M","$","?","R","?","M","T","R","E"],"items_purchased_type":["Card","Card","Relic","Relic"],"build_version":"2020-12-22","purchased_purges":1,"victory":false,"max_hp_per_floor":[75,75,75,75,75,75,75,75,75,75,75,75,75,75,75,75,75,75,75,75,75,75,75,75,75,75,75,75,75,75,75,75,75,75,75,75,75,75,75,75,75,75,75,75,75,75],"card_choices":[{"not_picked":["Stack","Blizzard","Streamline"],"picked":"SKIP","floor":1},{"not_picked":["Coolheaded","Sunder"],"picked":"Conserve Battery","floor":2},{"not_picked":["Go for the Eyes","Gash"],"picked":"Compile Driver","floor":4},{"not_picked":["Steam Power","Leap"],"picked":"Ball Lightning","floor":5},{"not_picked":["Beam Cell","Streamline","Force Field"],"picked":"SKIP","floor":7},{"not_picked":["Beam Cell","Rebound","Reinforced Body"],"picked":"SKIP","floor":8},{"not_picked":["Redo","Fission","Turbo"],"picked":"SKIP","floor":10},{"not_picked":["Turbo","Compile Driver"],"picked":"Conserve Battery","floor":12},{"not_picked":["Aggregate","Streamline"],"picked":"Lockon","floor":14},{"not_picked":["Hyperbeam","Seek"],"picked":"Electrodynamics","floor":16},{"not_picked":["Cold Snap","Genetic Algorithm","Auto Shields"],"picked":"SKIP","floor":18},{"not_picked":["Barrage","Go for the Eyes","Streamline"],"picked":"SKIP","floor":19},{"not_picked":["Sunder","Beam Cell"],"picked":"Rip and Tear","floor":22},{"not_picked":["Go for the Eyes","Stack"],"picked":"Ball Lightning","floor":24},{"not_picked":["Conserve Battery","Doom and Gloom"],"picked":"Ball Lightning","floor":27},{"not_picked":["Glacier","Coolheaded","Redo"],"picked":"SKIP","floor":29},{"not_picked":["Blizzard","Force Field"],"picked":"Rip and Tear","floor":30},{"not_picked":["Steam Power","Compile Driver"],"picked":"Leap","floor":31},{"not_picked":["Glacier","Rip and Tear"],"picked":"Ball Lightning+1","floor":35},{"not_picked":["Gash+1","Redo","Rebound"],"picked":"SKIP","floor":36},{"not_picked":["Barrage+1","Streamline","Coolheaded"],"picked":"SKIP","floor":37},{"not_picked":["Sweeping Beam","Lockon+1"],"picked":"Conserve Battery","floor":39},{"not_picked":["Redo","Stack"],"picked":"Leap+1","floor":42}],"player_experience":180796,"relics_obtained":[{"floor":7,"key":"Calipers"},{"floor":24,"key":"Turnip"},{"floor":26,"key":"Anchor"},{"floor":27,"key":"Bag of Marbles"},{"floor":29,"key":"Emotion Chip"},{"floor":43,"key":"Blood Vial"}],"event_choices":[{"damage_healed":0,"gold_gain":0,"player_choice":"Got Potions","damage_taken":0,"max_hp_gain":0,"max_hp_loss":0,"event_name":"Lab","floor":3,"gold_loss":0},{"damage_healed":0,"gold_gain":99,"player_choice":"Stole From Cult","damage_taken":0,"max_hp_gain":0,"max_hp_loss":0,"event_name":"Nest","floor":20,"gold_loss":0},{"damage_healed":0,"gold_gain":0,"player_choice":"Paid Gold","damage_taken":0,"relics_obtained":["Happy Flower"],"max_hp_gain":0,"max_hp_loss":0,"event_name":"WeMeetAgain","floor":21,"gold_loss":67},{"damage_healed":0,"gold_gain":0,"player_choice":"Ignored","damage_taken":0,"max_hp_gain":0,"max_hp_loss":0,"event_name":"Tomb of Lord Red Mask","floor":41,"gold_loss":0}],"is_beta":false,"boss_relics":[{"not_picked":["Runic Pyramid","Snecko Eye"],"picked":"Philosopher\u0027s Stone"},{"not_picked":["Empty Cage","Runic Dome"],"picked":"SacredBark"}],"items_purged_floors":[38],"is_endless":false,"potions_floor_spawned":[2,5,7,8,16,19,22,27,31,33,35,36,42],"killed_by":"Giant Head","ascension_level":2}}