{"host":"pletss163z7s8pvv","time":1612057891,"event":{"mods":["AchievementEnabler","BaseMod","Better Altar","Better Match","Better Note","Better Sensory Stone","Better Skull","Better Third Choice","BetterRewards","CapriCore","ChefMod","Colored Map","Colored Powertips","Conspire","Energized Spire","Evolution","GifTheSpireLib","Hermit","Ironclad Rager","Marked Mod","Minty Spire (QoL Compilation)","Retaliation","Spicy Shops","StS++","StSLib","The Alterego","The Blue Laboratory","The Cursed","The Disciple","The Forsaken"],"gold_per_floor":[111,126,141,141,34,34,34],"floor_reached":6,"language":"ENG","playtime":324,"items_purged":[],"score":86,"play_id":"9616c765-bdd8-4214-a5a8-68925d4cecce","local_time":"20210130195131","is_ascension_mode":false,"campfire_choices":[],"circlet_count":0,"master_deck":["MarkedMod:Acupuncture","MarkedMod:Acupuncture","MarkedMod:Acupuncture","MarkedMod:Acupuncture","ThirdEye","ThirdEye","ThirdEye","ThirdEye","Eruption","Vigilance","CarveReality","Consecrate","Consecrate"],"relics":["PureWater","EVO:Axolotl","SsserpentHead","ClockworkSouvenir"],"acts_visited":["Exordium"],"potions_floor_usage":[],"damage_taken":[{"damage":0,"enemies":"Small Slimes","floor":1,"turns":5},{"damage":2,"enemies":"Cultist","floor":2,"turns":4},{"damage":0,"enemies":"2 Louse","floor":3,"turns":2},{"damage":51,"enemies":"Gremlin Nob","floor":6,"turns":8}],"seed_played":"-6895685997354035288","potions_obtained":[],"is_trial":false,"path_per_floor":["M","M","M","?","$","E"],"character_chosen":"WATCHER","items_purchased":["ClockworkSouvenir"],"campfire_rested":0,"item_purchase_floors":[5],"current_hp_per_floor":[76,74,74,74,74,23,23],"gold":34,"neow_bonus":"WATCHER_MONK","is_daily":false,"chose_seed":false,"campfire_upgraded":0,"win_rate":0.0,"timestamp":1612057891,"path_taken":["M","M","M","?","?","E"],"items_purchased_type":["Relic"],"build_version":"2020-12-22","purchased_purges":0,"victory":false,"max_hp_per_floor":[76,76,76,76,76,76,76],"card_choices":[{"not_picked":["SashWhip","Evaluate"],"picked":"CarveReality","floor":1},{"not_picked":["ClearTheMind","Weave"],"picked":"Consecrate","floor":2},{"not_picked":["Study","FollowUp"],"picked":"Consecrate","floor":3}],"player_experience":472260,"relics_obtained":[],"event_choices":[{"damage_healed":0,"gold_gain":0,"player_choice":"Trade","damage_taken":0,"relics_obtained":["SsserpentHead"],"max_hp_gain":0,"max_hp_loss":0,"event_name":"FaceTrader","floor":4,"gold_loss":0}],"is_beta":false,"boss_relics":[],"items_purged_floors":[],"is_endless":false,"potions_floor_spawned":[],"killed_by":"Gremlin Nob","ascension_level":0}}