{"host":"yqw1zpryoutrnocq","time":1612097899,"event":{"mods":["2.2 Compatiblity","AchievementEnabler","BaseMod","Colored Map","Custom Start","DeckTracker","Minty Spire (QoL Compilation)","StSLib","SuperFastMode"],"gold_per_floor":[116,116,135,145,164,189,189,224,297,56,56,56,56,56,56,157,157,167,20,38,51,66,66,77,77,77,109,109,127,146,13,13,13,13],"floor_reached":33,"language":"KOR","playtime":808,"items_purged":["Strike_R"],"score":332,"play_id":"9c0ff9fc-e195-4760-80ec-687eeca853b0","local_time":"20210131065819","is_ascension_mode":true,"campfire_choices":[{"data":"Carnage","floor":7.0,"key":"SMITH"},{"data":"1","floor":11.0,"key":"LIFT"},{"floor":13.0,"key":"REST"},{"data":"2","floor":15.0,"key":"LIFT"},{"data":"3","floor":23.0,"key":"LIFT"},{"data":"Seeing Red","floor":25.0,"key":"SMITH"},{"data":"Power Through","floor":32.0,"key":"SMITH"}],"circlet_count":0,"master_deck":["Strike_R","Strike_R","Strike_R","Strike_R","Defend_R","Defend_R+1","Defend_R+1","Defend_R","Bash","Carnage+1","Body Slam+1","Clothesline","Double Tap+1","Evolve","Pommel Strike","Body Slam","Demon Form","Whirlwind+1","Fire Breathing","Seeing Red+1","Iron Wave+1","Thunderclap","Wild Strike+1","Havoc","Power Through+1","Bandage Up","Warcry"],"relics":["Burning Blood","Blood Vial","Girya","Bottled Lightning","Omamori","Coffee Dripper","Kunai","Toy Ornithopter","Juzu Bracelet"],"acts_visited":["Exordium","TheCity"],"potions_floor_usage":[33],"damage_taken":[{"damage":7.0,"enemies":"Jaw Worm","floor":1.0,"turns":2.0},{"damage":0.0,"enemies":"Cultist","floor":3.0,"turns":2.0},{"damage":0.0,"enemies":"2 Louse","floor":4.0,"turns":2.0},{"damage":11.0,"enemies":"Looter","floor":5.0,"turns":3.0},{"damage":30.0,"enemies":"3 Sentries","floor":6.0,"turns":7.0},{"damage":40.0,"enemies":"Lagavulin","floor":8.0,"turns":5.0},{"damage":34.0,"enemies":"The Guardian","floor":16.0,"turns":9.0},{"damage":36.0,"enemies":"3 Byrds","floor":18.0,"turns":6.0},{"damage":24.0,"enemies":"Shell Parasite","floor":20.0,"turns":5.0},{"damage":45.0,"enemies":"Centurion and Healer","floor":21.0,"turns":5.0},{"damage":22.0,"enemies":"Sentry and Sphere","floor":22.0,"turns":5.0},{"damage":8.0,"enemies":"Snecko","floor":24.0,"turns":3.0},{"damage":1.0,"enemies":"Book of Stabbing","floor":27.0,"turns":3.0},{"damage":8.0,"enemies":"Centurion and Healer","floor":29.0,"turns":5.0},{"damage":15.0,"enemies":"Chosen and Byrds","floor":30.0,"turns":5.0},{"damage":47,"enemies":"Champ","floor":33,"turns":7}],"seed_played":"-7827807405420583356","potions_obtained":[{"floor":4.0,"key":"BloodPotion"},{"floor":5.0,"key":"FairyPotion"},{"floor":16.0,"key":"BloodPotion"},{"floor":18.0,"key":"Dexterity Potion"},{"floor":24.0,"key":"SneckoOil"},{"floor":27.0,"key":"Strength Potion"},{"floor":29.0,"key":"FearPotion"}],"is_trial":false,"path_per_floor":["M","?","M","M","M","E","R","E","T","$","R","?","R","?","R","B",null,"M","$","M","M","M","R","M","R","T","E","?","M","M","$","R","B"],"character_chosen":"IRONCLAD","items_purchased":["Omamori","Body Slam","Fire Breathing","Seeing Red","Bandage Up","Warcry"],"campfire_rested":1,"item_purchase_floors":[10,10,19,19,31,31],"current_hp_per_floor":[79,79,80,80,75,51,51,19,19,19,19,3,27,27,27,17,80,50,50,34,25,11,11,27,27,27,34,34,39,32,32,32,0,0],"gold":13,"neow_bonus":"THREE_CARDS","is_daily":false,"chose_seed":false,"campfire_upgraded":3,"win_rate":0.0,"timestamp":1612097899,"path_taken":["M","?","M","?","M","E","R","E","T","?","R","?","R","?","R","BOSS","M","$","M","M","M","R","M","R","T","E","?","M","M","$","R","BOSS"],"items_purchased_type":["Relic","Card","Card","Card","Card","Card"],"build_version":"2020-12-22","purchased_purges":1,"victory":false,"max_hp_per_floor":[80,80,80,80,80,80,80,80,80,80,80,80,80,80,80,80,80,80,80,80,80,80,80,80,80,80,80,80,80,80,80,80,80,80],"card_choices":[{"not_picked":["Heavy Blade","Metallicize"],"picked":"Carnage","floor":0.0},{"not_picked":["Headbutt","Disarm"],"picked":"Body Slam","floor":1.0},{"not_picked":["Twin Strike","True Grit"],"picked":"Clothesline","floor":3.0},{"not_picked":["Flex","Headbutt","Hemokinesis"],"picked":"SKIP","floor":4.0},{"not_picked":["Iron Wave","Flex"],"picked":"Double Tap","floor":5.0},{"not_picked":["Sword Boomerang","Rage"],"picked":"Evolve","floor":6.0},{"not_picked":["Anger","Flex"],"picked":"Pommel Strike","floor":8.0},{"not_picked":["Reaper","Bludgeon"],"picked":"Demon Form","floor":16.0},{"not_picked":["Perfected Strike","Warcry"],"picked":"Whirlwind+1","floor":18.0},{"not_picked":["Clash","Metallicize"],"picked":"Iron Wave+1","floor":20.0},{"not_picked":["Anger+1","Entrench"],"picked":"Thunderclap","floor":21.0},{"not_picked":["Body Slam","Cleave+1"],"picked":"Wild Strike+1","floor":22.0},{"not_picked":["Iron Wave","Second Wind","Twin Strike"],"picked":"SKIP","floor":24.0},{"not_picked":["Sever Soul","Pommel Strike+1"],"picked":"Havoc","floor":27.0},{"not_picked":["Blood for Blood","Perfected Strike"],"picked":"Power Through","floor":29.0},{"not_picked":["Feel No Pain","Berserk","Iron Wave"],"picked":"SKIP","floor":30.0}],"player_experience":250181,"relics_obtained":[{"floor":6.0,"key":"Blood Vial"},{"floor":8.0,"key":"Girya"},{"floor":9.0,"key":"Bottled Lightning"},{"floor":26.0,"key":"Kunai"},{"floor":27.0,"key":"Toy Ornithopter"}],"event_choices":[{"damage_healed":0.0,"max_hp_gain":0.0,"max_hp_loss":0.0,"gold_gain":0.0,"event_name":"Accursed Blacksmith","player_choice":"Forge","floor":2.0,"gold_loss":0.0,"damage_taken":0.0,"cards_upgraded":["Body Slam"]},{"damage_healed":0.0,"max_hp_gain":0.0,"max_hp_loss":0.0,"gold_gain":0.0,"event_name":"Shining Light","player_choice":"Entered Light","floor":12.0,"gold_loss":0.0,"damage_taken":16.0,"cards_upgraded":["Defend_R","Defend_R"]},{"damage_healed":0.0,"max_hp_gain":0.0,"max_hp_loss":0.0,"gold_gain":0.0,"event_name":"Living Wall","player_choice":"Grow","floor":14.0,"gold_loss":0.0,"damage_taken":0.0,"cards_upgraded":["Double Tap"]},{"damage_healed":0.0,"max_hp_gain":0.0,"max_hp_loss":0.0,"gold_gain":0.0,"event_name":"The Mausoleum","player_choice":"Opened","floor":28.0,"gold_loss":0.0,"damage_taken":0.0,"relics_obtained":["Juzu Bracelet"],"cards_obtained":["Writhe"]}],"is_beta":false,"boss_relics":[{"not_picked":["Runic Dome","Busted Crown"],"picked":"Coffee Dripper"}],"items_purged_floors":[10],"is_endless":false,"potions_floor_spawned":[4,5,16,18,24,27,29],"killed_by":"Champ","ascension_level":4}}