{"host":"f0gpob8hq9vgebej","time":1612080617,"event":{"mods":["AchievementEnabler","BaseMod","Minty Spire (QoL Compilation)","Quick Restart","SuperFastMode"],"gold_per_floor":[55,109,124,136,153,153,153,185,203,285,285,299,314,339,353,353,353,353],"floor_reached":16,"language":"KOR","playtime":308,"items_purged":[],"score":203,"play_id":"e6ba501a-5788-4a79-9959-821f30333b4e","local_time":"20210131171017","is_ascension_mode":true,"campfire_choices":[{"data":"Uppercut","floor":6.0,"key":"SMITH"},{"data":"Inflame","floor":10.0,"key":"SMITH"},{"data":"Shrug It Off","floor":15.0,"key":"SMITH"}],"circlet_count":0,"master_deck":["AscendersBane","Strike_R","Strike_R","Strike_R","Strike_R","Defend_R","Defend_R","Defend_R","Defend_R","Bash","Pommel Strike","Uppercut+1","Inflame+1","Sword Boomerang","Evolve","Shrug It Off+1","Impervious","Dropkick"],"relics":["Burning Blood","Juzu Bracelet","Paper Frog","Charon\u0027s Ashes"],"acts_visited":["Exordium"],"potions_floor_usage":[16,16],"damage_taken":[{"damage":3.0,"enemies":"Small Slimes","floor":1.0,"turns":4.0},{"damage":6.0,"enemies":"2 Louse","floor":2.0,"turns":3.0},{"damage":2.0,"enemies":"Jaw Worm","floor":3.0,"turns":3.0},{"damage":22.0,"enemies":"Exordium Wildlife","floor":4.0,"turns":5.0},{"damage":28.0,"enemies":"Gremlin Nob","floor":7.0,"turns":4.0},{"damage":9.0,"enemies":"Blue Slaver","floor":8.0,"turns":3.0},{"damage":13.0,"enemies":"Red Slaver","floor":11.0,"turns":3.0},{"damage":9.0,"enemies":"3 Louse","floor":12.0,"turns":4.0},{"damage":15.0,"enemies":"3 Sentries","floor":13.0,"turns":7.0},{"damage":2.0,"enemies":"2 Fungi Beasts","floor":14.0,"turns":4.0},{"damage":0,"enemies":"Slime Boss","floor":16,"turns":4}],"seed_played":"7251430337609210440","potions_obtained":[{"floor":1.0,"key":"DuplicationPotion"},{"floor":4.0,"key":"LiquidMemories"},{"floor":11.0,"key":"LiquidMemories"},{"floor":13.0,"key":"Dexterity Potion"},{"floor":14.0,"key":"GamblersBrew"}],"is_trial":false,"path_per_floor":["M","M","M","M","?","R","E","M","T","R","M","M","E","M","R","B"],"character_chosen":"IRONCLAD","items_purchased":[],"campfire_rested":0,"item_purchase_floors":[],"current_hp_per_floor":[1,71,71,75,59,64,64,42,39,39,39,32,29,20,24,24,24,24],"gold":353,"neow_bonus":"REMOVE_CARD","is_daily":false,"chose_seed":false,"campfire_upgraded":3,"win_rate":0.0,"timestamp":1612080617,"path_taken":["M","M","M","M","?","R","E","M","T","R","M","M","E","M","R","BOSS"],"items_purchased_type":[],"build_version":"2020-12-22","purchased_purges":0,"victory":false,"max_hp_per_floor":[82,75,75,75,75,80,80,80,80,80,80,80,80,80,80,80,80,80],"card_choices":[{"not_picked":["Reckless Charge","Heavy Blade"],"picked":"Pommel Strike","floor":1.0},{"not_picked":["Cleave","Thunderclap"],"picked":"Uppercut","floor":2.0},{"not_picked":["Havoc","Intimidate","Warcry"],"picked":"SKIP","floor":3.0},{"not_picked":["Clash","Battle Trance"],"picked":"Inflame","floor":4.0},{"not_picked":["Anger","Wild Strike"],"picked":"Sword Boomerang","floor":7.0},{"not_picked":["Second Wind","True Grit","Blood for Blood"],"picked":"SKIP","floor":8.0},{"not_picked":["Wild Strike","Havoc"],"picked":"Evolve","floor":11.0},{"not_picked":["Twin Strike","Clothesline"],"picked":"Shrug It Off","floor":12.0},{"not_picked":["Inflame","Clothesline"],"picked":"Impervious","floor":13.0},{"not_picked":["Twin Strike","Flex"],"picked":"Dropkick","floor":14.0}],"player_experience":309685,"relics_obtained":[{"floor":7.0,"key":"Juzu Bracelet"},{"floor":9.0,"key":"Paper Frog"},{"floor":13.0,"key":"Charon\u0027s Ashes"}],"event_choices":[{"damage_healed":0.0,"max_hp_gain":5.0,"max_hp_loss":0.0,"gold_gain":0.0,"event_name":"Big Fish","player_choice":"Donut","floor":5.0,"gold_loss":0.0,"damage_taken":0.0}],"is_beta":false,"boss_relics":[],"items_purged_floors":[],"is_endless":false,"potions_floor_spawned":[1,4,11,13,14],"killed_by":"Slime Boss","ascension_level":15}}