{"host":"d54lcqy5t45er8jx","time":1612093944,"event":{"mods":["2.2 Compatiblity","BaseMod","CapriCore","Defuse TimeMaze Blight","Hermit","Hubris","Infinite Spire","Marisa£¨Ùöéë¡¡Øª×âÞÞ£©","Minty Spire (QoL Compilation)","Rare Cards Sparkle","Relic Stats","StSLib","The Animator","The Cursed","The Immortal","The Servant 0.9.4","WarShipGirlsR/??á´Ò³R mod"],"gold_per_floor":[115,115,134,30,30,30,30],"floor_reached":6,"language":"ENG","playtime":215,"items_purged":["animator:Raven"],"score":118,"play_id":"05b8e673-6e7f-4d98-927f-516dfa8ba169","local_time":"20210131205223","daily_mods":["Draft","Insanity","Heirloom","DeadlyEvents","Elite Swarm","Uncertain Future"],"is_ascension_mode":true,"campfire_choices":[],"circlet_count":0,"master_deck":["AscendersBane","animator:Azekura","animator:Yoichi","animator:Demiurge","animator:OrikoMikuni","animator:Berserker","animator:Hakurou","animator:LeleiLaLalena","animator:Chris","animator:Yuuichirou","animator:MaesHughes","animator:Yoichi","animator:DolaStephanie","animator:IrohaTamaki","animator:Pride","animator:Jibril","animator:DolaCouronne","animator:Kazuma","animator:Mitsuba","animator:Mitsurugi","animator:Vanir","animator:Jibril","animator:LizardPriest","animator:Verdia","animator:AcuraTooru","animator:Kuribayashi","animator:ChaikaBohdan","animator:Gillette","animator:UneriGinkaku","animator:CowGirl","animator:Kuribayashi","animator:Bozes","animator:PandorasActor","animator:Add","animator:MamiTomoe","animator:Caster","animator:Darkness","animator:Mikaela","animator:AcuraAkari","animator:LeleiLaLalena","animator:Verdia","animator:DolaStephanie","animator:Azekura","animator:Tatsumaki","animator:Viivi","animator:Caster","animator:Chung","animator:Vanir","animator:ChaikaBohdan+1","animator:Aqua","animator:CowGirl","animator:KyokoSakura","animator:Illya","animator:RinTohsaka","animator:Viivi","animator:Mikaela","animator:Shuna+1","animator:Verdia","animator:Shuna","animator:Sloth","animator:MaesHughes","animator:MamiTomoe","animator:RoyMustang","animator:Mikaela","animator:OrikoMikuni","animator:DwarfShaman","animator:DolaSchwi"],"relics":["animator:LivingPicture","animator:TheMissingPiece","animator:PurgingStone","Turnip"],"acts_visited":["Exordium"],"potions_floor_usage":[],"damage_taken":[{"damage":2,"enemies":"Small Slimes","floor":1,"turns":3},{"damage":7,"enemies":"2 Louse","floor":3,"turns":2},{"damage":24,"enemies":"3 Sentries","floor":6,"turns":2}],"seed_played":"1940481560131020936","potions_obtained":[],"is_trial":true,"path_per_floor":["M","?","M","$","?","E"],"character_chosen":"THE_ANIMATOR","items_purchased":["animator:DolaSchwi"],"campfire_rested":0,"item_purchase_floors":[4],"current_hp_per_floor":[52,45,38,38,20,0,0],"gold":30,"neow_bonus":"","is_daily":false,"chose_seed":false,"campfire_upgraded":0,"win_rate":0.0,"timestamp":1612093943,"path_taken":["M","?","M","$","?","E"],"items_purchased_type":["Card"],"build_version":"2020-12-22","purchased_purges":1,"victory":false,"max_hp_per_floor":[60,60,60,60,60,60,60],"relic_stats":{"counters":[3,7],"Turnip":[0],"obtain_stats":[{"animator:PurgingStone":0,"animator:TheMissingPiece":0,"animator:LivingPicture":0,"Turnip":0},{"animator:PurgingStone":0,"animator:TheMissingPiece":0,"animator:LivingPicture":0,"Turnip":0},{"animator:PurgingStone":0,"animator:TheMissingPiece":0,"animator:LivingPicture":0,"Turnip":0}]},"card_choices":[{"not_picked":["animator:Shichika","animator:Mitsuba"],"picked":"animator:Aqua","floor":0},{"not_picked":["animator:IrohaTamaki","animator:TukaLunaMarceau"],"picked":"animator:CowGirl","floor":0},{"not_picked":["animator:HighElfArcher","animator:Sonic"],"picked":"animator:KyokoSakura","floor":0},{"not_picked":["animator:Konayuki","animator:Ara"],"picked":"animator:Illya","floor":0},{"not_picked":["animator:Ciel","animator:DolaCouronne"],"picked":"animator:RinTohsaka","floor":0},{"not_picked":["animator:Assassin","animator:ChaikaBohdan"],"picked":"animator:Viivi","floor":0},{"not_picked":["animator:ElricAlphonse","animator:RinTohsaka"],"picked":"animator:Mikaela","floor":0},{"not_picked":["animator:EmiyaShirou","animator:UneriGinkaku"],"picked":"animator:Shuna","floor":0},{"not_picked":["animator:Add","animator:Mitsurugi"],"picked":"animator:Verdia","floor":0},{"not_picked":["animator:Melzalgald","animator:UneriGinkaku"],"picked":"animator:Shuna","floor":0},{"not_picked":["animator:Guy","animator:Vesta"],"picked":"animator:Sloth","floor":0},{"not_picked":["animator:Ciel","animator:Verdia"],"picked":"animator:MaesHughes","floor":0},{"not_picked":["animator:Mitsuba","animator:MaesHughes"],"picked":"animator:MamiTomoe","floor":0},{"not_picked":["animator:Alexander","animator:Demiurge"],"picked":"animator:RoyMustang","floor":0},{"not_picked":["animator:Witch","animator:Azekura"],"picked":"animator:Mikaela","floor":0},{"not_picked":["animator:Fredrika","animator:Shuna"],"picked":"animator:OrikoMikuni","floor":1},{"not_picked":["animator:Ain","animator:Layla"],"picked":"animator:DwarfShaman","floor":3}],"player_experience":973994,"relics_obtained":[],"event_choices":[{"cards_removed":["animator:Shichika"],"damage_healed":0,"gold_gain":0,"player_choice":"Card Removal","damage_taken":7,"max_hp_gain":0,"max_hp_loss":0,"event_name":"Golden Wing","floor":2,"gold_loss":0},{"damage_healed":0,"gold_gain":0,"player_choice":"Entered Light","damage_taken":18,"max_hp_gain":0,"max_hp_loss":0,"event_name":"Shining Light","floor":5,"gold_loss":0,"cards_upgraded":["animator:ChaikaBohdan","animator:Shuna"]}],"is_beta":false,"boss_relics":[],"items_purged_floors":[4],"is_endless":false,"potions_floor_spawned":[],"killed_by":"3 Sentries","ascension_level":20}}