{"host":"4qkvkh7pd9qr2mca","time":1612119844,"event":{"mods":["AchievementEnabler","Act Like it!","BaseMod","Colored Map","Colored Powertips","Highlight Path","Minty Spire (QoL Compilation)","Pale of the Ancients","Permanent Neow","Quick Restart","Relic Stats","StSLib","SuperFastMode"],"gold_per_floor":[17,31,31,51,67,67,99,99,99,99,118,151,168,202,202,278,278,298,298,298],"floor_reached":19,"language":"ENG","playtime":796,"items_purged":[],"score":378,"play_id":"04b95150-5c97-4b55-b7bd-17b00707a0fb","local_time":"20210131200404","is_ascension_mode":true,"campfire_choices":[{"data":"Finisher","floor":6.0,"key":"SMITH"},{"data":"Cloak And Dagger","floor":8.0,"key":"SMITH"},{"floor":10.0,"key":"REST"},{"floor":15.0,"key":"REST"}],"circlet_count":0,"master_deck":["AscendersBane","Survivor","Neutralize+1","Cloak And Dagger+1","Flying Knee","Finisher+1","Acrobatics","Backflip","Blade Dance","Calculated Gamble","Corpse Explosion","Envenom","Reflex","Tools of the Trade","Backflip","Cloak And Dagger","Well Laid Plans","Expertise","Well Laid Plans","Crippling Poison"],"relics":["Ring of the Snake","Blood Vial","Singing Bowl","StoneCalendar","Question Card","Pandora\u0027s Box"],"acts_visited":["Exordium","TheCity"],"potions_floor_usage":[16],"damage_taken":[{"damage":1.0,"enemies":"Jaw Worm","floor":1.0,"turns":5.0},{"damage":0.0,"enemies":"Cultist","floor":2.0,"turns":4.0},{"damage":1.0,"enemies":"Small Slimes","floor":4.0,"turns":3.0},{"damage":0.0,"enemies":"Looter","floor":5.0,"turns":4.0},{"damage":24.0,"enemies":"Lagavulin","floor":7.0,"turns":6.0},{"damage":3.0,"enemies":"Exordium Wildlife","floor":11.0,"turns":4.0},{"damage":11.0,"enemies":"Gremlin Nob","floor":12.0,"turns":3.0},{"damage":8.0,"enemies":"2 Fungi Beasts","floor":13.0,"turns":5.0},{"damage":24.0,"enemies":"Lagavulin","floor":14.0,"turns":5.0},{"damage":11,"enemies":"Hexaghost","floor":16,"turns":8},{"damage":19,"enemies":"Spheric Guardian","floor":18,"turns":6},{"damage":0,"enemies":"Chosen","floor":19,"turns":1}],"seed_played":"8044685825666182358","potions_obtained":[{"floor":1.0,"key":"PowerPotion"},{"floor":11.0,"key":"Explosive Potion"},{"floor":13.0,"key":"BlessingOfTheForge"},{"floor":14.0,"key":"Strength Potion"},{"floor":16,"key":"Explosive Potion"},{"floor":18,"key":"ColorlessPotion"}],"is_trial":false,"path_per_floor":["M","M","?","M","M","R","E","R","T","R","M","E","M","E","R","B",null,"M","M"],"character_chosen":"THE_SILENT","items_purchased":[],"campfire_rested":2,"item_purchase_floors":[],"current_hp_per_floor":[58,58,58,57,57,57,33,33,33,52,51,42,38,18,39,30,60,45,47,47],"gold":298,"neow_bonus":"TRANSFORM_TWO_CARDS","is_daily":false,"chose_seed":false,"campfire_upgraded":2,"win_rate":0.0,"timestamp":1612119844,"path_taken":["M","M","?","M","M","R","E","R","T","R","M","E","M","E","R","BOSS","M","M"],"items_purchased_type":[],"build_version":"2020-12-22","purchased_purges":0,"victory":false,"max_hp_per_floor":[66,66,66,66,66,66,66,66,66,66,66,66,68,70,70,70,70,72,72,72],"relic_stats":{"Blood Vial":14,"Singing Bowl":6,"counters":[12,54],"StoneCalendar":[52],"Pandora\u0027s Box":["Reflex","Tools of the Trade","Backflip","Cloak And Dagger","Well Laid Plans","Expertise","Well Laid Plans","Crippling Poison"],"Question Card":2,"obtain_stats":[{"Blood Vial":7,"Singing Bowl":9,"StoneCalendar":12,"Pandora\u0027s Box":17,"Question Card":14,"Ring of the Snake":0},{"Blood Vial":5,"Singing Bowl":5,"StoneCalendar":7,"Pandora\u0027s Box":10,"Question Card":9,"Ring of the Snake":0},{"Blood Vial":22,"Singing Bowl":22,"StoneCalendar":29,"Pandora\u0027s Box":47,"Question Card":39,"Ring of the Snake":0}],"Ring of the Snake":[24]},"card_choices":[{"not_picked":["Expertise","Cloak And Dagger"],"picked":"Finisher","floor":1.0},{"not_picked":["Eviscerate","Deadly Poison"],"picked":"Acrobatics","floor":2.0},{"not_picked":["Setup","Backstab"],"picked":"Backflip","floor":4.0},{"not_picked":["Well Laid Plans","Distraction"],"picked":"Blade Dance","floor":5.0},{"not_picked":["All Out Attack","Finisher","Quick Slash"],"picked":"SKIP","floor":7.0},{"not_picked":["Choke","All Out Attack"],"picked":"Calculated Gamble","floor":11.0},{"not_picked":["Cloak And Dagger","Skewer"],"picked":"Corpse Explosion","floor":12.0},{"not_picked":["Flying Knee","Prepared","Deadly Poison"],"picked":"Singing Bowl","floor":13.0},{"not_picked":["Corpse Explosion","Bane","Flying Knee"],"picked":"Singing Bowl","floor":14.0},{"not_picked":["Wraith Form v2","Night Terror","Corpse Explosion"],"picked":"Envenom","floor":16},{"not_picked":["Slice","Underhanded Strike","Riddle With Holes","Poisoned Stab"],"picked":"Singing Bowl","floor":18}],"player_experience":599314,"relics_obtained":[{"floor":7.0,"key":"Blood Vial"},{"floor":9.0,"key":"Singing Bowl"},{"floor":12.0,"key":"StoneCalendar"},{"floor":14.0,"key":"Question Card"}],"event_choices":[{"damage_healed":0.0,"max_hp_gain":0.0,"max_hp_loss":0.0,"gold_gain":0.0,"event_name":"Living Wall","player_choice":"Grow","floor":3.0,"gold_loss":0.0,"damage_taken":0.0,"cards_upgraded":["Neutralize"]}],"is_beta":false,"boss_relics":[{"not_picked":["Ring of the Serpent","SacredBark"],"picked":"Pandora\u0027s Box"}],"items_purged_floors":[],"is_endless":false,"potions_floor_spawned":[1,11,13,14,16,18],"killed_by":"Chosen","ascension_level":20}}