{"host":"zxkjcgzis4pm3za5","time":1612103664,"event":{"mods":["AchievementEnabler","Act Like it!","BaseMod","Colored Map","Colored Powertips","Friendly Minions","GifTheSpireLib","Minty Spire (QoL Compilation)","Quick Restart","Random Character Button","Relic Sorter","Relic Stats","StSLib"],"gold_per_floor":[18,30,40,40,54,54,72,72,72],"floor_reached":8,"language":"ENG","playtime":318,"items_purged":[],"score":95,"play_id":"1ac874d6-c0ce-4127-96e6-2b80a6a5b897","local_time":"20210131200424","is_ascension_mode":true,"campfire_choices":[{"data":"Flechettes","floor":6,"key":"SMITH"}],"circlet_count":0,"master_deck":["AscendersBane","Strike_G","Strike_G","Strike_G","Strike_G","Strike_G","Defend_G","Defend_G","Defend_G","Defend_G+1","Defend_G","Survivor","Neutralize","Flechettes+1","Dagger Throw","Acrobatics+1","Deflect","PiercingWail"],"relics":["Ring of the Snake","Thread and Needle"],"acts_visited":["Exordium"],"potions_floor_usage":[7],"damage_taken":[{"damage":0,"enemies":"Small Slimes","floor":1,"turns":4},{"damage":3,"enemies":"Jaw Worm","floor":2,"turns":4},{"damage":0,"enemies":"Cultist","floor":3,"turns":3},{"damage":0,"enemies":"Looter","floor":5,"turns":3},{"damage":6,"enemies":"Large Slime","floor":7,"turns":6},{"damage":32,"enemies":"Lagavulin","floor":8,"turns":10}],"seed_played":"6389302442862009781","potions_obtained":[{"floor":2,"key":"Strength Potion"}],"is_trial":false,"path_per_floor":["M","M","M","?","M","R","M","E"],"character_chosen":"THE_SILENT","items_purchased":[],"campfire_rested":0,"item_purchase_floors":[],"current_hp_per_floor":[59,56,56,36,36,36,30,0,0],"gold":72,"neow_bonus":"ONE_RARE_RELIC","is_daily":false,"chose_seed":false,"campfire_upgraded":1,"win_rate":0.0,"timestamp":1612103664,"path_taken":["M","M","M","?","M","R","M","E"],"items_purchased_type":[],"build_version":"2020-12-22","purchased_purges":0,"victory":false,"max_hp_per_floor":[66,66,66,66,66,66,66,66,66],"relic_stats":{"counters":[6,30],"obtain_stats":[{"Thread and Needle":0,"Ring of the Snake":0},{"Thread and Needle":0,"Ring of the Snake":0},{"Thread and Needle":0,"Ring of the Snake":0}],"Ring of the Snake":[12]},"card_choices":[{"not_picked":["PiercingWail","Backflip"],"picked":"Flechettes","floor":1},{"not_picked":["Poisoned Stab","Underhanded Strike"],"picked":"Dagger Throw","floor":2},{"not_picked":["Masterful Stab","Setup"],"picked":"Acrobatics","floor":3},{"not_picked":["Masterful Stab","Setup"],"picked":"Deflect","floor":5},{"not_picked":["Outmaneuver","Quick Slash"],"picked":"PiercingWail","floor":7}],"player_experience":300228,"relics_obtained":[],"event_choices":[{"damage_healed":0,"gold_gain":0,"player_choice":"Entered Light","damage_taken":20,"max_hp_gain":0,"max_hp_loss":0,"event_name":"Shining Light","floor":4,"gold_loss":0,"cards_upgraded":["Acrobatics","Defend_G"]}],"is_beta":false,"boss_relics":[],"items_purged_floors":[],"is_endless":false,"potions_floor_spawned":[2],"killed_by":"Lagavulin","ascension_level":18}}