{"host":"0z6l31g9ps0v9zzp","time":1612109805,"event":{"mods":["Act Like it!","Arknights","BaseMod","CapriCore","Minty Spire (QoL Compilation)","MostiFishMod","StSLib","[IsaacMod]ÒÔÈö¼âËþ"],"gold_per_floor":[117,192,206,131,149,184,196,209,232,246,280,290,290,308,308,308,308],"floor_reached":16,"language":"ZHS","playtime":399,"items_purged":[],"score":282,"play_id":"48352660-47e5-426c-9291-151069049ae2","local_time":"20210201001645","daily_mods":["Heirloom"],"is_ascension_mode":true,"campfire_choices":[{"data":"ats:Thorns","floor":15,"key":"SMITH"}],"circlet_count":0,"master_deck":["AscendersBane","ats:Strike G","ats:Strike S","ats:Strike V","ats:Armor Crushing Shot","ats:Defend","ats:Defend","ats:Defend","ats:Defend","ats:Emotion Absorption","ats:Thorns","ats:Thorns+1","ats:Magnetic Hammer","ats:Explosion Area Strengthen","ats:Shell Defense","ats:Guard Mode"],"relics":["ats:Sanity","DaveBox","HushsDoor","MoneyPower","SentryEyes","Du-Vu Doll","SynthV:TestCard","ats:Originium","GuppysHead","Vajra","Anchor"],"acts_visited":["Exordium"],"potions_floor_usage":[16,16],"damage_taken":[{"damage":0,"enemies":"Small Slimes","floor":1,"turns":1},{"damage":0,"enemies":"2 Louse","floor":3,"turns":2},{"damage":6,"enemies":"Jaw Worm","floor":5,"turns":2},{"damage":0,"enemies":"3 Sentries","floor":6,"turns":1},{"damage":5,"enemies":"Looter","floor":7,"turns":2},{"damage":8,"enemies":"3 Louse","floor":8,"turns":2},{"damage":0,"enemies":"Large Slime","floor":10,"turns":2},{"damage":29,"enemies":"Lagavulin","floor":11,"turns":6},{"damage":0,"enemies":"Red Slaver","floor":12,"turns":2},{"damage":0,"enemies":"3 Louse","floor":14,"turns":1},{"damage":8,"enemies":"Slime Boss","floor":16,"turns":3}],"seed_played":"9054296535598012918","potions_obtained":[{"floor":1,"key":"ats:Top Emergency Sanity Potion"},{"floor":6,"key":"Swift Potion"},{"floor":14,"key":"BlessingOfTheForge"}],"is_trial":true,"path_per_floor":["M","?","M","?","M","E","M","M","T","M","E","M","?","M","R","B"],"character_chosen":"DOCTOR_CLASS","items_purchased":[],"campfire_rested":0,"item_purchase_floors":[],"current_hp_per_floor":[64,53,53,53,47,47,42,34,34,34,5,5,5,5,5,0,0],"gold":308,"neow_bonus":"","is_daily":false,"chose_seed":false,"campfire_upgraded":1,"win_rate":0.0,"timestamp":1612109805,"path_taken":["M","?","M","?","M","E","M","M","T","M","E","M","?","M","R","BOSS"],"items_purchased_type":[],"build_version":"2020-12-22","purchased_purges":0,"victory":false,"max_hp_per_floor":[71,71,71,71,71,71,71,71,71,71,71,71,71,71,71,71,71],"card_choices":[{"not_picked":["ats:Blood Oath","ats:Part Time Job"],"picked":"ats:Thorns","floor":1},{"not_picked":["ats:Collapsing Strike","ats:Assault Order","ats:Leaping Hammer","ats:Cat Scratch"],"picked":"ats:Thorns","floor":3},{"not_picked":["ats:Powerful Strike","ats:Explosion Area Strengthen","ats:Hammer On","ats:Poison Spread"],"picked":"Bomb","floor":5},{"not_picked":["ats:Leaping Hammer","ats:Collapsing Strike","ats:Explosion Area Strengthen","ats:Assault Order","ats:Revitalization"],"picked":"SKIP","floor":6},{"not_picked":["ats:Curse Doll","ats:Hammer On","ats:Assault Order","ats:Volcano"],"picked":"ats:Magnetic Hammer","floor":7},{"not_picked":["ats:Apocalypse","ats:Explosion Area Strengthen","ats:Very Hot Blade","ats:Consecutive Shot Auto","ats:Powerful Strike"],"picked":"SKIP","floor":8},{"not_picked":["ats:Apocalypse","ats:Very Hot Blade","ats:Consecutive Shot Auto","ats:Powerful Strike"],"picked":"ats:Explosion Area Strengthen","floor":8},{"not_picked":["ats:Absolute Focus","ats:Powerful Strike","ats:Guard Mode","ats:Assault Order"],"picked":"ats:Shell Defense","floor":10},{"not_picked":["ats:Shadow Assault","ats:Healing Strengthening","ats:Ignite","ats:Explosion Area Strengthen","ats:Flexible Camouflage"],"picked":"SKIP","floor":11},{"not_picked":["ats:Consecutive Shot Auto","ats:Healing Strengthening","ats:Steam Pump","ats:Flexible Camouflage","ats:Spore Proliferation"],"picked":"SKIP","floor":12},{"not_picked":["ats:Flame Of Heaven","ats:Hook Shot","ats:Directed Diagnosis","ats:Ignite"],"picked":"ats:Guard Mode","floor":14}],"player_experience":282855,"relics_obtained":[{"floor":1,"key":"SynthV:TestCard"},{"floor":6,"key":"ats:Originium"},{"floor":6,"key":"GuppysHead"},{"floor":9,"key":"Vajra"},{"floor":11,"key":"ats:Originium"},{"floor":11,"key":"Anchor"}],"event_choices":[{"damage_healed":0,"gold_gain":75,"player_choice":"Gather Gold","damage_taken":11,"max_hp_gain":0,"max_hp_loss":0,"event_name":"World of Goop","floor":2,"gold_loss":0},{"cards_removed":["ats:Strike C"],"damage_healed":0,"gold_gain":0,"player_choice":"Card Removal","damage_taken":0,"max_hp_gain":0,"max_hp_loss":0,"event_name":"The Cleric","floor":4,"gold_loss":75},{"damage_healed":0,"gold_gain":0,"player_choice":"Ignored","damage_taken":0,"max_hp_gain":0,"max_hp_loss":0,"event_name":"Liars Game","floor":13,"gold_loss":0}],"is_beta":false,"boss_relics":[],"items_purged_floors":[],"is_endless":false,"potions_floor_spawned":[1,6,11,12,14],"killed_by":"Slime Boss","ascension_level":20}}