{"host":"6p0attdrtjqaih7v","time":1612061535,"event":{"mods":["2.2 Compatiblity","AchievementEnabler","Bard","BaseMod","Better Skull","Better Third Choice","Colored Powertips","Downfall","Hermit","Highlight Path","Key Reminder","Minty Spire (QoL Compilation)","Permanent Neow","Quick Restart","Random Character Button","Relic Stats","Replay The Spire","Robot Space Explorer","StSLib","The Witch"],"gold_per_floor":[99,116,116,130,15,31,82,94,16,16,26,11,11,23,41,145,145,145,156,173,173,264,283,283,293,293,310,342,342,342,368,384,482,482,482,495,514,21,21,21,47,85,101,123,156,185,185,9,22,22],"floor_reached":51,"language":"ENG","playtime":3525,"items_purged":["hexamod:Strike","hexamod:Sear","hexamod:Defend"],"score":863,"play_id":"0c2bdac9-90d4-4a9a-b4ac-2ba55ee285c8","local_time":"20210130215215","is_ascension_mode":false,"campfire_choices":[{"floor":1,"key":"RECALL"},{"data":"hexamod:HeatCrush","floor":10,"key":"SMITH"},{"data":"hexamod:SoulSteal","floor":13,"key":"SMITH"},{"data":"hexamod:GhostflameBarrier","floor":18,"key":"SMITH"},{"data":"hexamod:GhostflameBarrier","floor":26,"key":"SMITH"},{"floor":29,"key":"REST"},{"data":"hexamod:ApocalypticArmor","floor":35,"key":"SMITH"},{"floor":47,"key":"REST"}],"circlet_count":0,"master_deck":["hexamod:Defend","hexamod:Defend","hexamod:Defend","hexamod:Float+1","hexamod:HeatCrush+1","hexamod:Firestarter","hexamod:ChargedBarrage","hexamod:Firestarter","hexamod:ThirdSeal","hexamod:SoulSteal+1","hexamod:SwordOfDarkness","hexamod:GhostflameBarrier+1","hexamod:TimeWarp","hexamod:TimeWarp","hexamod:FastForward+1","hexamod:AdvancingGuard","hexamod:HexaLevel","hexamod:NightmareGuise","hexamod:SwordOfDarkness","hexamod:GhostflameBarrier+1","hexamod:StepThrough","hexamod:FastForward+1","hexamod:FastForward+1","hexamod:ShieldOfDarkness+1","hexamod:AdvancingGuard","hexamod:SearingWound","hexamod:ApocalypticArmor+1","AbeCurse","hexamod:BurningTouch+1","hexamod:GhostflameBarrier+1","hexamod:FastForward","hexamod:TimeOfNeed","hexamod:ExtraCrispy+1","hexamod:SwordOfDarkness+1","hexamod:NecessarySacrifice","hexamod:FlamesFromBeyond+1","hexamod:NightmareGuise+1","expansioncontent:DashGenerateEvil"],"relics":["hexamod:SpiritBrand","keyreminder:keyreminder","Anchor","Replay:Grab Bag","ReplayTheSpireMod:Onyx Gauntlets","Replay:Drink Me","StrikeDummy","MealTicket","Du-Vu Doll","Abe\u0027s Treasure","FossilizedHelix","sneckomod:BlankCard","CeramicFish"],"acts_visited":["Exordium","TheCity","TheBeyond"],"potions_floor_usage":[12,16,16,23,25,28,30,31,33,50],"damage_taken":[{"damage":0,"enemies":"Small Slimes","floor":2,"turns":3},{"damage":0,"enemies":"Cultist","floor":4,"turns":3},{"damage":0,"enemies":"downfall:FleeingMerchant","floor":5,"turns":4},{"damage":9,"enemies":"2 Louse","floor":6,"turns":3},{"damage":5,"enemies":"downfall:FleeingMerchant","floor":9,"turns":4},{"damage":6,"enemies":"Red Slaver","floor":11,"turns":3},{"damage":0,"enemies":"downfall:FleeingMerchant","floor":12,"turns":4},{"damage":0,"enemies":"2 Fungi Beasts","floor":14,"turns":3},{"damage":1,"enemies":"Gremlin Gang","floor":15,"turns":5},{"damage":31,"enemies":"WA_ARCHETYPE_RETAIN","floor":16,"turns":8},{"damage":0,"enemies":"Spheric Guardian","floor":19,"turns":3},{"damage":5,"enemies":"Centurion and Healer","floor":20,"turns":3},{"damage":2,"enemies":"downfall:FleeingMerchant","floor":22,"turns":4},{"damage":7,"enemies":"Snake Plant","floor":23,"turns":3},{"damage":0,"enemies":"Sentry and Sphere","floor":25,"turns":3},{"damage":0,"enemies":"Shelled Parasite and Fungi","floor":27,"turns":3},{"damage":12,"enemies":"Book of Stabbing","floor":28,"turns":4},{"damage":4,"enemies":"Slavers","floor":31,"turns":3},{"damage":0,"enemies":"Centurion and Healer","floor":32,"turns":3},{"damage":15,"enemies":"SI_MIRROR_ARCHETYPE","floor":33,"turns":8},{"damage":0,"enemies":"Orb Walker","floor":36,"turns":4},{"damage":7,"enemies":"3 Darklings","floor":37,"turns":4},{"damage":0,"enemies":"Reptomancer","floor":42,"turns":5},{"damage":0,"enemies":"Maw","floor":43,"turns":6},{"damage":0,"enemies":"Jaw Worm Horde","floor":44,"turns":3},{"damage":7,"enemies":"4 Shapes","floor":45,"turns":5},{"damage":0,"enemies":"Sphere and 2 Shapes","floor":46,"turns":4},{"damage":0,"enemies":"3 Darklings","floor":49,"turns":3},{"damage":0,"enemies":"DF_ARCHETYPE_ORBS","floor":50,"turns":8}],"seed_played":"-535739786207173846","potions_obtained":[{"floor":2,"key":"LifebloodPotion"},{"floor":4,"key":"Swift Potion"},{"floor":14,"key":"GamblersBrew"},{"floor":16,"key":"Strength Potion"},{"floor":23,"key":"PowerPotion"},{"floor":27,"key":"sneckomod:MuddlingPotion"},{"floor":28,"key":"FearPotion"},{"floor":30,"key":"FairyPotion"},{"floor":30,"key":"DistilledChaos"},{"floor":31,"key":"SpeedPotion"},{"floor":33,"key":"FearPotion"}],"is_trial":false,"path_per_floor":["R","M","?","M","$","M","T","?","$","R","M","$","R","M","M","B",null,"R","M","M","?","$","M","T","M","R","M","E","R","?","E","M","B",null,"R","M","M","$","?","?","T","E","M","M","M","M","R","$","M","B",null],"character_chosen":"THE_SPIRIT","items_purchased":["Strength Potion","hexamod:Firestarter","hexamod:SwordOfDarkness","EntropicBrew","hexamod:FastForward","FossilizedHelix","expansioncontent:DashGenerateEvil"],"campfire_rested":2,"item_purchase_floors":[5,5,22,22,38,38,48],"current_hp_per_floor":[70,70,70,70,70,61,61,61,56,56,50,50,50,50,49,18,53,53,53,48,48,46,39,39,39,39,39,27,42,42,38,38,23,53,53,53,46,53,53,53,53,53,53,53,46,46,53,53,53,53],"gold":22,"neow_bonus":"UPGRADE_CARD","is_daily":false,"chose_seed":false,"campfire_upgraded":5,"win_rate":0.0,"timestamp":1612061535,"path_taken":["R","M","?","?","$","M","T","?","$","R","M","?","R","M","M","BOSS","R","M","M","?","$","M","T","M","R","M","E","R","?","E","M","BOSS","R","M","M","$","?","?","T","E","M","M","M","?","R","?","M","BOSS"],"items_purchased_type":["Potion","Card","Card","Potion","Card","Relic","Card"],"build_version":"2020-12-22","purchased_purges":3,"victory":true,"max_hp_per_floor":[70,70,70,70,70,70,70,70,70,70,70,70,70,70,70,70,53,53,53,53,53,53,53,53,53,53,53,53,53,53,53,53,53,53,53,53,53,53,53,53,53,53,53,53,53,53,53,53,53,53],"relic_stats":{"counters":[29,119],"CeramicFish":54,"MealTicket":7,"obtain_stats":[{"Replay:Grab Bag":17,"sneckomod:BlankCard":41,"CeramicFish":42,"MawBank":7,"keyreminder:keyreminder":1,"Du-Vu Doll":31,"Anchor":8,"MealTicket":28,"ReplayTheSpireMod:Onyx Gauntlets":17,"Replay:Drink Me":17,"StrikeDummy":24,"hexamod:SpiritBrand":0,"Abe\u0027s Treasure":34,"FossilizedHelix":38},{"Replay:Grab Bag":10,"sneckomod:BlankCard":22,"CeramicFish":23,"MawBank":4,"keyreminder:keyreminder":0,"Du-Vu Doll":18,"Anchor":4,"MealTicket":17,"ReplayTheSpireMod:Onyx Gauntlets":10,"Replay:Drink Me":10,"StrikeDummy":14,"hexamod:SpiritBrand":0,"Abe\u0027s Treasure":20,"FossilizedHelix":22},{"Replay:Grab Bag":40,"sneckomod:BlankCard":85,"CeramicFish":90,"MawBank":13,"keyreminder:keyreminder":0,"Du-Vu Doll":66,"Anchor":13,"MealTicket":63,"ReplayTheSpireMod:Onyx Gauntlets":40,"Replay:Drink Me":40,"StrikeDummy":53,"hexamod:SpiritBrand":0,"Abe\u0027s Treasure":77,"FossilizedHelix":85}]},"card_choices":[{"not_picked":["hexamod:RetreatToShadows","hexamod:AdvancingGuard"],"picked":"hexamod:HeatCrush","floor":2},{"not_picked":["hexamod:ThermalTransfer","hexamod:GhostShield"],"picked":"hexamod:Firestarter","floor":4},{"not_picked":["hexamod:SwordOfDarkness","hexamod:SpectersWail"],"picked":"hexamod:ChargedBarrage","floor":5},{"not_picked":["hexamod:Haunt","hexamod:SpectralAdrenaline","hexamod:SpectralSpark"],"picked":"SKIP","floor":6},{"not_picked":["hexamod:FastForward","hexamod:HauntingEcho"],"picked":"hexamod:ThirdSeal","floor":9},{"not_picked":["hexamod:RecurringNightmare","hexamod:SecondSeal"],"picked":"hexamod:SoulSteal","floor":11},{"not_picked":["hexamod:AdvancingGuard","hexamod:SpectersWail","hexamod:EtherealExpedition"],"picked":"SKIP","floor":11},{"not_picked":["hexamod:GhostOfSpirePresent","hexamod:GhostShield"],"picked":"hexamod:SwordOfDarkness","floor":12},{"not_picked":["hexamod:ThermalTransfer","hexamod:SecondSeal"],"picked":"hexamod:GhostflameBarrier","floor":14},{"not_picked":["hexamod:Firestarter","hexamod:DynamicBlow","hexamod:EtherealExpedition"],"picked":"SKIP","floor":14},{"not_picked":["hexamod:AdvancingGuard","hexamod:Firestarter","hexamod:SuperheatedStrike"],"picked":"SKIP","floor":15},{"not_picked":["hexamod:FifthSeal","hexamod:FlameSwitch"],"picked":"hexamod:TimeWarp","floor":16},{"not_picked":["hexamod:VolcanoVisage","hexamod:ApocalypseNow"],"picked":"hexamod:TimeWarp","floor":16},{"not_picked":["hexamod:HauntingEcho","hexamod:ShieldOfDarkness"],"picked":"hexamod:FastForward+1","floor":19},{"not_picked":["hexamod:FastForward","hexamod:SecondSeal","hexamod:NightmareStrike+1"],"picked":"SKIP","floor":19},{"not_picked":["hexamod:NightmareStrike","hexamod:ThirdSeal"],"picked":"hexamod:AdvancingGuard","floor":20},{"not_picked":["hexamod:SpectralAdrenaline","hexamod:CatchUp","hexamod:RetreatToShadows"],"picked":"SKIP","floor":20},{"not_picked":["hexamod:SpectralAdrenaline","hexamod:RainOfEmbers"],"picked":"hexamod:HexaLevel","floor":22},{"not_picked":["hexamod:GhostLash+1","hexamod:SuperheatedStrike"],"picked":"hexamod:NightmareGuise","floor":22},{"not_picked":["hexamod:SpectralSpark","hexamod:Firestarter"],"picked":"hexamod:GhostflameBarrier","floor":23},{"not_picked":["hexamod:SpectralSpark","hexamod:InspiringFlames+1"],"picked":"hexamod:StepThrough","floor":23},{"not_picked":["hexamod:UnleashSpirits","hexamod:RecurringNightmare"],"picked":"hexamod:FastForward+1","floor":25},{"not_picked":["hexamod:HeatShield","hexamod:HauntingEcho"],"picked":"hexamod:FastForward+1","floor":27},{"not_picked":["hexamod:RetreatToShadows+1","hexamod:SpectersWail","hexamod:SuperheatedStrike"],"picked":"SKIP","floor":27},{"not_picked":["hexamod:Toasty","hexamod:InspiringFlames"],"picked":"hexamod:ShieldOfDarkness+1","floor":28},{"not_picked":["hexamod:HauntingEcho","hexamod:ShieldOfDarkness","hexamod:DynamicBlow"],"picked":"SKIP","floor":28},{"not_picked":["hexamod:Rewind","hexamod:ShieldOfDarkness","hexamod:HeatMetal"],"picked":"SKIP","floor":31},{"not_picked":["hexamod:SpectersWail","hexamod:SpectralSpark","hexamod:GhostShield"],"picked":"SKIP","floor":31},{"not_picked":["hexamod:GhostLash","hexamod:ExtraCrispy"],"picked":"hexamod:AdvancingGuard","floor":32},{"not_picked":["hexamod:FlameSwitch","hexamod:NightmareStrike","hexamod:GhostOfSpireFuture"],"picked":"SKIP","floor":32},{"not_picked":["hexamod:Toasty","hexamod:GhostflameInferno"],"picked":"hexamod:SearingWound","floor":33},{"not_picked":["hexamod:UnleashSpirits","hexamod:ForkedFlame"],"picked":"hexamod:ApocalypticArmor","floor":33},{"not_picked":["hexamod:HauntingEcho+1","hexamod:SoulSteal"],"picked":"hexamod:BurningTouch+1","floor":36},{"not_picked":["hexamod:ShieldOfDarkness","hexamod:HauntingEcho","hexamod:RetreatToShadows"],"picked":"SKIP","floor":36},{"not_picked":["hexamod:BacktrackSmack","hexamod:SpectersWail"],"picked":"hexamod:GhostflameBarrier+1","floor":37},{"not_picked":["hexamod:GhostLash","hexamod:FirstSeal","hexamod:HauntingEcho"],"picked":"SKIP","floor":37},{"not_picked":["hexamod:BacktrackSmack","hexamod:GhostOfSpireFuture+1"],"picked":"hexamod:ExtraCrispy+1","floor":42},{"not_picked":["hexamod:ChargedBarrage+1","hexamod:DynamicBlow+1","hexamod:SuperheatedStrike+1"],"picked":"SKIP","floor":42},{"not_picked":["hexamod:PhantomCloak","hexamod:Haunt","hexamod:HauntingEcho+1"],"picked":"SKIP","floor":43},{"not_picked":["hexamod:SuperheatedStrike+1","hexamod:NightmareStrike+1","hexamod:GhostflameInferno"],"picked":"SKIP","floor":43},{"not_picked":["hexamod:RecurringNightmare+1","hexamod:ShieldOfDarkness"],"picked":"hexamod:SwordOfDarkness+1","floor":44},{"not_picked":["hexamod:GhostShield","hexamod:NightmareGuise","hexamod:CatchUp+1"],"picked":"SKIP","floor":44},{"not_picked":["hexamod:ShieldOfDarkness","hexamod:ThirdSeal"],"picked":"hexamod:NecessarySacrifice","floor":45},{"not_picked":["hexamod:GhostShield+1","hexamod:PowerFromBeyond"],"picked":"hexamod:FlamesFromBeyond+1","floor":45},{"not_picked":["hexamod:GhostLash+1","hexamod:SpectersWail+1"],"picked":"hexamod:NightmareGuise+1","floor":46},{"not_picked":["hexamod:ParanormalForm","hexamod:ExtraCrispy+1","hexamod:InspiringFlames"],"picked":"SKIP","floor":46},{"not_picked":["hexamod:GhostShield+1","hexamod:BacktrackSmack+1","hexamod:DynamicBlow+1"],"picked":"SKIP","floor":49},{"not_picked":["hexamod:HeatCrush","hexamod:HeatMetal","hexamod:NightmareGuise"],"picked":"SKIP","floor":49}],"player_experience":987552,"relics_obtained":[{"floor":7,"key":"MawBank"},{"floor":8,"key":"Anchor"},{"floor":24,"key":"StrikeDummy"},{"floor":28,"key":"MealTicket"},{"floor":31,"key":"Du-Vu Doll"},{"floor":41,"key":"sneckomod:BlankCard"},{"floor":42,"key":"CeramicFish"}],"event_choices":[{"damage_healed":0,"gold_gain":0,"player_choice":"Ignored","damage_taken":0,"max_hp_gain":0,"max_hp_loss":0,"event_name":"NoteForYourself","floor":3,"gold_loss":0},{"damage_healed":0,"gold_gain":0,"player_choice":"Relic","damage_taken":0,"max_hp_gain":0,"max_hp_loss":0,"event_name":"Wheel of Change","floor":8,"gold_loss":0},{"damage_healed":0,"gold_gain":0,"player_choice":"Got Potions","damage_taken":0,"max_hp_gain":0,"max_hp_loss":0,"event_name":"Lab","floor":30,"gold_loss":0}],"is_beta":false,"boss_relics":[{"not_picked":["sneckomod:SneckoTalon","Snecko Eye"],"picked":"Replay:Grab Bag"},{"not_picked":["bronze:MakeshiftBattery","Coffee Dripper"],"picked":"ReplayTheSpireMod:Onyx Gauntlets"},{"not_picked":["expansioncontent:StudyCardRelic","SlaversCollar"],"picked":"Replay:Drink Me"},{"not_picked":["Replay:Ancient Bell","Runic Dome"],"picked":"Abe\u0027s Treasure"}],"items_purged_floors":[9,22,38],"is_endless":false,"potions_floor_spawned":[2,4,11,14,16,23,27,28,31,32,33,43,44,46],"ascension_level":0}}