{"host":"haq22x9zdvtvc76a","time":1612079275,"event":{"mods":["BaseMod","Downfall","Minty Spire (QoL Compilation)","StSLib"],"gold_per_floor":[99,109,123,140,150,50,99,129,145,165,165,65,92,77,95,190,190,90,105,105,128,140,156,156,166,1,1,1,29,29,44,57,160,160,160,177,125,142,193,207,207,218,245,256,256,256,256,268,279,279,279,313,25,25,25,25],"floor_reached":57,"language":"ENG","playtime":5425,"items_purged":["champ:Strike"],"score":1295,"play_id":"0fb6fcce-85ed-42e9-a9fc-0582dc57cf9d","local_time":"20210131024755","is_ascension_mode":false,"campfire_choices":[{"floor":1,"key":"RECALL"},{"data":"champ:Lariat","floor":6,"key":"SMITH"},{"data":"champ:CalledShot","floor":12,"key":"SMITH"},{"data":"champ:GladiatorForm","floor":18,"key":"SMITH"},{"data":"champ:Backstep","floor":27,"key":"SMITH"},{"data":"champ:DefensiveStyle","floor":30,"key":"SMITH"},{"data":"champ:DancingMaster","floor":35,"key":"SMITH"},{"data":"champ:BerserkerStyle","floor":45,"key":"SMITH"},{"data":"champ:CalledShot","floor":47,"key":"SMITH"},{"data":"champ:FancyFootwork","floor":54,"key":"SMITH"}],"circlet_count":0,"master_deck":["champ:Execute","champ:Taunt","champ:CalledShot+1","champ:DefensiveShout","champ:Lariat+1","champ:PreciseThrust","champ:ArenaPreparation","champ:Circumvent","champ:BerserkerStyle+1","champ:Backstep+1","champ:GladiatorForm+1","champ:ArenaPreparation+1","champ:CalledShot+1","champ:ShieldThrow","champ:FancyFootwork+1","Necronomicurse","champ:DefensiveStyle+1","champ:ShieldThrow","champ:DancingMaster+1","champ:ShieldWall","champ:FlashCut","champ:FalseCounter","champ:AdrenalArmor","champ:BerserkersShout","champ:SwordSigil","champ:SkillfulDodge","champ:StanceDance","Deep Breath","champ:FancyFootwork+1","champ:CalledShot+1","champ:GutPunch","champ:HeartStrike+1","champ:FancyFootwork"],"relics":["champ:ChampionCrown","downfall:HeartBlessingRed","Tiny Chest","downfall:HeartBlessingBlue","StrikeDummy","Coffee Dripper","downfall:HeartBlessingGreen","Whetstone","Meat on the Bone","Necronomicon","Bottled Lightning","Pandora\u0027s Box","Mercury Hourglass","Pen Nib","hexamod:CandleOfCauterizing","Vajra","sneckomod:BlankCard","Anchor","OrangePellets"],"acts_visited":["Exordium","TheCity","TheBeyond","TheEnding"],"potions_floor_usage":[13,16,25,26,33,50,55,56,56,56,56],"damage_taken":[{"damage":15,"enemies":"Small Slimes","floor":2,"turns":5},{"damage":22,"enemies":"Cultist","floor":3,"turns":4},{"damage":10,"enemies":"2 Louse","floor":4,"turns":4},{"damage":26,"enemies":"Exordium Wildlife","floor":5,"turns":5},{"damage":65,"enemies":"Lagavulin","floor":8,"turns":7},{"damage":20,"enemies":"Gremlin Gang","floor":9,"turns":3},{"damage":27,"enemies":"Blue Slaver","floor":10,"turns":4},{"damage":31,"enemies":"3 Sentries","floor":13,"turns":10},{"damage":58,"enemies":"downfall:FleeingMerchant","floor":14,"turns":4},{"damage":30,"enemies":"2 Fungi Beasts","floor":15,"turns":3},{"damage":32,"enemies":"IC_STATUS_ARCHETYPE","floor":16,"turns":6},{"damage":10,"enemies":"Shell Parasite","floor":19,"turns":6},{"damage":22,"enemies":"Snake Plant","floor":22,"turns":4},{"damage":48,"enemies":"Centurion and Healer","floor":23,"turns":5},{"damage":89,"enemies":"3 Cultists","floor":25,"turns":3},{"damage":119,"enemies":"downfall:FleeingMerchant","floor":26,"turns":4},{"damage":25,"enemies":"Slavers","floor":29,"turns":4},{"damage":77,"enemies":"Shelled Parasite and Fungi","floor":31,"turns":3},{"damage":5,"enemies":"Centurion and Healer","floor":32,"turns":2},{"damage":81,"enemies":"DF_ARCHETYPE_CLAW","floor":33,"turns":6},{"damage":78,"enemies":"3 Darklings","floor":36,"turns":2},{"damage":42,"enemies":"downfall:FleeingMerchant","floor":37,"turns":2},{"damage":40,"enemies":"3 Shapes","floor":38,"turns":3},{"damage":20,"enemies":"Jaw Worm Horde","floor":40,"turns":2},{"damage":35,"enemies":"Spire Growth","floor":42,"turns":2},{"damage":84,"enemies":"Giant Head","floor":43,"turns":2},{"damage":48,"enemies":"Writhing Mass","floor":44,"turns":1},{"damage":81,"enemies":"3 Darklings","floor":48,"turns":1},{"damage":47,"enemies":"Jaw Worm Horde","floor":49,"turns":2},{"damage":142,"enemies":"SI_POISON_ARCHETYPE","floor":50,"turns":3},{"damage":149,"enemies":"downfall:CharBossMerchant","floor":52,"turns":3},{"damage":180,"enemies":"downfall:NeowBoss","floor":55,"turns":8},{"damage":83,"enemies":"downfall:NeowBossFinal","floor":56,"turns":5}],"seed_played":"7678198309551297144","potions_obtained":[{"floor":2,"key":"champ:OpenerPotion"},{"floor":3,"key":"SpeedPotion"},{"floor":8,"key":"CultistPotion"},{"floor":11,"key":"EssenceOfSteel"},{"floor":13,"key":"Energy Potion"},{"floor":22,"key":"DistilledChaos"},{"floor":25,"key":"Swift Potion"},{"floor":29,"key":"champ:OpenerPotion"},{"floor":32,"key":"Fire Potion"},{"floor":38,"key":"SpeedPotion"},{"floor":40,"key":"FearPotion"},{"floor":49,"key":"EntropicBrew"}],"is_trial":false,"path_per_floor":["R","M","M","M","M","R","T","E","M","M","?","R","E","$","M","B",null,"R","M","?","T","M","M","T","M","$","R","?","E","R","M","M","B",null,"R","M","$","M","T","M","T","M","E","M","R","?","R","M","M","B",null,"E","$","R","B","B",null],"character_chosen":"THE_CHAMP","items_purchased":["champ:FancyFootwork","Mercury Hourglass","champ:StanceDance","Deep Breath","Anchor","OrangePellets"],"campfire_rested":0,"item_purchase_floors":[26,37,37,37,53,53],"current_hp_per_floor":[90,90,88,88,82,82,82,67,57,50,50,60,59,56,56,48,100,100,100,100,100,98,98,98,100,100,100,84,84,84,92,92,98,100,100,100,100,100,100,100,100,100,100,100,100,100,100,100,100,95,100,100,100,100,86,72],"gold":25,"neow_bonus":"THREE_CARDS","is_daily":false,"chose_seed":false,"campfire_upgraded":9,"win_rate":0.0,"timestamp":1612079275,"path_taken":["R","M","M","M","M","R","T","E","M","M","?","R","E","?","M","BOSS","R","M","?","?","?","M","T","?","$","R","?","E","R","M","M","BOSS","R","M","$","M","?","M","T","?","E","M","R","?","R","M","M","BOSS","E","$","R","BOSS","BOSS"],"items_purchased_type":["Card","Relic","Card","Card","Relic","Relic"],"build_version":"2020-12-22","purchased_purges":1,"victory":true,"max_hp_per_floor":[90,90,90,90,90,90,90,90,90,90,90,100,100,100,100,100,100,100,100,100,100,100,100,100,100,100,100,100,100,100,100,100,100,100,100,100,100,100,100,100,100,100,100,100,100,100,100,100,100,100,100,100,100,100,100,100],"card_choices":[{"not_picked":["champ:PreciseThrust","champ:StanceDance"],"picked":"champ:CalledShot","floor":0},{"not_picked":["champ:PerfectedStrike","champ:EnGarde"],"picked":"champ:DefensiveShout","floor":2},{"not_picked":["champ:TornadoPunch","champ:PreemptiveStrike"],"picked":"champ:Lariat","floor":3},{"not_picked":["champ:ShieldSigil","champ:Shatter"],"picked":"champ:PreciseThrust","floor":4},{"not_picked":["champ:FlashCut","champ:SetATrap"],"picked":"champ:ArenaPreparation","floor":5},{"not_picked":["champ:FlashCut","champ:ViciousMockery","champ:CrownThrow"],"picked":"SKIP","floor":8},{"not_picked":["champ:StrikeOfGenius","champ:FaceSlap"],"picked":"champ:Circumvent","floor":9},{"not_picked":["champ:BerserkersShout","champ:PreciseThrust","champ:Circumvent"],"picked":"SKIP","floor":10},{"not_picked":["champ:FaceSlap","champ:Endure"],"picked":"champ:BerserkerStyle","floor":13},{"not_picked":["champ:Circumvent","champ:GladiatorStyle","champ:StrikeOfGenius"],"picked":"SKIP","floor":14},{"not_picked":["champ:EndlessRage","champ:EnGarde"],"picked":"champ:Backstep","floor":15},{"not_picked":["champ:StrikeOfGenius","champ:ShieldThrow"],"picked":"champ:GladiatorForm","floor":16},{"not_picked":["champ:SetATrap","champ:DefensiveShout","champ:PreciseThrust"],"picked":"SKIP","floor":19},{"not_picked":["champ:Haymaker","champ:FaceSlap"],"picked":"champ:ArenaPreparation+1","floor":22},{"not_picked":["champ:BringItOn","champ:GutPunch"],"picked":"champ:CalledShot","floor":23},{"not_picked":["champ:FlashCut","champ:GutPunch"],"picked":"champ:ShieldThrow","floor":25},{"not_picked":["champ:Haymaker","champ:ShieldSigil","champ:TornadoPunch"],"picked":"SKIP","floor":26},{"not_picked":["champ:EnragedBash","champ:PerfectedStrike+1"],"picked":"champ:DefensiveStyle","floor":29},{"not_picked":["champ:Circumvent","champ:FocusedBerserking"],"picked":"champ:ShieldThrow","floor":31},{"not_picked":["champ:TornadoPunch+1","champ:FanOfKnives","champ:Circumvent"],"picked":"SKIP","floor":32},{"not_picked":["champ:HoldFirm","champ:EnchantShield"],"picked":"champ:DancingMaster","floor":33},{"not_picked":["champ:DefensiveShout+1","champ:BerserkersShout+1","champ:EnGarde+1"],"picked":"SKIP","floor":36},{"not_picked":["champ:Circumvent","champ:FanOfKnives+1"],"picked":"champ:ShieldThrow","floor":37},{"not_picked":["champ:FaceSlap","champ:TornadoPunch"],"picked":"champ:FancyFootwork+1","floor":38},{"not_picked":["champ:ViciousMockery","champ:PreciseThrust","champ:Circumvent+1"],"picked":"SKIP","floor":40},{"not_picked":["champ:SetATrap","champ:Encircle"],"picked":"champ:CalledShot+1","floor":42},{"not_picked":["champ:SetATrap","champ:CrownThrow"],"picked":"champ:GutPunch","floor":43},{"not_picked":["champ:BringItOn","champ:EnGarde+1"],"picked":"champ:HeartStrike+1","floor":44},{"not_picked":["champ:ShieldSigil","champ:AdrenalArmor"],"picked":"champ:FancyFootwork","floor":48},{"not_picked":["champ:EnGarde","champ:TornadoPunch","champ:Backstep"],"picked":"SKIP","floor":49},{"not_picked":["champ:Duel+1","champ:Backstep+1","champ:PreciseThrust"],"picked":"SKIP","floor":52}],"player_experience":1700921,"relics_obtained":[{"floor":8,"key":"Tiny Chest"},{"floor":13,"key":"StrikeDummy"},{"floor":21,"key":"Whetstone"},{"floor":24,"key":"Meat on the Bone"},{"floor":28,"key":"Necronomicon"},{"floor":29,"key":"Bottled Lightning"},{"floor":39,"key":"Pen Nib"},{"floor":41,"key":"hexamod:CandleOfCauterizing"},{"floor":43,"key":"Vajra"},{"floor":52,"key":"sneckomod:BlankCard"}],"event_choices":[{"damage_healed":0,"gold_gain":0,"player_choice":"Got Potions","damage_taken":0,"max_hp_gain":0,"max_hp_loss":0,"event_name":"Lab","floor":11,"gold_loss":0},{"damage_healed":0,"gold_gain":0,"player_choice":"Ignored","damage_taken":0,"max_hp_gain":0,"max_hp_loss":0,"event_name":"Ghosts","floor":20,"gold_loss":0},{"cards_removed":["champ:ShieldThrow"],"damage_healed":0,"gold_gain":0,"player_choice":"Removed Attack","damage_taken":0,"max_hp_gain":0,"max_hp_loss":0,"event_name":"Falling","floor":46,"gold_loss":0}],"is_beta":false,"boss_relics":[{"not_picked":["Velvet Choker","Calling Bell"],"picked":"Coffee Dripper"},{"not_picked":["Cursed Key","Black Star"],"picked":"Pandora\u0027s Box"}],"items_purged_floors":[26],"is_endless":false,"potions_floor_spawned":[2,3,8,13,15,22,25,29,32,38,40,48,49],"ascension_level":0}}