{"host":"rk1e5mmpnpniq13w","time":1612125639,"event":{"mods":["BaseMod","Colored Powertips","Hubris","Minty Spire (QoL Compilation)","Replay The Spire","StSLib","The Bug Knight"],"gold_per_floor":[113,124,135,210,210,236,236,270,323,336,352,352,404,438,438,438,438],"floor_reached":16,"language":"ENG","playtime":943,"items_purged":[],"score":120,"play_id":"4d42b2a8-c513-4a16-857c-c43f2e90cb48","local_time":"20210131154039","is_ascension_mode":false,"campfire_choices":[{"floor":12,"key":"REST"},{"floor":15,"key":"DIG"}],"circlet_count":0,"master_deck":["HollowMod:NailStrikeStart","HollowMod:NailStrikeStart","HollowMod:NailStrikeStart","HollowMod:NailStrikeStart","HollowMod:QuickDashStart","HollowMod:QuickDashStart","HollowMod:QuickDashStart+1","HollowMod:QuickDashStart","HollowMod:FocusHealStart","HollowMod:PogoStrike","HollowMod:MawleksShell","HollowMod:SoulShaman","HollowMod:TaintedHusks+1","HollowMod:ZotesMagnificence+1","HollowMod:SoulVessel","HollowMod:HornetsHelp","HollowMod:PerfectDash"],"relics":["HollowMod:VesselMask","Pantograph","hubris:64BitClover","Smiling Mask","Ornamental Fan","Du-Vu Doll","ReplayTheSpireMod:Lightbulb"],"acts_visited":["Exordium"],"potions_floor_usage":[14,16,16],"damage_taken":[{"damage":0,"enemies":"2 Louse","floor":1,"turns":3},{"damage":0,"enemies":"Small Slimes","floor":2,"turns":4},{"damage":0,"enemies":"Cultist","floor":3,"turns":4},{"damage":43,"enemies":"3 Sentries","floor":6,"turns":12},{"damage":22,"enemies":"Lagavulin","floor":8,"turns":6},{"damage":5,"enemies":"Large Slime","floor":10,"turns":5},{"damage":0,"enemies":"Looter","floor":11,"turns":1},{"damage":6,"enemies":"Gremlin Nob","floor":14,"turns":4},{"damage":65,"enemies":"Hexaghost","floor":16,"turns":11}],"seed_played":"-1192235005789546149","potions_obtained":[{"floor":6,"key":"Elixir"},{"floor":8,"key":"Reflective Coating"},{"floor":10,"key":"Block Potion"},{"floor":13,"key":"Toxic Potion"}],"is_trial":false,"path_per_floor":["M","M","M","?","?","E","?","E","T","M","M","R","?","E","R","B"],"character_chosen":"THE_BUGKNIGHT","items_purchased":[],"campfire_rested":1,"item_purchase_floors":[],"current_hp_per_floor":[75,75,75,64,64,27,27,15,15,10,10,32,32,26,26,0,0],"gold":438,"neow_bonus":"RANDOM_EVENT","is_daily":false,"chose_seed":false,"campfire_upgraded":0,"win_rate":0.0,"timestamp":1612125639,"path_taken":["M","M","M","?","?","E","?","E","T","?","M","R","?","E","R","BOSS"],"items_purchased_type":[],"build_version":"2020-12-22","purchased_purges":0,"victory":false,"max_hp_per_floor":[75,75,75,75,75,75,75,75,75,75,75,75,75,75,75,75,75],"card_choices":[{"not_picked":["HollowMod:DoubleDash","HollowMod:SoulSplash"],"picked":"HollowMod:MawleksShell","floor":1},{"not_picked":["HollowMod:WraithStrike","HollowMod:CloakDash"],"picked":"HollowMod:SoulShaman","floor":2},{"not_picked":["HollowMod:ShadowDash","HollowMod:InfectedCysts"],"picked":"HollowMod:TaintedHusks","floor":3},{"not_picked":["HollowMod:DashSlash","HollowMod:CornifersMapStart"],"picked":"HollowMod:ZotesMagnificence","floor":6},{"not_picked":["HollowMod:DescendingDark","HollowMod:SiblingsSouls"],"picked":"HollowMod:SoulVessel","floor":8},{"not_picked":["HollowMod:SharpenedShadows","HollowMod:VengefulVoid","HollowMod:WraithStrike"],"picked":"SKIP","floor":10},{"not_picked":["HollowMod:InfectedCysts","HollowMod:TaintedHusks"],"picked":"HollowMod:HornetsHelp","floor":11},{"not_picked":["HollowMod:LifebloodCocoon","HollowMod:WraithStrike"],"picked":"HollowMod:PerfectDash","floor":13},{"not_picked":["HollowMod:DescendingDark","HollowMod:WraithStrike","HollowMod:NewLittleFool"],"picked":"SKIP","floor":14}],"player_experience":402320,"relics_obtained":[{"floor":6,"key":"Pantograph"},{"floor":8,"key":"hubris:64BitClover"},{"floor":9,"key":"Smiling Mask"},{"floor":13,"key":"Ornamental Fan"},{"floor":14,"key":"Du-Vu Doll"},{"floor":15,"key":"ReplayTheSpireMod:Lightbulb"}],"event_choices":[{"damage_healed":0,"gold_gain":75,"player_choice":"Gather Gold","damage_taken":11,"max_hp_gain":0,"max_hp_loss":0,"event_name":"World of Goop","floor":4,"gold_loss":0},{"damage_healed":0,"gold_gain":0,"player_choice":"Grow","damage_taken":0,"max_hp_gain":0,"max_hp_loss":0,"event_name":"Living Wall","floor":5,"gold_loss":0,"cards_upgraded":["HollowMod:TaintedHusks"]},{"damage_healed":0,"gold_gain":0,"player_choice":"Upgraded","damage_taken":0,"max_hp_gain":0,"max_hp_loss":0,"event_name":"Upgrade Shrine","floor":7,"gold_loss":0,"cards_upgraded":["HollowMod:ZotesMagnificence"]}],"is_beta":false,"boss_relics":[],"items_purged_floors":[],"is_endless":false,"potions_floor_spawned":[6,8,10],"killed_by":"Hexaghost","ascension_level":0}}