{"host":"edndssuekvzbh3is","time":1612131176,"event":{"mods":["BaseMod","Colored Map","Colored Powertips","Minty Spire (QoL Compilation)","SuperFastMode"],"gold_per_floor":[116,126,201,215,230,230,257,270,321,349,375,409,430,454,454,558,639,665,690,151,177,206,206,256,256,256],"floor_reached":25,"language":"ENG","playtime":698,"items_purged":["Clash"],"score":320,"play_id":"3df81279-d709-4d2d-b893-de268dcb4767","local_time":"20210131171256","is_ascension_mode":true,"campfire_choices":[{"data":"Whirlwind","floor":6,"key":"SMITH"},{"floor":15,"key":"REST"},{"floor":23,"key":"REST"}],"circlet_count":0,"master_deck":["Bash","Whirlwind+1","Carnage","Spot Weakness","Thunderclap","Fiend Fire","Feel No Pain","True Grit","Inflame","Power Through","Pommel Strike","True Grit","Demon Form","Warcry","Flame Barrier","Inflame","Dual Wield","Intimidate","Dropkick","Reckless Charge","Combust","Shrug It Off","Anger","Metallicize","Dual Wield","Sentinel","Armaments+1"],"relics":["Burning Blood","NeowsBlessing","Question Card","CeramicFish","Blue Candle","Pandora\u0027s Box","Magic Flower"],"acts_visited":["Exordium","TheCity"],"potions_floor_usage":[16,16,16],"damage_taken":[{"damage":0,"enemies":"2 Louse","floor":1,"turns":1},{"damage":0,"enemies":"Small Slimes","floor":2,"turns":1},{"damage":0,"enemies":"Cultist","floor":4,"turns":1},{"damage":19,"enemies":"Blue Slaver","floor":5,"turns":4},{"damage":20,"enemies":"3 Sentries","floor":7,"turns":5},{"damage":0,"enemies":"Large Slime","floor":8,"turns":4},{"damage":11,"enemies":"Exordium Thugs","floor":10,"turns":3},{"damage":0,"enemies":"2 Fungi Beasts","floor":11,"turns":2},{"damage":30,"enemies":"Lagavulin","floor":12,"turns":8},{"damage":15,"enemies":"Looter","floor":13,"turns":4},{"damage":7,"enemies":"Large Slime","floor":14,"turns":6},{"damage":26,"enemies":"The Guardian","floor":16,"turns":9},{"damage":7,"enemies":"3 Byrds","floor":18,"turns":4},{"damage":21,"enemies":"Shell Parasite","floor":19,"turns":6},{"damage":16,"enemies":"3 Cultists","floor":21,"turns":5},{"damage":36,"enemies":"Snecko","floor":22,"turns":6},{"damage":46,"enemies":"Snake Plant","floor":25,"turns":5}],"seed_played":"-839575549426678279","potions_obtained":[{"floor":1,"key":"Dexterity Potion"},{"floor":4,"key":"FearPotion"},{"floor":7,"key":"BlessingOfTheForge"},{"floor":11,"key":"CultistPotion"},{"floor":13,"key":"DuplicationPotion"},{"floor":16,"key":"CultistPotion"},{"floor":18,"key":"Weak Potion"},{"floor":21,"key":"Regen Potion"}],"is_trial":false,"path_per_floor":["M","M","?","M","M","R","E","M","T","M","M","E","M","M","R","B",null,"M","M","$","M","M","R","?","M"],"character_chosen":"IRONCLAD","items_purchased":["Magic Flower","Metallicize","Dual Wield","BlessingOfTheForge"],"campfire_rested":2,"item_purchase_floors":[20,20,20,20],"current_hp_per_floor":[78,80,69,75,62,62,48,54,54,49,55,31,22,21,45,25,66,65,50,50,43,16,40,40,0,0],"gold":256,"neow_bonus":"THREE_ENEMY_KILL","is_daily":false,"chose_seed":false,"campfire_upgraded":1,"win_rate":0.0,"timestamp":1612131176,"path_taken":["M","M","?","M","M","R","E","M","T","M","M","E","M","M","R","BOSS","M","M","$","M","M","R","?","M"],"items_purchased_type":["Relic","Card","Card","Potion"],"build_version":"2020-12-22","purchased_purges":1,"victory":false,"max_hp_per_floor":[80,80,80,80,80,80,80,80,80,80,80,80,80,80,80,80,80,80,80,80,80,80,80,80,80,80],"card_choices":[{"not_picked":["Battle Trance","Evolve"],"picked":"Whirlwind","floor":1},{"not_picked":["Clash","Reckless Charge"],"picked":"Carnage","floor":2},{"not_picked":["Twin Strike","Warcry"],"picked":"Spot Weakness","floor":4},{"not_picked":["Heavy Blade","Body Slam"],"picked":"Thunderclap","floor":5},{"not_picked":["Clash","Body Slam"],"picked":"Fiend Fire","floor":7},{"not_picked":["Spot Weakness","Clothesline","Body Slam"],"picked":"Feel No Pain","floor":8},{"not_picked":["Exhume","Warcry","Havoc"],"picked":"True Grit","floor":10},{"not_picked":["Sword Boomerang","Power Through","Headbutt"],"picked":"Inflame","floor":11},{"not_picked":["Second Wind","Body Slam","Cleave"],"picked":"Power Through","floor":12},{"not_picked":["Warcry","Cleave","Twin Strike"],"picked":"Pommel Strike","floor":13},{"not_picked":["Heavy Blade","Fiend Fire","Uppercut"],"picked":"True Grit","floor":14},{"not_picked":["Fiend Fire","Offering","Immolate"],"picked":"Demon Form","floor":16},{"not_picked":["Uppercut","Whirlwind+1","Anger"],"picked":"Shrug It Off","floor":18},{"not_picked":["Cleave","Armaments","Sever Soul"],"picked":"Anger","floor":19},{"not_picked":["Clash","Carnage","Warcry+1"],"picked":"Sentinel","floor":21},{"not_picked":["Heavy Blade+1","Intimidate","Whirlwind"],"picked":"Armaments+1","floor":22}],"player_experience":341818,"relics_obtained":[{"floor":7,"key":"Question Card"},{"floor":9,"key":"CeramicFish"},{"floor":12,"key":"Blue Candle"}],"event_choices":[{"damage_healed":0,"gold_gain":75,"player_choice":"Gather Gold","damage_taken":11,"max_hp_gain":0,"max_hp_loss":0,"event_name":"World of Goop","floor":3,"gold_loss":0},{"damage_healed":0,"gold_gain":100,"player_choice":"Bet on Murderer","damage_taken":0,"max_hp_gain":0,"max_hp_loss":0,"event_name":"The Joust","floor":24,"gold_loss":50}],"is_beta":false,"boss_relics":[{"not_picked":["SlaversCollar","Sozu"],"picked":"Pandora\u0027s Box"}],"items_purged_floors":[20],"is_endless":false,"potions_floor_spawned":[1,4,7,11,13,16,18,21,22],"killed_by":"Snake Plant","ascension_level":9}}