{"host":"fdq5pmhluajjrf8d","time":1612134046,"event":{"mods":["BaseMod","Minty Spire (QoL Compilation)"],"gold_per_floor":[116,135,155,167,147,173,188,203,254,254,266,266,231,250,250,327,327,341,391,406,79,93,119,119,119,145,145,0,0,10,22,22,97,97,117,42,55,55,55],"floor_reached":38,"language":"ENG","playtime":4099,"items_purged":["Pain"],"score":800,"play_id":"439689b3-bbad-4953-a540-2a5d8abb6ba2","local_time":"20210131180046","is_ascension_mode":true,"campfire_choices":[{"floor":10,"key":"REST"},{"floor":12,"key":"REST"},{"data":"Redo","floor":15,"key":"SMITH"},{"floor":24,"key":"REST"},{"floor":27,"key":"REST"},{"data":"Chaos","floor":32,"key":"SMITH"}],"circlet_count":0,"master_deck":["AscendersBane","Strike_B","Strike_B","Strike_B","Strike_B","Defend_B","Defend_B","Defend_B","Defend_B","Zap","Dualcast","Chaos+1","Compile Driver","Redo+1","Meteor Strike","Fusion","Glacier","Conserve Battery","Echo Form","Tempest+1","Decay","CurseOfTheBell","Sunder"],"relics":["Cracked Core","Torii","Ancient Tea Set","Snecko Eye","Runic Capacitor","Oddly Smooth Stone","Art of War","Orichalcum","WarpedTongs","Calling Bell","Bag of Marbles","Darkstone Periapt","Ice Cream"],"acts_visited":["Exordium","TheCity","TheBeyond"],"potions_floor_usage":[6,7,8,16,18,20,30],"damage_taken":[{"damage":4,"enemies":"Small Slimes","floor":1,"turns":3},{"damage":6,"enemies":"Cultist","floor":2,"turns":4},{"damage":2,"enemies":"2 Louse","floor":3,"turns":3},{"damage":26,"enemies":"Exordium Wildlife","floor":4,"turns":5},{"damage":15,"enemies":"Lagavulin","floor":6,"turns":6},{"damage":1,"enemies":"Looter","floor":7,"turns":4},{"damage":14,"enemies":"3 Louse","floor":8,"turns":4},{"damage":18,"enemies":"Exordium Thugs","floor":11,"turns":5},{"damage":1,"enemies":"Large Slime","floor":14,"turns":6},{"damage":43,"enemies":"The Guardian","floor":16,"turns":15},{"damage":0,"enemies":"3 Byrds","floor":18,"turns":6},{"damage":18,"enemies":"2 Thieves","floor":20,"turns":3},{"damage":9,"enemies":"Snake Plant","floor":22,"turns":3},{"damage":14,"enemies":"Book of Stabbing","floor":23,"turns":3},{"damage":5,"enemies":"Centurion and Healer","floor":30,"turns":4},{"damage":15,"enemies":"Snecko","floor":31,"turns":4},{"damage":41,"enemies":"Champ","floor":33,"turns":7},{"damage":6,"enemies":"3 Shapes","floor":35,"turns":4},{"damage":17,"enemies":"Orb Walker","floor":37,"turns":4},{"damage":46,"enemies":"Spire Growth","floor":38,"turns":3}],"seed_played":"-754594537894336735","potions_obtained":[{"floor":3,"key":"LiquidMemories"},{"floor":5,"key":"FocusPotion"},{"floor":6,"key":"EntropicBrew"},{"floor":11,"key":"Block Potion"},{"floor":16,"key":"DistilledChaos"},{"floor":20,"key":"GamblersBrew"},{"floor":30,"key":"FearPotion"},{"floor":37,"key":"Ancient Potion"}],"is_trial":false,"path_per_floor":["M","M","M","M","?","E","M","M","T","R","M","R","?","M","R","B",null,"M","?","M","$","M","E","R","?","T","R","?","?","M","M","R","B",null,"M","$","M","M"],"character_chosen":"DEFECT","items_purchased":["Runic Capacitor","Oddly Smooth Stone"],"campfire_rested":4,"item_purchase_floors":[21,21],"current_hp_per_floor":[67,61,59,33,33,18,17,3,3,26,8,31,50,49,49,6,60,60,60,42,42,33,19,42,42,42,65,65,65,60,45,45,4,60,54,54,37,0,0],"gold":55,"neow_bonus":"TEN_PERCENT_HP_BONUS","is_daily":false,"chose_seed":false,"campfire_upgraded":2,"win_rate":0.0,"timestamp":1612134046,"path_taken":["M","M","M","M","?","E","?","M","T","R","M","R","?","M","R","BOSS","M","?","M","$","M","E","R","?","T","R","?","?","M","M","R","BOSS","M","$","M","M"],"items_purchased_type":["Relic","Relic"],"build_version":"2020-12-22","purchased_purges":1,"victory":false,"max_hp_per_floor":[78,78,78,78,78,78,78,78,78,78,78,78,78,78,78,78,78,78,78,78,78,78,78,78,78,78,78,78,78,78,78,78,78,78,78,78,78,78,78],"card_choices":[{"not_picked":["Compile Driver","Gash"],"picked":"Chaos","floor":1},{"not_picked":["Cold Snap","Rebound"],"picked":"Compile Driver","floor":2},{"not_picked":["Loop","Sunder"],"picked":"Redo","floor":3},{"not_picked":["Compile Driver","Beam Cell","Force Field"],"picked":"SKIP","floor":4},{"not_picked":["Consume","Static Discharge"],"picked":"Meteor Strike","floor":6},{"not_picked":["Stack","Barrage"],"picked":"Fusion","floor":7},{"not_picked":["Go for the Eyes","Static Discharge","Gash"],"picked":"SKIP","floor":8},{"not_picked":["Defragment","Hologram"],"picked":"Glacier","floor":11},{"not_picked":["Ball Lightning","Beam Cell"],"picked":"Conserve Battery","floor":14},{"not_picked":["Hyperbeam","Electrodynamics"],"picked":"Echo Form","floor":16},{"not_picked":["Turbo","Hologram"],"picked":"Tempest+1","floor":18},{"not_picked":["BootSequence","Fusion","Auto Shields"],"picked":"SKIP","floor":20},{"not_picked":["Barrage+1","Redo","FTL"],"picked":"SKIP","floor":22},{"not_picked":["Redo","Loop","Streamline"],"picked":"SKIP","floor":23},{"not_picked":["Conserve Battery","Redo","Gash"],"picked":"SKIP","floor":30},{"not_picked":["Stack","Compile Driver","Blizzard"],"picked":"SKIP","floor":31},{"not_picked":["Redo","Stack","Turbo"],"picked":"SKIP","floor":35},{"not_picked":["Static Discharge+1","Blizzard"],"picked":"Sunder","floor":37}],"player_experience":1957026,"relics_obtained":[{"floor":6,"key":"Torii"},{"floor":9,"key":"Ancient Tea Set"},{"floor":23,"key":"Art of War"},{"floor":26,"key":"Orichalcum"},{"floor":34,"key":"Bag of Marbles"},{"floor":34,"key":"Darkstone Periapt"},{"floor":34,"key":"Ice Cream"}],"event_choices":[{"damage_healed":0,"gold_gain":0,"player_choice":"Bought 1 Potion","damage_taken":0,"max_hp_gain":0,"max_hp_loss":0,"event_name":"The Woman in Blue","floor":5,"gold_loss":0},{"damage_healed":19,"gold_gain":0,"player_choice":"Healed","damage_taken":0,"max_hp_gain":0,"max_hp_loss":0,"event_name":"The Cleric","floor":13,"gold_loss":35},{"damage_healed":0,"gold_gain":50,"player_choice":"Stole From Cult","damage_taken":0,"max_hp_gain":0,"max_hp_loss":0,"event_name":"Nest","floor":19,"gold_loss":0},{"damage_healed":0,"gold_gain":0,"player_choice":"Smashed Altar","damage_taken":0,"max_hp_gain":0,"max_hp_loss":0,"event_name":"Forgotten Altar","floor":25,"gold_loss":0,"cards_obtained":["Decay"]},{"damage_healed":0,"gold_gain":0,"player_choice":"Paid Fearfully","damage_taken":0,"max_hp_gain":0,"max_hp_loss":0,"event_name":"Masked Bandits","floor":28,"gold_loss":145},{"damage_healed":0,"gold_gain":0,"player_choice":"Rummage","damage_taken":0,"relics_obtained":["WarpedTongs"],"max_hp_gain":0,"max_hp_loss":0,"event_name":"Accursed Blacksmith","floor":29,"gold_loss":0,"cards_obtained":["Pain"]}],"is_beta":false,"boss_relics":[{"not_picked":["Black Star","Empty Cage"],"picked":"Snecko Eye"},{"not_picked":["SlaversCollar","Cursed Key"],"picked":"Calling Bell"}],"items_purged_floors":[36],"is_endless":false,"potions_floor_spawned":[3,6,11,16,20,30,37],"killed_by":"Spire Growth","ascension_level":20}}