{"host":"toh0bbw446wnuexf","time":1612128971,"event":{"mods":["BaseMod","Downfall","Hermit","Minty Spire (QoL Compilation)","Random Character Button","StSLib"],"gold_per_floor":[99,99,99,99,6,6,6,6,17,17,32,48,48,59,70,70,70,70],"floor_reached":16,"language":"ENG","playtime":1222,"items_purged":[],"score":95,"play_id":"17bbdca6-2074-45bd-8b7b-9c0442f3e7e8","local_time":"20210201103611","is_ascension_mode":true,"campfire_choices":[{"data":"Ball Lightning","floor":8,"key":"SMITH"}],"circlet_count":0,"master_deck":["sneckomod:Strike","sneckomod:Strike","sneckomod:Strike","sneckomod:Defend","sneckomod:Defend","sneckomod:Defend","sneckomod:TailWhip","sneckomod:SnekBite","bronze:DelayedGuard","sneckomod:UnknownUncommonSkill","Ball Lightning+1","Auto Shields","sneckomod:UnknownDraw","sneckomod:UnknownBlock","sneckomod:UnknownDexterity"],"relics":["sneckomod:SneckoSoul","downfall:HeartsMalice","Boot"],"acts_visited":["Exordium"],"potions_floor_usage":[16,16],"damage_taken":[{"damage":0,"enemies":"Cultist","floor":2,"turns":1},{"damage":0,"enemies":"2 Louse","floor":3,"turns":1},{"damage":0,"enemies":"Jaw Worm","floor":4,"turns":1},{"damage":0,"enemies":"downfall:FleeingMerchant","floor":5,"turns":4},{"damage":11,"enemies":"Lots of Slimes","floor":9,"turns":4},{"damage":3,"enemies":"2 Fungi Beasts","floor":11,"turns":4},{"damage":11,"enemies":"Gremlin Gang","floor":12,"turns":4},{"damage":11,"enemies":"Large Slime","floor":14,"turns":7},{"damage":0,"enemies":"Exordium Wildlife","floor":15,"turns":5},{"damage":99,"enemies":"DF_ARCHETYPE_STREAMLINE","floor":16,"turns":17}],"seed_played":"-8321982321937631160","potions_obtained":[{"floor":9,"key":"AttackPotion"},{"floor":11,"key":"AttackPotion"},{"floor":12,"key":"Block Potion"},{"floor":13,"key":"FairyPotion"},{"floor":14,"key":"Block Potion"}],"is_trial":false,"path_per_floor":["R","M","M","M","$","R","T","R","M","R","M","M","?","M","M","B"],"character_chosen":"THE_SNECKO","items_purchased":["sneckomod:UnknownUncommonSkill"],"campfire_rested":0,"item_purchase_floors":[5],"current_hp_per_floor":[90,90,90,90,90,90,90,90,79,79,76,65,65,54,54,0,0,0],"gold":70,"neow_bonus":"THREE_ENEMY_KILL","is_daily":false,"chose_seed":false,"campfire_upgraded":1,"win_rate":0.0,"timestamp":1612128971,"path_taken":["R","M","M","M","?","R","T","R","M","R","M","M","?","?","M","BOSS"],"items_purchased_type":["Card"],"build_version":"2020-12-22","purchased_purges":0,"victory":false,"max_hp_per_floor":[90,90,90,90,90,90,90,90,90,90,90,90,90,90,90,90,90,90],"card_choices":[{"not_picked":["sneckomod:MasterEye","sneckomod:Memorize","sneckomod:ImprovisedGuard"],"picked":"SKIP","floor":2},{"not_picked":["sneckomod:QuickBite","sneckomod:SoulDraw","sneckomod:RainOfDice"],"picked":"SKIP","floor":3},{"not_picked":["sneckomod:WideSting","sneckomod:MasterEye","sneckomod:IronFang"],"picked":"SKIP","floor":4},{"not_picked":["sneckomod:Unknown2Cost","sneckomod:UnknownRareSkill","sneckomod:WideSting"],"picked":"SKIP","floor":5},{"not_picked":["sneckomod:WideSting","sneckomod:SnakeSap"],"picked":"sneckomod:UnknownBlock","floor":9},{"not_picked":["sneckomod:QuickMove","sneckomod:UnknownWeak"],"picked":"sneckomod:UnknownDraw","floor":11},{"not_picked":["sneckomod:SoulRoll","sneckomod:UnknownCommonSkill"],"picked":"sneckomod:UnknownBlock","floor":12},{"not_picked":["sneckomod:Nope","sneckomod:SnekBeam"],"picked":"sneckomod:UnknownDexterity","floor":14},{"not_picked":["sneckomod:Rotation","sneckomod:DiceCrush","sneckomod:SerpentIdol"],"picked":"SKIP","floor":15}],"player_experience":642406,"relics_obtained":[{"floor":7,"key":"Boot"}],"event_choices":[{"damage_healed":0,"gold_gain":0,"player_choice":"Got Potions","damage_taken":0,"max_hp_gain":0,"max_hp_loss":0,"event_name":"Lab","floor":13,"gold_loss":0}],"is_beta":false,"boss_relics":[],"items_purged_floors":[],"is_endless":false,"potions_floor_spawned":[9,11,12,14],"killed_by":"DF_ARCHETYPE_STREAMLINE","ascension_level":1}}