{"host":"ty2cix8xj6r3ad26","time":1612083255,"event":{"mods":["AchievementEnabler","BaseMod","BetterRewards","Downfall","Infinite Spire","Minty Spire (QoL Compilation)","Quick Restart","StSLib","SuperFastMode"],"gold_per_floor":[99,119,135,153,164,164,218,218,218,253,273,284,184,199,217,321,321,321,338,351,371,388,405,405,405,405,418,418,436,436,449,464,560,610,610,628,647,666,666,692,743,763,450,450,450,550,561,561,579,579,579,579],"floor_reached":50,"language":"ENG","playtime":5124,"items_purged":["Guardian:Strike_Guardian"],"score":562,"play_id":"8799e758-b384-4bce-a17a-53e3a7b48192","local_time":"20210131105415","is_ascension_mode":true,"campfire_choices":[{"data":"Guardian:TwinSlam","floor":1,"key":"SMITH"},{"data":"Guardian:TimeBomb","floor":8,"key":"SMITH"},{"data":"Guardian:ShieldSpikes","floor":13,"key":"SMITH"},{"data":"Guardian:SentryBeam","floor":18,"key":"SMITH"},{"data":"Guardian:FierceBash","floor":35,"key":"SMITH"},{"data":"Guardian:Emergency","floor":45,"key":"SMITH"}],"circlet_count":0,"master_deck":["Guardian:Strike_Guardian","Guardian:Defend_Guardian","Guardian:Defend_Guardian","Guardian:CurlUp","Guardian:TwinSlam+1","Guardian:TimeBomb+1","Guardian:ShieldSpikes+1","Guardian:FastForward","Guardian:Reroute","Guardian:SentryBeam+1","Guardian:ExploitGems","Guardian:Suspension+1","Guardian:TemporalStrike+1","Guardian:BodySlam+1","Guardian:Orbwalk","Guardian:Preprogram+1","Guardian:ExploitGems","Guardian:TimeCapacitor","Guardian:FierceBash+1","Guardian:FierceBash+1","Guardian:DonusPower+1","Guardian:Emergency+1","expansioncontent:DecaShield","expansioncontent:PrepareCrush","Shame","Guardian:BaubleBeam","Guardian:Gem_Yellow","Pain"],"relics":["Guardian:ModeShifter","Guardian:PickAxe","Strawberry","infinitespire:Beetle Shell","downfall:HeartBlessingGreen","Astrolabe","Blue Candle","Cursed Key","Tiny House","Ice Cream","Centennial Puzzle","Regal Pillow","downfall:GremlinWheel"],"acts_visited":["Exordium","TheCity","TheBeyond"],"potions_floor_usage":[16,16,20,21,29,33,33,33,37,40,40,43,47,49,50],"damage_taken":[{"damage":15,"enemies":"infinitespire:Voidling","floor":2,"turns":3},{"damage":8,"enemies":"Small Slimes","floor":3,"turns":3},{"damage":14,"enemies":"2 Louse","floor":4,"turns":3},{"damage":1,"enemies":"2 Fungi Beasts","floor":5,"turns":3},{"damage":7,"enemies":"2 Fungi Beasts","floor":6,"turns":3},{"damage":17,"enemies":"3 Sentries","floor":10,"turns":4},{"damage":0,"enemies":"Lots of Slimes","floor":11,"turns":5},{"damage":2,"enemies":"Blue Slaver","floor":12,"turns":3},{"damage":0,"enemies":"3 Louse","floor":14,"turns":3},{"damage":0,"enemies":"Lots of Slimes","floor":15,"turns":4},{"damage":39,"enemies":"SI_SHIV_ARCHETYPE","floor":16,"turns":6},{"damage":0,"enemies":"Chosen","floor":19,"turns":4},{"damage":0,"enemies":"3 Byrds","floor":20,"turns":2},{"damage":10,"enemies":"Centurion and Healer","floor":21,"turns":3},{"damage":12,"enemies":"Shelled Parasite and Fungi","floor":22,"turns":5},{"damage":5,"enemies":"Snake Plant","floor":23,"turns":4},{"damage":2,"enemies":"3 Cultists","floor":27,"turns":5},{"damage":0,"enemies":"Chosen and Byrds","floor":29,"turns":6},{"damage":6,"enemies":"Centurion and Healer","floor":31,"turns":4},{"damage":4,"enemies":"Sentry and Sphere","floor":32,"turns":5},{"damage":12,"enemies":"WA_ARCHETYPE_CALM","floor":33,"turns":5},{"damage":4,"enemies":"3 Shapes","floor":36,"turns":3},{"damage":2,"enemies":"Orb Walker","floor":37,"turns":2},{"damage":21,"enemies":"Jaw Worm Horde","floor":38,"turns":4},{"damage":20,"enemies":"Nemesis","floor":40,"turns":5},{"damage":9,"enemies":"Maw","floor":42,"turns":5},{"damage":1,"enemies":"downfall:FleeingMerchant","floor":43,"turns":4},{"damage":1,"enemies":"downfall:FleeingMerchant","floor":46,"turns":2},{"damage":3,"enemies":"Sphere and 2 Shapes","floor":47,"turns":4},{"damage":2,"enemies":"Transient","floor":49,"turns":5},{"damage":53,"enemies":"IC_BLOCK_ARCHETYPE","floor":50,"turns":7}],"seed_played":"5975855558784267298","potions_obtained":[{"floor":10,"key":"Regen Potion"},{"floor":11,"key":"bronze:BurnAndBuffPotion"},{"floor":12,"key":"Guardian:BlockOnCardUsePotion"},{"floor":15,"key":"DuplicationPotion"},{"floor":19,"key":"DistilledChaos"},{"floor":26,"key":"CultistPotion"},{"floor":27,"key":"Strength Potion"},{"floor":29,"key":"hexamod:SoulburnPotion"},{"floor":32,"key":"LiquidMemories"},{"floor":33,"key":"Swift Potion"},{"floor":34,"key":"ColorlessPotion"},{"floor":37,"key":"Strength Potion"},{"floor":38,"key":"champ:CounterPotion"},{"floor":42,"key":"Energy Potion"},{"floor":47,"key":"champ:CounterPotion"}],"is_trial":false,"path_per_floor":["R","M","M","M","M","?","T","R","?","E","M","M","R","M","M","B",null,"R","M","M","M","M","M","T","AVR","?","M","?","M","R","M","M","B",null,"R","M","M","M","?","E","T","M","$","?","R","?","M","?","M","B"],"character_chosen":"GUARDIAN","items_purchased":["Regal Pillow","DistilledChaos"],"campfire_rested":0,"item_purchase_floors":[43,43],"current_hp_per_floor":[80,72,64,50,49,42,49,49,49,32,32,30,30,30,30,6,87,87,87,87,77,65,60,60,60,60,58,58,58,58,52,48,36,92,92,88,86,65,60,40,40,31,30,30,30,29,26,39,37,0,0,0],"gold":579,"neow_bonus":"RANDOM_COMMON_RELIC","is_daily":false,"chose_seed":false,"campfire_upgraded":6,"win_rate":0.0,"timestamp":1612083255,"path_taken":["R","M","M","?","M","?","T","R","?","E","M","M","R","M","M","BOSS","R","M","M","M","M","M","T","AVR","?","M","?","M","R","M","M","BOSS","R","M","?","M","?","E","T","M","$","?","R","?","?","?","M","BOSS"],"items_purchased_type":["Relic","Potion"],"build_version":"2020-12-22","purchased_purges":1,"victory":false,"max_hp_per_floor":[80,80,80,80,80,80,87,87,87,87,87,87,87,87,87,87,87,87,87,87,87,87,87,87,87,87,87,87,87,87,87,87,87,92,92,92,92,92,92,92,92,92,92,92,92,92,92,105,105,105,105,105],"card_choices":[{"not_picked":["Guardian:Gem_Lightblue","Guardian:CrystalBeam"],"picked":"Guardian:TimeBomb","floor":2},{"not_picked":["Guardian:PiercingHide","Guardian:Reroute"],"picked":"Guardian:Gem_Yellow","floor":3},{"not_picked":["Guardian:Gem_Red","Guardian:ChargeCore"],"picked":"Guardian:ShieldSpikes","floor":4},{"not_picked":["Guardian:BronzeArmor","Guardian:RollAttack","Guardian:TemporalStrike"],"picked":"SKIP","floor":5},{"not_picked":["Guardian:Recover","Guardian:Gem_Green"],"picked":"Guardian:Gem_Purple","floor":10},{"not_picked":["Guardian:Gem_Blue","Guardian:Gem_Green"],"picked":"Guardian:FastForward","floor":11},{"not_picked":["Guardian:PolyBeam","Guardian:Gem_Blue"],"picked":"Guardian:Reroute","floor":12},{"not_picked":["Guardian:Gem_Lightblue","Guardian:Suspension"],"picked":"Guardian:SentryBeam","floor":14},{"not_picked":["Guardian:Preprogram","Guardian:ChargeCore","Guardian:Incinerate"],"picked":"SKIP","floor":15},{"not_picked":["Guardian:Gem_Orange","Guardian:StasisStrike"],"picked":"Guardian:ExploitGems","floor":16},{"not_picked":["Guardian:PrismaticBarrier","Guardian:Gem_Green"],"picked":"Guardian:BodySlam+1","floor":19},{"not_picked":["Guardian:Emergency","Guardian:PrismaticBeam+1"],"picked":"Guardian:Orbwalk","floor":20},{"not_picked":["Guardian:DonusPower","Guardian:BronzeOrb","Guardian:Gem_Lightblue"],"picked":"SKIP","floor":21},{"not_picked":["Guardian:Orbwalk+1","Guardian:Incinerate+1"],"picked":"Guardian:Gem_Cyan","floor":22},{"not_picked":["Guardian:VentSteam","Guardian:Recover"],"picked":"Guardian:Gem_Crimson","floor":23},{"not_picked":["Guardian:PiercingHide","Guardian:Reroute"],"picked":"Guardian:Preprogram+1","floor":27},{"not_picked":["Guardian:TemporalShield","Guardian:BodySlam","Guardian:Recover"],"picked":"SKIP","floor":29},{"not_picked":["Guardian:Gem_Blue","Guardian:SentryBeam+1"],"picked":"Guardian:TimeCapacitor","floor":31},{"not_picked":["Guardian:Gem_White","Guardian:ShieldCharger+1"],"picked":"Guardian:FierceBash","floor":32},{"not_picked":["Guardian:AncientConstruct","Guardian:GemFinder"],"picked":"Guardian:FierceBash","floor":33},{"not_picked":["Guardian:Recover","Guardian:Incinerate"],"picked":"Guardian:DonusPower+1","floor":34},{"not_picked":["Guardian:FloatingOrbs","Guardian:PiercingHide+1","Guardian:RollAttack+1"],"picked":"SKIP","floor":36},{"not_picked":["Guardian:Suspension+1","Guardian:Gem_Lightblue"],"picked":"Guardian:Gem_Green","floor":37},{"not_picked":["Guardian:PrimingBeam+1","Guardian:ShieldSpikes+1"],"picked":"Guardian:Emergency","floor":38},{"not_picked":["expansioncontent:InvincibleStrength","expansioncontent:PolyBeam"],"picked":"expansioncontent:DecaShield","floor":39},{"not_picked":["expansioncontent:Hexaburn","expansioncontent:HyperBeam"],"picked":"expansioncontent:PrepareCrush","floor":39},{"not_picked":["Guardian:CrystalBeam","Guardian:BodySlam+1"],"picked":"Guardian:Gem_Synthetic","floor":40},{"not_picked":["Guardian:MultiBeam+1","Guardian:Suspension","Guardian:TimeBomb"],"picked":"SKIP","floor":42},{"not_picked":["Guardian:Gem_Fragmented","Guardian:SpikerProtocol+1"],"picked":"Guardian:BaubleBeam","floor":43},{"not_picked":["Guardian:Incinerate+1","Guardian:Suspension+1"],"picked":"Guardian:Gem_Yellow","floor":47},{"not_picked":["Guardian:Planning+1","Guardian:Gem_Red","Guardian:Gem_Green"],"picked":"SKIP","floor":49}],"player_experience":580808,"relics_obtained":[{"floor":7,"key":"Strawberry"},{"floor":10,"key":"infinitespire:Beetle Shell"},{"floor":24,"key":"Blue Candle"},{"floor":40,"key":"Ice Cream"},{"floor":41,"key":"Centennial Puzzle"},{"floor":46,"key":"downfall:GremlinWheel"}],"event_choices":[{"cards_removed":["Guardian:Defend_Guardian"],"damage_healed":0,"gold_gain":0,"player_choice":"Removed Skill","damage_taken":0,"max_hp_gain":0,"max_hp_loss":0,"event_name":"Falling","floor":44,"gold_loss":0}],"is_beta":false,"boss_relics":[{"not_picked":["bronze:MakeshiftBattery","Runic Dome"],"picked":"Astrolabe"},{"not_picked":["Guardian:StasisSlotReductionRelic","Runic Pyramid"],"picked":"Tiny House"}],"items_purged_floors":[43],"is_endless":false,"potions_floor_spawned":[6,10,11,12,15,19,27,29,32,33,37,38,42,47],"killed_by":"IC_BLOCK_ARCHETYPE","ascension_level":1}}