{"host":"p9t7qd83igtcp2bh","time":1612070283,"event":{"mods":["2.2 Compatiblity","AchievementEnabler","BaseMod","Colored Map","Colored Powertips","Custom Start","DeckTracker","Keyboard Shortcuts","Minty Spire (QoL Compilation)","Permanent Neow","Spicy Shops","StSLib","SuperFastMode","everything is the same but u backflip on backflip"],"gold_per_floor":[114,114,125,125,137,169,169,94,94,112,153,153,178,178,178,261,261,280,292,292,292],"floor_reached":20,"language":"KOR","playtime":456,"items_purged":["Defend_R"],"score":368,"play_id":"ee2009e9-c70b-438f-b4a6-68c906c6a455","local_time":"20210131141803","is_ascension_mode":true,"campfire_choices":[{"floor":12.0,"key":"REST"},{"data":"Evolve","floor":15.0,"key":"SMITH"}],"circlet_count":0,"master_deck":["AscendersBane","Strike_R","Strike_R","Strike_R","Strike_R","Defend_R","Defend_R","Defend_R+1","Bash","Pummel","Carnage","Sword Boomerang","Shrug It Off+1","Whirlwind","Evolve+1","Fire Breathing","Offering"],"relics":["Burning Blood","Du-Vu Doll","Bottled Flame","War Paint","CeramicFish","Mark of Pain"],"acts_visited":["Exordium","TheCity"],"potions_floor_usage":[16,20],"damage_taken":[{"damage":9.0,"enemies":"Small Slimes","floor":1.0,"turns":4.0},{"damage":6.0,"enemies":"Cultist","floor":3.0,"turns":3.0},{"damage":4.0,"enemies":"2 Louse","floor":5.0,"turns":3.0},{"damage":30.0,"enemies":"Lagavulin","floor":6.0,"turns":4.0},{"damage":22.0,"enemies":"Large Slime","floor":10.0,"turns":5.0},{"damage":7.0,"enemies":"3 Sentries","floor":11.0,"turns":5.0},{"damage":3.0,"enemies":"Looter","floor":13.0,"turns":3.0},{"damage":27,"enemies":"Slime Boss","floor":16,"turns":6},{"damage":24,"enemies":"Chosen","floor":18,"turns":5},{"damage":25,"enemies":"2 Thieves","floor":19,"turns":4},{"damage":37,"enemies":"Shelled Parasite and Fungi","floor":20,"turns":3}],"seed_played":"-461557354167057097","potions_obtained":[{"floor":1.0,"key":"DuplicationPotion"},{"floor":3.0,"key":"BlessingOfTheForge"},{"floor":11.0,"key":"Regen Potion"},{"floor":18,"key":"Weak Potion"}],"is_trial":false,"path_per_floor":["M","?","M","$","M","E","?","$","T","M","E","R","M","?","R","B",null,"M","M","M"],"character_chosen":"IRONCLAD","items_purchased":[],"campfire_rested":1,"item_purchase_floors":[],"current_hp_per_floor":[47,47,47,47,49,25,30,30,30,14,13,37,40,40,40,34,69,51,32,0,0],"gold":292,"neow_bonus":"ONE_RARE_RELIC","is_daily":false,"chose_seed":false,"campfire_upgraded":1,"win_rate":0.0,"timestamp":1612070283,"path_taken":["M","?","M","$","?","E","?","$","T","M","E","R","M","?","R","BOSS","M","M","?"],"items_purchased_type":[],"build_version":"2020-12-22","purchased_purges":1,"victory":false,"max_hp_per_floor":[75,75,75,75,75,75,80,80,80,80,80,80,80,80,80,80,80,80,80,80,80],"card_choices":[{"not_picked":["Iron Wave","Metallicize"],"picked":"Pummel","floor":1.0},{"not_picked":["Bloodletting","Headbutt"],"picked":"Carnage","floor":3.0},{"not_picked":["Iron Wave","Berserk"],"picked":"Sword Boomerang","floor":5.0},{"not_picked":["Sword Boomerang","Cleave"],"picked":"Shrug It Off","floor":6.0},{"not_picked":["Warcry","Havoc"],"picked":"Whirlwind","floor":10.0},{"not_picked":["Whirlwind","Dropkick"],"picked":"Evolve","floor":11.0},{"not_picked":["Armaments","Rampage"],"picked":"Fire Breathing","floor":13.0},{"not_picked":["Berserk","Fiend Fire"],"picked":"Offering","floor":16},{"not_picked":["Rage+1","Rupture","Heavy Blade"],"picked":"SKIP","floor":18},{"not_picked":["Cleave","Anger","Flex"],"picked":"SKIP","floor":19}],"player_experience":700873,"relics_obtained":[{"floor":6.0,"key":"Bottled Flame"},{"floor":9.0,"key":"War Paint"},{"floor":11.0,"key":"CeramicFish"}],"event_choices":[{"cards_removed":["Strike_R"],"damage_healed":0.0,"max_hp_gain":0.0,"max_hp_loss":0.0,"gold_gain":0.0,"event_name":"Purifier","player_choice":"Purged","floor":2.0,"gold_loss":0.0,"damage_taken":0.0},{"damage_healed":0.0,"max_hp_gain":5.0,"max_hp_loss":0.0,"gold_gain":0.0,"event_name":"Big Fish","player_choice":"Donut","floor":7.0,"gold_loss":0.0,"damage_taken":0.0},{"damage_healed":0.0,"max_hp_gain":0.0,"max_hp_loss":0.0,"gold_gain":0.0,"event_name":"Match and Keep!","player_choice":"0 cards matched","floor":14.0,"gold_loss":0.0,"damage_taken":0.0,"cards_obtained":[]}],"is_beta":false,"boss_relics":[{"not_picked":["Calling Bell","Tiny House"],"picked":"Mark of Pain"}],"items_purged_floors":[8],"is_endless":false,"potions_floor_spawned":[1,3,11,18],"killed_by":"Shelled Parasite and Fungi","ascension_level":20}}