{"host":"p34rppyhk302xzzg","time":1612088669,"event":{"mods":["Act Like it!","Ascension Reborn","BaseMod","Better Vampires","BetterRewards","Colored Map","Gensokyo","Googly Eyes","Hallownest","Koishi","Lobotomy","LobotomyExtend","Marisa£®ÏF”Í°°ƒß¿Ì…≥£©","Minty Spire (QoL Compilation)","Pale of the Ancients","Quick Restart","Reimu£®≤©¿ˆ¡È√Œ£©","Remilia£®¿Ÿ√◊¿Ú—«£©","Replay The Spire","SOS£®Àπ∞Õ¥Ô÷Æ◊”£©","StSLib","The Administrix","The Bug Knight","UnlockEverythingMod","Waifu the Spire","Yakumo Yukari mod","Youmu£®ªÍ∆«—˝√Œ£©","noobMod","°æ“≈ŒÔø®≈∆°øREMEMod"],"gold_per_floor":[116,116,143,157,157,199,209,209,287,300,300,26,26,125,125,334,334,356,356,356,356,16,16,16,110,136,136,34,34,83,131,131,307,307,323,323,342,66,127,127,127,127,175,85,141,160,172,183,183,183,358,370,370,37,37,227,227,37,37,317],"floor_reached":61,"language":"ZHS","playtime":3276,"items_purged":[],"score":1658,"play_id":"77f36e80-a5c0-4fac-bd1e-34b8f887e7ae","local_time":"20210131182429","is_ascension_mode":true,"campfire_choices":[{"data":"UpSweep","floor":8,"key":"SMITH"},{"floor":13,"key":"RECALL"},{"data":"PowerUp","floor":15,"key":"SMITH"},{"data":"Gensokyo:ManorOfTheDishes","floor":23,"key":"SMITH"},{"data":"OortCloud","floor":27,"key":"SMITH"},{"data":"MachineGunSpark","floor":29,"key":"SMITH"},{"floor":32,"key":"REST"},{"data":"FinalSpark","floor":40,"key":"SMITH"},{"data":"BlazeAway","floor":42,"key":"SMITH"},{"data":"PulseMagic","floor":49,"key":"SMITH"},{"data":"UnstableBomb","floor":55,"key":"SMITH"},{"data":"Gensokyo:SlitMouthedWoman","floor":57,"key":"SMITH"}],"circlet_count":0,"master_deck":["DespairKnight","WhiteNight","BodiesMountain","BodiesMountain","BigBird","QueenOfHatred","Strike_MRS","Strike_MRS+1","Strike_MRS+1","Strike_MRS","Defend_MRS","Defend_MRS","Defend_MRS","Defend_MRS","MasterSpark","UpSweep+1","REME_Scribble","VoidDream","Robbery","Scorched","PowerUp+1","PowerUp+1","SporeBomb","FairyDestructionRay","WallGazer","MachineGunSpark+1","SporeBomb+1","Robbery","Violence","Finesse","FairyDestructionRay","HappyTeddy","WitchOfGreed","SingingMachine","StarDustReverie","HeroicMonk","BlazeAway+1","OortCloud+1","Gensokyo:SlitMouthedWoman+1","Gensokyo:ManorOfTheDishes+1","WhitesApple","FairyDestructionRay","ReplayTheSpireMod:IOU","ReplayTheSpireMod:IOU","PulseMagic+1","Parasite","IllusionStar+1","FieryBird","BlazingStar","GasGiant+1","PowerUp","6A","FinalSpark+1","Gensokyo:CustomPotion","GreedKing","HereticApostle","DoubleSpark+1","GasGiant+1","ShootTheMoon+1","Parasite","RedShoes","AlicesGift+1","Acceleration","UnstableBomb+1","Secret Weapon","EarthLightRay","AsteroidBelt+1","Robbery","Parasite"],"relics":["BewitchedHakkero","REME_ComplimentaryCards","ice","CogitoBucket","LetterFromLob","Hallownest:DreamNailRelic","Replay:Towering Pillar of Hats","AspirationHeart","ReplayFunnel","Gremlin Horn","BargainBundle","InTheNameOfLoveAndHate_r","RuthlessExorcism:ReiMu","Ring of Peace","ReplayTheSpireMod:Ring of Collecting","Pantograph","Replay:Wax Seal","Ring of Fangs","Membership Card","Frozen Egg 2","BehaviorAdjustment","ReplayTheSpireMod:Ring of Challenge","Replay:Baseball","Lamp_r","ExperimentalFamiliar","Replay:Kaleidoscope","TentaclePot:ReiMu","Blood Vial","HollowMod:PaleOreRelic","Ring of Panic","Vajra","AtMidnight","LuminousBracelet","Kunai","TheSmile_r","paleoftheancients:Timepiece","paleoftheancients:KeyRelic","Ice Cream","CultistMask","SwordSharpenedByTears_r","DeathAngel","Bag of Marbles","Replay:WaspNest","Ornamental Fan","paleoftheancients:SoulOfTheShrineMaiden","Boot","TheAbacus","WantedRequest","Replay:Multitool"],"acts_visited":["Exordium","Hallownest:Greenpath","Gensokyo:Gensokyoer","Gensokyo:Gensokyoest"],"potions_floor_usage":[6,27,30,33,37,51,51,51,56,56,60],"damage_taken":[{"damage":6,"enemies":"Hallownest:monsterHuskWarrior","floor":1,"turns":3},{"damage":6,"enemies":"2_ Uuma","floor":3,"turns":5},{"damage":32,"enemies":"Hallownest:monsterHuskGuard","floor":4,"turns":3},{"damage":24,"enemies":"Hallownest:eliteMossKnight","floor":6,"turns":10},{"damage":2,"enemies":"Hallownest:monsterAspidMother","floor":7,"turns":3},{"damage":30,"enemies":"Hallownest:2_Tiktiks_1_Baldur_1_Crawlid","floor":10,"turns":1},{"damage":94,"enemies":"Hallownest:eliteCrystalGuardian","floor":14,"turns":7},{"damage":43,"enemies":"Hallownest:BossHornet","floor":16,"turns":6},{"damage":34,"enemies":"Gensokyo:3_Dogs","floor":18,"turns":1},{"damage":12,"enemies":"Gensokyo:Reisen","floor":25,"turns":2},{"damage":57,"enemies":"Gensokyo:AngelMirror","floor":30,"turns":1},{"damage":5,"enemies":"Gensokyo:Kaguya","floor":33,"turns":4},{"damage":24,"enemies":"Gensokyo:3_Bats","floor":35,"turns":1},{"damage":2,"enemies":"Gensokyo:3_Boulders","floor":37,"turns":1},{"damage":0,"enemies":"Gensokyo:Doremy","floor":45,"turns":2},{"damage":0,"enemies":"Gensokyo:AtlasGolem","floor":46,"turns":1},{"damage":4,"enemies":"Gensokyo:Sharpion","floor":47,"turns":1},{"damage":31,"enemies":"Gensokyo:4_Bats","floor":48,"turns":2},{"damage":10,"enemies":"Gensokyo:Shinki","floor":50,"turns":4},{"damage":79,"enemies":"Gensokyo:Shinki","floor":51,"turns":4},{"damage":1,"enemies":"Gensokyo:Shinki","floor":52,"turns":3},{"damage":57,"enemies":"Gensokyo:Shinki","floor":56,"turns":3},{"damage":77,"enemies":"paleoftheancients:N","floor":60,"turns":5}],"seed_played":"3863713375042826467","potions_obtained":[{"floor":1,"key":"Weak Potion"},{"floor":7,"key":"MagicPotion:ReiMu"},{"floor":16,"key":"PowerPotion"},{"floor":18,"key":"Energy Potion"},{"floor":25,"key":"REME_GoldPotion"},{"floor":30,"key":"Weak Potion"},{"floor":33,"key":"SteroidPotion"},{"floor":33,"key":"SkillPotion"},{"floor":39,"key":"Adrenaline Potion"},{"floor":51,"key":"Swift Potion"},{"floor":52,"key":"Strength Potion"},{"floor":56,"key":"MagicPotion:ReiMu"}],"is_trial":false,"path_per_floor":["M","?","M","M","?","E","M","R","T","M","?","$","R","E","R","B",null,"M","?","?","?","COS","R","?","E","T","R","$","R","M","T","R","B",null,"M","?","M","COS","?","R","?","R","T","?","E","M","M","M","R","B","M","M","?","$","R","M","R","$","?","B",null],"character_chosen":"MARISA","items_purchased":["BargainBundle","SporeBomb+1","Robbery","Violence","Finesse","FairyDestructionRay","AttackPotion","Membership Card","Frozen Egg 2","PulseMagic","Bag of Marbles","Replay:WaspNest","UnstableBomb","Secret Weapon","EarthLightRay","Boot","TheAbacus","Robbery"],"campfire_rested":1,"item_purchase_floors":[12,12,12,12,12,12,12,28,28,28,54,54,54,54,54,58,58,58],"current_hp_per_floor":[71,71,67,37,37,15,85,85,85,65,55,55,55,42,42,114,114,80,80,80,80,80,80,80,68,68,68,68,68,19,19,50,76,109,87,87,85,85,85,85,85,85,85,85,93,114,112,84,84,129,58,126,126,126,126,128,128,128,128,116],"gold":317,"neow_bonus":"","is_daily":false,"chose_seed":false,"campfire_upgraded":10,"win_rate":0.0,"timestamp":1612088669,"path_taken":["M","?","M","M","?","E","?","R","T","M","?","$","R","E","R","BOSS","M","?","?","?","COS","R","?","E","T","R","$","R","M","?","R","BOSS","M","?","M","COS","?","R","?","R","T","?","E","M","?","M","R","BOSS","M","M","?","$","R","M","R","$","?","BOSS"],"items_purchased_type":["Relic","Card","Card","Card","Card","Card","Potion","Relic","Relic","Card","Relic","Relic","Card","Card","Card","Relic","Relic","Card"],"build_version":"2020-12-22","purchased_purges":0,"victory":true,"max_hp_per_floor":[77,77,79,81,81,83,85,85,85,95,95,95,95,102,102,114,114,114,114,114,103,103,103,103,103,103,103,103,103,105,105,105,109,109,111,111,111,111,111,111,111,111,111,111,111,128,128,128,128,129,131,131,131,131,131,142,142,142,142,152],"card_choices":[{"not_picked":["PunishingBird","Bloodbath"],"picked":"VoidDream","floor":1},{"not_picked":["Acceleration","IllusionStar"],"picked":"Robbery","floor":1},{"not_picked":["CrumblingArmor","WallGazer"],"picked":"Scorched","floor":3},{"not_picked":["MaximisePower","LuminesStrike"],"picked":"PowerUp","floor":3},{"not_picked":["SnowQueen","MeatLantern"],"picked":"Yin","floor":4},{"not_picked":["IllusionStar","SuperPerseids"],"picked":"PowerUp","floor":4},{"not_picked":["OpenUniverse","GravityBeat"],"picked":"SporeBomb","floor":6},{"not_picked":["SpiderBud","CherryBlossoms"],"picked":"QueenOfHatred","floor":7},{"not_picked":["6A","StarlightTyphoon"],"picked":"FairyDestructionRay","floor":7},{"not_picked":["Variant","OSAHOGD"],"picked":"WallGazer","floor":10},{"not_picked":["EnergyRecoil","LuminesStrike"],"picked":"MachineGunSpark","floor":10},{"not_picked":["OSAHOGD","UniverseFragment"],"picked":"HappyTeddy","floor":14},{"not_picked":["OpenUniverse","FinalSpark"],"picked":"WitchOfGreed","floor":14},{"not_picked":["CherryBlossoms","FieryBird"],"picked":"SingingMachine","floor":16},{"not_picked":["BinaryStars","FinalSpark"],"picked":"StarDustReverie","floor":16},{"not_picked":["PunishingBird","LittleHelper"],"picked":"HeroicMonk","floor":18},{"not_picked":["EventHorizon","GalacticHalo+1"],"picked":"BlazeAway","floor":18},{"not_picked":["Gensokyo:Apocalypse","Gensokyo:MonkeysPaw"],"picked":"Gensokyo:SlitMouthedWoman","floor":21},{"not_picked":["Murderer","CENSORED"],"picked":"WhitesApple","floor":25},{"not_picked":["GalacticHalo","EscapeVelocity"],"picked":"FairyDestructionRay","floor":25},{"not_picked":["QueenBee","Rudolta"],"picked":"BigBird","floor":30},{"not_picked":["DoubleSpark","ShootingEcho"],"picked":"IllusionStar+1","floor":30},{"not_picked":["Rudolta","SpiderBud"],"picked":"FieryBird","floor":33},{"not_picked":["StarDustReverie","BinaryStars"],"picked":"BlazingStar","floor":33},{"not_picked":["Porccubus","SnowQueen"],"picked":"DespairKnight","floor":35},{"not_picked":["Acceleration+1","StarBarrage"],"picked":"GasGiant+1","floor":35},{"not_picked":["CENSORED","SilentOrchestra"],"picked":"BigBadWolf","floor":37},{"not_picked":["EnergyFlow+1","MilkyWay"],"picked":"PowerUp","floor":37},{"not_picked":["WitchOfGreed+1","Orbital"],"picked":"6A","floor":39},{"not_picked":["MysteriousBeam","MachineGunSpark"],"picked":"FinalSpark","floor":39},{"not_picked":["Murderer","SilentOrchestra","Mercenary"],"picked":"Singing Bowl","floor":45},{"not_picked":["Scarecrow","Wellcheers"],"picked":"GreedKing","floor":45},{"not_picked":["6A+1","ShootingEcho"],"picked":"EnergyRecoil+1","floor":45},{"not_picked":["LongBird","LittleHelper"],"picked":"BodiesMountain","floor":46},{"not_picked":["SporeBomb+1","ChargeUpSpray+1"],"picked":"DoubleSpark+1","floor":46},{"not_picked":["GalaxyChild","Laetitia"],"picked":"MeltingLove","floor":47},{"not_picked":["EventHorizon+1","Acceleration"],"picked":"GasGiant+1","floor":47},{"not_picked":["LongBird","Porccubus"],"picked":"WhiteNight","floor":48},{"not_picked":["EnergyFlow+1","GrandCross+1"],"picked":"ShootTheMoon+1","floor":48},{"not_picked":["Woodsman","Scarecrow"],"picked":"RedShoes","floor":51},{"not_picked":["OneTimeOff","IllusionStar"],"picked":"AlicesGift+1","floor":51},{"not_picked":["NakedNest","DreamingCurrent"],"picked":"Mercenary","floor":52},{"not_picked":["AlicesGift+1","ChargingUp"],"picked":"Acceleration","floor":52},{"not_picked":["LittleHelper","Alriune"],"picked":"BlueStar","floor":56},{"not_picked":["IllusionStar+1","ShootTheMoon+1"],"picked":"AsteroidBelt+1","floor":56}],"player_experience":84432,"relics_obtained":[{"floor":1,"key":"LetterFromLob"},{"floor":6,"key":"Replay:Towering Pillar of Hats"},{"floor":14,"key":"RuthlessExorcism:ReiMu"},{"floor":24,"key":"Ring of Peace"},{"floor":24,"key":"ReplayTheSpireMod:Ring of Collecting"},{"floor":25,"key":"Pantograph"},{"floor":26,"key":"Replay:Wax Seal"},{"floor":26,"key":"Ring of Fangs"},{"floor":31,"key":"ReplayTheSpireMod:Ring of Challenge"},{"floor":31,"key":"Replay:Baseball"},{"floor":39,"key":"Blood Vial"},{"floor":43,"key":"HollowMod:PaleOreRelic"},{"floor":43,"key":"Ring of Panic"},{"floor":45,"key":"Vajra"},{"floor":46,"key":"AtMidnight"},{"floor":51,"key":"DeathAngel"},{"floor":56,"key":"paleoftheancients:SoulOfTheShrineMaiden"}],"event_choices":[],"is_beta":false,"boss_relics":[{"not_picked":["Painkiller Herb","Honey Jar"],"picked":"BewitchedHakkero"},{"not_picked":["Runic Pyramid","Cursed Key"],"picked":"ExperimentalFamiliar"}],"items_purged_floors":[],"is_endless":false,"potions_floor_spawned":[1,7,16,18,25,33,35,47,52,56],"ascension_level":0}}