{"host":"mnpd8gh7cwxsn5kh","time":1612116824,"event":{"mods":["BaseMod","Bestiary","Block Reminder","Colored Map","Colored Powertips","Highlight Path","Minty Spire (QoL Compilation)","Relic Sorter","Relic Stats"],"gold_per_floor":[114,289,289,307,307,340,340,357,383,383,394,344,374,386,386,489,489,489,452,452,452,452,452,452,452,452,452,452,452,452,452,452,452,452,452,452,452,28,28,28,28,28,28,28,28,28,10,10,10,10],"floor_reached":51,"language":"ENG","playtime":3674,"items_purged":[],"score":1026,"play_id":"e80b68a7-2e03-4e27-a2d9-09fdf1700fc0","local_time":"20210131191344","is_ascension_mode":true,"campfire_choices":[{"data":"All Out Attack","floor":7,"key":"SMITH"},{"data":"Survivor","floor":10,"key":"SMITH"},{"data":"Bouncing Flask","floor":15,"key":"SMITH"},{"data":"Footwork","floor":23,"key":"SMITH"},{"floor":32,"key":"REST"},{"data":"Dash","floor":41,"key":"SMITH"},{"data":"Adrenaline","floor":45,"key":"SMITH"},{"data":"Noxious Fumes","floor":49,"key":"SMITH"}],"circlet_count":0,"master_deck":["Strike_G+1","Strike_G+1","Strike_G+1","Strike_G+1","Strike_G+1","Defend_G+1","Defend_G+1","Defend_G+1","Defend_G+1","Defend_G+1","Survivor+1","Neutralize","Sucker Punch","Bouncing Flask+1","Adrenaline+1","Cloak And Dagger","Skewer","Dagger Spray","Corpse Explosion","Footwork+1","Dash+1","Cloak And Dagger+1","Poisoned Stab","Leg Sweep+1","Dash+1","Bandage Up","PiercingWail","Terror+1","Malaise","Noxious Fumes+1","Poisoned Stab+1","Bouncing Flask+1","Cloak And Dagger+1","Noxious Fumes+1","Outmaneuver+1"],"relics":["SlaversCollar","Gremlin Horn","Paper Crane","MealTicket","Juzu Bracelet","Ectoplasm","Dream Catcher","Calipers","Blue Candle","Runic Pyramid","HornCleat","Membership Card","Matryoshka","Ancient Tea Set","Omamori","Strawberry","Akabeko","Question Card"],"acts_visited":["Exordium","TheCity","TheBeyond"],"potions_floor_usage":[16,18,21,22,28,28,38,42,46,48,50,50],"damage_taken":[{"damage":2,"enemies":"2 Louse","floor":1,"turns":3},{"damage":0,"enemies":"Jaw Worm","floor":4,"turns":4},{"damage":27,"enemies":"3 Sentries","floor":6,"turns":10},{"damage":0,"enemies":"Cultist","floor":8,"turns":3},{"damage":0,"enemies":"2 Fungi Beasts","floor":11,"turns":2},{"damage":2,"enemies":"Lagavulin","floor":13,"turns":5},{"damage":0,"enemies":"Large Slime","floor":14,"turns":5},{"damage":8,"enemies":"Hexaghost","floor":16,"turns":9},{"damage":11,"enemies":"Shell Parasite","floor":18,"turns":5},{"damage":2,"enemies":"Chosen","floor":20,"turns":4},{"damage":5,"enemies":"Shelled Parasite and Fungi","floor":21,"turns":6},{"damage":3,"enemies":"Snecko","floor":22,"turns":4},{"damage":24,"enemies":"Gremlin Leader","floor":24,"turns":5},{"damage":0,"enemies":"Slavers","floor":28,"turns":1},{"damage":45,"enemies":"Champ","floor":33,"turns":12},{"damage":8,"enemies":"3 Darklings","floor":35,"turns":4},{"damage":0,"enemies":"3 Shapes","floor":39,"turns":2},{"damage":0,"enemies":"Reptomancer","floor":40,"turns":6},{"damage":0,"enemies":"3 Darklings","floor":42,"turns":3},{"damage":1,"enemies":"Nemesis","floor":46,"turns":7},{"damage":0,"enemies":"Sphere and 2 Shapes","floor":48,"turns":4},{"damage":25,"enemies":"Awakened One","floor":50,"turns":13}],"seed_played":"6898212327147276048","potions_obtained":[{"floor":4,"key":"SteroidPotion"},{"floor":11,"key":"Strength Potion"},{"floor":13,"key":"SteroidPotion"},{"floor":16,"key":"GamblersBrew"},{"floor":18,"key":"Explosive Potion"},{"floor":20,"key":"Weak Potion"},{"floor":21,"key":"Dexterity Potion"},{"floor":24,"key":"Fire Potion"},{"floor":40,"key":"Weak Potion"},{"floor":42,"key":"Regen Potion"},{"floor":46,"key":"Block Potion"}],"is_trial":false,"path_per_floor":["M","?","?","M","T","E","R","M","T","R","M","?","E","M","R","B",null,"M","$","M","M","M","R","E","?","T","?","E","?","?","?","R","B",null,"M","T","?","$","M","E","R","M","T","?","R","E","$","M","R","B",null],"character_chosen":"THE_SILENT","items_purchased":["Dash","Membership Card","Fruit Juice","Matryoshka","Ancient Tea Set","Swift Potion","Noxious Fumes"],"campfire_rested":1,"item_purchase_floors":[19,38,38,38,38,38,47],"current_hp_per_floor":[61,61,66,66,66,39,39,39,39,39,39,39,37,37,37,29,64,53,68,66,61,58,58,34,34,34,34,34,34,34,27,49,8,58,50,50,50,70,74,78,78,80,87,87,87,87,87,87,87,81],"gold":10,"neow_bonus":"BOSS_RELIC","is_daily":false,"chose_seed":false,"campfire_upgraded":7,"win_rate":0.0,"timestamp":1612116824,"path_taken":["M","?","?","M","?","E","R","?","T","R","M","?","E","M","R","BOSS","M","$","M","M","M","R","E","?","T","?","E","?","?","?","R","BOSS","M","?","?","$","M","E","R","M","T","?","R","E","?","M","R","BOSS"],"items_purchased_type":["Card","Relic","Potion","Relic","Relic","Potion","Card"],"build_version":"2020-12-22","purchased_purges":0,"victory":true,"max_hp_per_floor":[70,70,75,75,75,75,75,75,75,75,75,75,75,75,75,75,75,75,75,75,75,75,75,75,75,75,75,75,75,75,75,75,75,75,75,75,75,80,80,80,80,80,87,87,87,87,87,87,87,87],"relic_stats":{"Dream Catcher":1,"Gremlin Horn":[20,20],"counters":[22,117],"Blue Candle":[0],"MealTicket":30,"Ectoplasm":480,"Juzu Bracelet":3,"Question Card":1,"obtain_stats":[{"Calipers":26,"Gremlin Horn":5,"Blue Candle":28,"Juzu Bracelet":13,"Omamori":40,"Paper Crane":6,"Ancient Tea Set":38,"Question Card":46,"Akabeko":43,"SlaversCollar":0,"Dream Catcher":24,"HornCleat":36,"Matryoshka":38,"Strawberry":43,"MealTicket":9,"Ectoplasm":17,"Membership Card":38,"Ring of the Snake":0,"Runic Pyramid":34},{"Calipers":13,"Gremlin Horn":2,"Blue Candle":14,"Juzu Bracelet":6,"Omamori":18,"Paper Crane":3,"Ancient Tea Set":16,"Question Card":20,"Akabeko":19,"SlaversCollar":0,"Dream Catcher":13,"HornCleat":16,"Matryoshka":16,"Strawberry":19,"MealTicket":4,"Ectoplasm":8,"Membership Card":16,"Ring of the Snake":0,"Runic Pyramid":15},{"Calipers":65,"Gremlin Horn":7,"Blue Candle":66,"Juzu Bracelet":27,"Omamori":90,"Paper Crane":17,"Ancient Tea Set":82,"Question Card":100,"Akabeko":93,"SlaversCollar":0,"Dream Catcher":65,"HornCleat":82,"Matryoshka":82,"Strawberry":93,"MealTicket":20,"Ectoplasm":41,"Membership Card":82,"Ring of the Snake":0,"Runic Pyramid":78}]},"card_choices":[{"not_picked":["Outmaneuver","Terror"],"picked":"Sucker Punch","floor":1},{"not_picked":["Choke","Quick Slash"],"picked":"All Out Attack","floor":4},{"not_picked":["Underhanded Strike","Endless Agony"],"picked":"Bouncing Flask","floor":6},{"not_picked":["Prepared","Concentrate"],"picked":"Adrenaline","floor":8},{"not_picked":["Eviscerate","Setup"],"picked":"Cloak And Dagger","floor":11},{"not_picked":["Choke","Endless Agony"],"picked":"Skewer","floor":13},{"not_picked":["Acrobatics","Endless Agony"],"picked":"Dagger Spray","floor":14},{"not_picked":["After Image","Doppelganger"],"picked":"Corpse Explosion","floor":16},{"not_picked":["Quick Slash+1","Blade Dance"],"picked":"Footwork","floor":18},{"not_picked":["Outmaneuver","Underhanded Strike"],"picked":"Cloak And Dagger+1","floor":20},{"not_picked":["Reflex","Deflect","Accuracy"],"picked":"SKIP","floor":21},{"not_picked":["Underhanded Strike","Eviscerate"],"picked":"Poisoned Stab","floor":22},{"not_picked":["Escape Plan","Choke"],"picked":"Leg Sweep","floor":24},{"not_picked":["Sucker Punch","Concentrate"],"picked":"Dash+1","floor":28},{"not_picked":["Eviscerate","Crippling Poison"],"picked":"Terror+1","floor":32},{"not_picked":["Burst","Doppelganger"],"picked":"Malaise","floor":33},{"not_picked":["Outmaneuver+1","Underhanded Strike"],"picked":"Noxious Fumes+1","floor":35},{"not_picked":["Acrobatics+1","Blade Dance+1"],"picked":"Poisoned Stab+1","floor":39},{"not_picked":["Infinite Blades+1","Backflip"],"picked":"Bouncing Flask+1","floor":40},{"not_picked":["Dagger Spray","Riddle With Holes","Acrobatics+1"],"picked":"SKIP","floor":42},{"not_picked":["Deflect","Escape Plan"],"picked":"Cloak And Dagger+1","floor":46},{"not_picked":["Deadly Poison+1","Masterful Stab+1","Endless Agony"],"picked":"Outmaneuver+1","floor":48}],"player_experience":212434,"relics_obtained":[{"floor":5,"key":"Gremlin Horn"},{"floor":6,"key":"Paper Crane"},{"floor":9,"key":"MealTicket"},{"floor":13,"key":"Juzu Bracelet"},{"floor":24,"key":"Dream Catcher"},{"floor":26,"key":"Calipers"},{"floor":28,"key":"Blue Candle"},{"floor":36,"key":"HornCleat"},{"floor":40,"key":"Omamori"},{"floor":43,"key":"Strawberry"},{"floor":43,"key":"Akabeko"},{"floor":46,"key":"Question Card"}],"event_choices":[{"damage_healed":0,"gold_gain":175,"player_choice":"AGREE","damage_taken":0,"max_hp_gain":0,"max_hp_loss":0,"event_name":"Liars Game","floor":2,"gold_loss":0,"cards_obtained":["Doubt"]},{"damage_healed":0,"gold_gain":0,"player_choice":"Donut","damage_taken":0,"max_hp_gain":5,"max_hp_loss":0,"event_name":"Big Fish","floor":3,"gold_loss":0},{"cards_removed":["Doubt"],"damage_healed":0,"gold_gain":0,"player_choice":"Card Removal","damage_taken":0,"max_hp_gain":0,"max_hp_loss":0,"event_name":"The Cleric","floor":12,"gold_loss":50},{"damage_healed":0,"gold_gain":0,"player_choice":"Simplicity","damage_taken":0,"max_hp_gain":0,"max_hp_loss":0,"event_name":"Back to Basics","floor":25,"gold_loss":0,"cards_upgraded":["Strike_G","Strike_G","Strike_G","Strike_G","Strike_G","Defend_G","Defend_G","Defend_G","Defend_G","Defend_G"]},{"damage_healed":0,"gold_gain":0,"player_choice":"Upgraded","damage_taken":0,"max_hp_gain":0,"max_hp_loss":0,"event_name":"Upgrade Shrine","floor":27,"gold_loss":0,"cards_upgraded":["Leg Sweep"]},{"damage_healed":0,"gold_gain":0,"player_choice":"Ignored","damage_taken":0,"max_hp_gain":0,"max_hp_loss":0,"event_name":"Cursed Tome","floor":29,"gold_loss":0},{"damage_healed":0,"gold_gain":0,"player_choice":"2 cards matched","damage_taken":0,"max_hp_gain":0,"max_hp_loss":0,"event_name":"Match and Keep!","floor":30,"gold_loss":0,"cards_obtained":["Bandage Up","PiercingWail"]},{"damage_healed":0,"gold_gain":75,"player_choice":"Touch","damage_taken":7,"max_hp_gain":0,"max_hp_loss":0,"event_name":"FaceTrader","floor":31,"gold_loss":0},{"damage_healed":0,"gold_gain":0,"player_choice":"Ignored","damage_taken":0,"max_hp_gain":0,"max_hp_loss":0,"event_name":"Tomb of Lord Red Mask","floor":37,"gold_loss":0},{"cards_removed":["All Out Attack"],"damage_healed":0,"gold_gain":0,"player_choice":"Offered Uncommon","damage_taken":0,"max_hp_gain":0,"max_hp_loss":0,"event_name":"Bonfire Elementals","floor":44,"gold_loss":0}],"is_beta":false,"boss_relics":[{"not_picked":["Philosopher\u0027s Stone","Black Star"],"picked":"Ectoplasm"},{"not_picked":["Tiny House","WristBlade"],"picked":"Runic Pyramid"}],"items_purged_floors":[],"is_endless":false,"potions_floor_spawned":[4,11,13,16,18,20,21,24,40,42,46],"ascension_level":6}}