{"host":"ypzb5vvnu9f3ii1t","time":1612098420,"event":{"mods":["AchievementEnabler","BaseMod","Colored Map","DeckTracker","Keyboard Shortcuts","Minty Spire (QoL Compilation)","Permanent Neow","Quick Restart","SuperFastMode"],"gold_per_floor":[114,114,35,35,35,35,50,80,155,155,170,170,185,215,215,315,315,330,174,189,204,204,204,234,234,234,234,249,279,279,279,279,279,279],"floor_reached":33,"language":"KOR","playtime":1580,"items_purged":["Strike_R"],"score":341,"play_id":"60f2a34f-f81e-4e67-a04a-1d4989516502","local_time":"20210131220700","daily_mods":["Allstar","Diverse","Elite Swarm"],"is_ascension_mode":false,"campfire_choices":[{"data":"Searing Blow","floor":6.0,"key":"SMITH"},{"floor":10.0,"key":"REST"},{"data":"Die Die Die","floor":12.0,"key":"SMITH"},{"floor":15.0,"key":"REST"},{"data":"Searing Blow+1","floor":23.0,"key":"SMITH"},{"data":"Searing Blow+2","floor":25.0,"key":"SMITH"},{"data":"Searing Blow+3","floor":27.0,"key":"SMITH"},{"floor":32.0,"key":"REST"}],"circlet_count":0,"master_deck":["Defend_R","Defend_R","Defend_R+1","Defend_R","Bash","Discovery","Blind+1","Transmutation","Impatience","Panacea","Searing Blow+4","Die Die Die+1","Double Tap","Corpse Explosion","Footwork","Backstab+1","Vault","Offering+1","Bite","Bite","Bite","Bite","Bite"],"relics":["Burning Blood","Incense Burner","Self Forming Clay","Paper Frog","Bronze Scales","SlaversCollar","Potion Belt","Toxic Egg 2"],"acts_visited":["Exordium","TheCity"],"potions_floor_usage":[33,33],"damage_taken":[{"damage":0.0,"enemies":"Small Slimes","floor":1.0,"turns":3.0},{"damage":8.0,"enemies":"Jaw Worm","floor":7.0,"turns":2.0},{"damage":32.0,"enemies":"Lagavulin","floor":8.0,"turns":8.0},{"damage":1.0,"enemies":"Cultist","floor":11.0,"turns":4.0},{"damage":11.0,"enemies":"Lots of Slimes","floor":13.0,"turns":2.0},{"damage":5.0,"enemies":"3 Sentries","floor":14.0,"turns":5.0},{"damage":21.0,"enemies":"Slime Boss","floor":16.0,"turns":10.0},{"damage":26.0,"enemies":"2 Thieves","floor":18.0,"turns":3.0},{"damage":19.0,"enemies":"Shell Parasite","floor":20.0,"turns":4.0},{"damage":19.0,"enemies":"Shelled Parasite and Fungi","floor":21.0,"turns":7.0},{"damage":17.0,"enemies":"Gremlin Leader","floor":24.0,"turns":5.0},{"damage":15.0,"enemies":"Snecko","floor":28.0,"turns":5.0},{"damage":24.0,"enemies":"Slavers","floor":29.0,"turns":6.0},{"damage":87,"enemies":"Collector","floor":33,"turns":10}],"seed_played":"7510361231737359051","potions_obtained":[{"floor":13.0,"key":"Ancient Potion"},{"floor":14.0,"key":"Weak Potion"},{"floor":21.0,"key":"FearPotion"},{"floor":29.0,"key":"SteroidPotion"}],"is_trial":false,"path_per_floor":["M","?","$","?","?","R","M","E","T","R","M","R","M","E","R","B",null,"M","$","M","M","?","R","E","R","T","R","M","E","?","?","R","B"],"character_chosen":"IRONCLAD","items_purchased":["Searing Blow","Footwork"],"campfire_rested":3,"item_purchase_floors":[3,19],"current_hp_per_floor":[80,62,62,46,46,46,44,18,18,42,47,47,42,43,67,52,80,60,60,47,34,60,60,49,49,49,49,42,26,26,26,50,0,0],"gold":279,"neow_bonus":"","is_daily":true,"chose_seed":false,"campfire_upgraded":5,"win_rate":0.0,"timestamp":1612098420,"path_taken":["M","?","$","?","?","R","M","E","T","R","M","R","?","E","R","BOSS","M","$","?","M","?","R","E","R","T","R","M","E","?","?","R","BOSS"],"items_purchased_type":["Card","Card"],"build_version":"2020-12-22","purchased_purges":1,"victory":false,"max_hp_per_floor":[80,80,80,80,80,80,80,80,80,80,80,80,80,80,80,80,80,80,80,80,80,80,80,80,80,80,80,80,80,80,80,80,80,80],"card_choices":[{"not_picked":["Prostrate","Conserve Battery","Prepared"],"picked":"SKIP","floor":1.0},{"not_picked":["Conserve Battery","Protect","Shrug It Off"],"picked":"SKIP","floor":7.0},{"not_picked":["Glass Knife","Burst"],"picked":"Die Die Die","floor":8.0},{"not_picked":["PathToVictory","Thunderclap","Crippling Poison"],"picked":"SKIP","floor":11.0},{"not_picked":["Melter","Accuracy","Flying Knee"],"picked":"SKIP","floor":13.0},{"not_picked":["Brilliance","Amplify"],"picked":"Double Tap","floor":14.0},{"not_picked":["Double Tap","LessonLearned"],"picked":"Corpse Explosion","floor":16.0},{"not_picked":["Outmaneuver","BowlingBash","EmptyFist"],"picked":"SKIP","floor":18.0},{"not_picked":["Uppercut+1","Cleave","SandsOfTime"],"picked":"SKIP","floor":20.0},{"not_picked":["Shrug It Off","Halt"],"picked":"Backstab+1","floor":21.0},{"not_picked":["After Image","Berserk"],"picked":"Vault","floor":24.0},{"not_picked":["Clothesline","Sucker Punch","Wireheading"],"picked":"SKIP","floor":28.0},{"not_picked":["Establishment","Corpse Explosion+1"],"picked":"Offering+1","floor":29.0}],"player_experience":151228,"relics_obtained":[{"floor":8.0,"key":"Self Forming Clay"},{"floor":9.0,"key":"Paper Frog"},{"floor":14.0,"key":"Bronze Scales"},{"floor":24.0,"key":"Blood Vial"},{"floor":26.0,"key":"Potion Belt"},{"floor":29.0,"key":"Toxic Egg 2"}],"event_choices":[{"damage_healed":0.0,"max_hp_gain":0.0,"max_hp_loss":0.0,"gold_gain":0.0,"event_name":"Scrap Ooze","player_choice":"Success","floor":2.0,"gold_loss":0.0,"damage_taken":18.0,"relics_obtained":["Incense Burner"]},{"damage_healed":0.0,"max_hp_gain":0.0,"max_hp_loss":0.0,"gold_gain":0.0,"event_name":"Shining Light","player_choice":"Entered Light","floor":4.0,"gold_loss":0.0,"damage_taken":16.0,"cards_upgraded":["Blind","Defend_R"]},{"damage_healed":0.0,"max_hp_gain":0.0,"max_hp_loss":0.0,"gold_gain":0.0,"event_name":"Match and Keep!","player_choice":"0 cards matched","floor":5.0,"gold_loss":0.0,"damage_taken":0.0,"cards_obtained":[]},{"damage_healed":26.0,"max_hp_gain":0.0,"max_hp_loss":0.0,"gold_gain":0.0,"event_name":"The Library","player_choice":"Heal","floor":22.0,"gold_loss":0.0,"damage_taken":0.0},{"damage_healed":0.0,"max_hp_gain":0.0,"max_hp_loss":0.0,"gold_gain":0.0,"event_name":"Cursed Tome","player_choice":"Ignored","floor":30.0,"gold_loss":0.0,"damage_taken":0.0},{"damage_healed":0.0,"max_hp_gain":0.0,"max_hp_loss":0.0,"gold_gain":0.0,"event_name":"Vampires","player_choice":"Became a vampire (Vial)","floor":31.0,"relics_lost":["Blood Vial"],"gold_loss":0.0,"damage_taken":0.0,"cards_obtained":["Bite","Bite","Bite","Bite","Bite"]}],"is_beta":false,"boss_relics":[{"not_picked":["Mark of Pain","Sozu"],"picked":"SlaversCollar"}],"items_purged_floors":[19],"is_endless":false,"potions_floor_spawned":[13,14,21,29],"killed_by":"Collector","ascension_level":0}}