{"host":"7oiwk103j2prpym5","time":1612107185,"event":{"mods":["BaseMod","BetterRewards","Colored Map","Colored Powertips","GifTheSpireLib","Infinite Spire","Minty Spire (QoL Compilation)","Permanent Neow","Relic Filter Mod","Reliquary","Remove Card Discount Mod","Replay The Spire","StSLib","Stuff the Spire","Weighted Paths"],"gold_per_floor":[112,127,87,101,113,139,156,156,156,188,201,216,226,242,242,344,344,354,377,214,233,233,260,272,340,363,398,398,398],"floor_reached":28,"language":"ENG","playtime":2753,"items_purged":["Strike_G","Defend_G","Strike_G","Defend_G","Strike_G","Defend_G"],"score":474,"play_id":"7ae6737f-94ed-423c-a9f9-5b11e91001a6","local_time":"20210131093305","is_ascension_mode":true,"campfire_choices":[{"floor":8,"key":"REST"},{"floor":15,"key":"REST"}],"circlet_count":0,"master_deck":["Strike_G","Strike_G","Defend_G","Defend_G","Survivor","Neutralize","Poisoned Stab","Outmaneuver","Fluid Movement","Panache","Dramatic Entrance","Magnetism","Caltrops","Dash","ReplayTheSpireMod:Tripwire","Hidden Blade","Noxious Fumes","StuffTheSpire:BrimstoneBlast","Replay:Poison Smokescreen","Noxious Fumes","Flying Knee","StuffTheSpire:BumpUp","Venomology","StuffTheSpire:Injection","Dagger Spray+1","Toxin Wave","ReplayTheSpireMod:Splinters","Bouncing Flask+1"],"relics":["Ring of the Snake","reliquary:BoilingFlask","reliquary:Stiletto","ReplayTheSpireMod:ShopPack","Mango","Blue Doll","Darkstone Periapt","Mirror","SlaversCollar","Vajra","reliquary:PartyBalloon","MutagenicStrength","StuffTheSpire:Experiment12","Pen Nib","StuffTheSpire:GrapeVine","StuffTheSpire:Expresso"],"acts_visited":["Exordium","TheCity"],"potions_floor_usage":[4,7,14,21,27,28,28],"damage_taken":[{"damage":1,"enemies":"Jaw Worm","floor":1,"turns":2},{"damage":0,"enemies":"Cultist","floor":2,"turns":5},{"damage":3,"enemies":"Small Slimes","floor":4,"turns":3},{"damage":2,"enemies":"3 Louse","floor":5,"turns":4},{"damage":9,"enemies":"Replay:BlueRogue","floor":6,"turns":5},{"damage":0,"enemies":"Exordium Thugs","floor":7,"turns":5},{"damage":26,"enemies":"3 Sentries","floor":10,"turns":8},{"damage":1,"enemies":"Gremlin Gang","floor":11,"turns":3},{"damage":6,"enemies":"Blue Slaver","floor":12,"turns":3},{"damage":5,"enemies":"Lots of Slimes","floor":13,"turns":2},{"damage":19,"enemies":"Exordium Thugs","floor":14,"turns":4},{"damage":20,"enemies":"Hexaghost","floor":16,"turns":9},{"damage":29,"enemies":"3 Byrds","floor":18,"turns":5},{"damage":0,"enemies":"Spheric Guardian","floor":21,"turns":2},{"damage":15,"enemies":"Gremlin Leader","floor":23,"turns":5},{"damage":14,"enemies":"3 Cultists","floor":24,"turns":3},{"damage":5,"enemies":"Replay:Snechameleon","floor":27,"turns":6},{"damage":34,"enemies":"Shelled Parasite and Fungi","floor":28,"turns":2}],"seed_played":"1267620407657826645","potions_obtained":[{"floor":3,"key":"SneckoOil"},{"floor":3,"key":"Fruit Juice"},{"floor":3,"key":"Cursed Concoction"},{"floor":4,"key":"Elixir"},{"floor":5,"key":"Swift Potion"},{"floor":11,"key":"Elixir"},{"floor":13,"key":"SkillPotion"},{"floor":14,"key":"Toxic Potion"},{"floor":16,"key":"Milkshake"},{"floor":23,"key":"Reflective Coating"}],"is_trial":false,"path_per_floor":["M","M","?","M","M","E","M","R","T","E","M","M","M","M","R","B",null,"M","T","$","M","?","E","M","?","T","E","M"],"character_chosen":"THE_SILENT","items_purchased":["reliquary:BoilingFlask","reliquary:Stiletto","ReplayTheSpireMod:ShopPack","Poisoned Stab","Outmaneuver","Fluid Movement","reliquary:PartyBalloon"],"campfire_rested":2,"item_purchase_floors":[0,0,0,0,0,0,20],"current_hp_per_floor":[69,69,69,72,70,61,61,88,88,62,61,55,50,31,58,38,90,61,61,61,61,61,46,32,38,38,33,0,0],"gold":398,"neow_bonus":"","is_daily":false,"chose_seed":false,"campfire_upgraded":0,"win_rate":0.0,"timestamp":1612107185,"path_taken":["M","M","?","M","M","E","M","R","T","E","?","M","M","M","R","BOSS","M","?","$","M","?","E","M","?","T","E","?"],"items_purchased_type":["Relic","Relic","Relic","Card","Card","Card","Relic"],"build_version":"2020-12-22","purchased_purges":6,"victory":false,"max_hp_per_floor":[84,84,84,90,90,90,90,90,90,90,90,90,90,90,90,90,90,90,90,90,90,90,90,90,96,96,96,96,96],"card_choices":[{"not_picked":["ReplayTheSpireMod:Brewmster","Crow Ritual"],"picked":"Panache","floor":0},{"not_picked":["Finesse","ReplayTheSpireMod:Trickstab"],"picked":"Dramatic Entrance","floor":0},{"not_picked":["HandOfGreed","Bandage Up"],"picked":"Magnetism","floor":0},{"not_picked":["StuffTheSpire:Python","Poisoned Stab"],"picked":"Caltrops","floor":1},{"not_picked":["Dodge and Roll","StuffTheSpire:Incantation"],"picked":"Dash","floor":2},{"not_picked":["PiercingWail","StuffTheSpire:Shiver"],"picked":"ReplayTheSpireMod:Tripwire","floor":4},{"not_picked":["Underhanded Strike","Outmaneuver","Predator"],"picked":"SKIP","floor":5},{"not_picked":["Bullet Time","Finisher"],"picked":"Hidden Blade","floor":6},{"not_picked":["Toxin Wave","Flying Knee"],"picked":"Noxious Fumes","floor":7},{"not_picked":["Poisoned Stab","Endless Agony"],"picked":"StuffTheSpire:BrimstoneBlast","floor":10},{"not_picked":["Crippling Poison","Slice"],"picked":"Replay:Poison Smokescreen","floor":11},{"not_picked":["StuffTheSpire:Python","Underhanded Strike"],"picked":"Noxious Fumes","floor":12},{"not_picked":["Bouncing Flask","PiercingWail"],"picked":"Flying Knee","floor":13},{"not_picked":["StuffTheSpire:Incursion","Quick Slash"],"picked":"StuffTheSpire:BumpUp","floor":14},{"not_picked":["Glass Knife","Bullet Time"],"picked":"Venomology","floor":16},{"not_picked":["Concentrate","StuffTheSpire:BumpUp"],"picked":"StuffTheSpire:Injection","floor":18},{"not_picked":["StuffTheSpire:Incantation","Infinite Blades","ReplayTheSpireMod:The Works"],"picked":"SKIP","floor":21},{"not_picked":["Quick Slash","Predator"],"picked":"Dagger Spray+1","floor":23},{"not_picked":["Cloak And Dagger","StuffTheSpire:Incantation+1"],"picked":"Toxin Wave","floor":24},{"not_picked":["Sucker Punch","Dagger Throw"],"picked":"Bouncing Flask+1","floor":27}],"player_experience":813075,"relics_obtained":[{"floor":6,"key":"Darkstone Periapt"},{"floor":10,"key":"Mirror"},{"floor":19,"key":"Vajra"},{"floor":23,"key":"StuffTheSpire:Experiment12"},{"floor":25,"key":"Pen Nib"},{"floor":26,"key":"StuffTheSpire:GrapeVine"},{"floor":27,"key":"StuffTheSpire:Expresso"}],"event_choices":[{"damage_healed":0,"gold_gain":0,"player_choice":"Bought 3 Potions","damage_taken":0,"max_hp_gain":0,"max_hp_loss":0,"event_name":"The Woman in Blue","floor":3,"gold_loss":0},{"damage_healed":0,"gold_gain":0,"player_choice":"Inject Mutagens","damage_taken":0,"relics_obtained":["MutagenicStrength"],"max_hp_gain":0,"max_hp_loss":0,"event_name":"Drug Dealer","floor":22,"gold_loss":0}],"is_beta":false,"boss_relics":[{"not_picked":["StuffTheSpire:RunicConfusion","reliquary:Ember"],"picked":"SlaversCollar"}],"items_purged_floors":[0,0,20,20,20,20],"is_endless":false,"potions_floor_spawned":[4,5,11,13,14,16,18,23],"killed_by":"Shelled Parasite and Fungi","ascension_level":4}}