{"host":"aqym1xxr3lb31d9m","time":1612107888,"event":{"mods":["BaseMod","Block Reminder","Colored Map","Colored Powertips","DeckTracker","Highlight Path","Minty Spire (QoL Compilation)","Quick Restart","Random Character Button","StSLib","SuperFastMode","UnlockEverythingMod"],"gold_per_floor":[161,176,176,196,214,214,239,253,253,253,272,305,318,32,32,109,109,119,4,21,21,21,40,40,58,58,14,14,31,59,69,69,69,69],"floor_reached":33,"language":"JPN","playtime":2759,"items_purged":[],"score":562,"play_id":"0c19f98c-bda9-4519-bc2a-3d9c45645ede","local_time":"20210201004448","is_ascension_mode":true,"campfire_choices":[{"data":"Streamline","floor":6.0,"key":"SMITH"},{"data":"1","floor":10.0,"key":"LIFT"},{"data":"2","floor":15.0,"key":"LIFT"},{"data":"3","floor":24.0,"key":"LIFT"},{"data":"Go for the Eyes","floor":28,"key":"SMITH"},{"data":"Reprogram","floor":32,"key":"SMITH"}],"circlet_count":0,"master_deck":["AscendersBane","Strike_B","Strike_B","Strike_B","Defend_B","Defend_B","Defend_B","Defend_B","Zap+1","Dualcast","Streamline+1","Sweeping Beam","Rebound","FTL","Ball Lightning","Buffer","Doom and Gloom","FTL","Glacier","Chill","Fusion","Reboot","Turbo","Undo","Go for the Eyes+1","Recycle","White Noise+1","FTL","Cold Snap","Loop+1","Reprogram+1"],"relics":["Tiny House","Blood Vial","Girya","StoneCalendar","Sundial","SacredBark","Mercury Hourglass","Frozen Egg 2","White Beast Statue"],"acts_visited":["Exordium","TheCity"],"potions_floor_usage":[25,27,30,33,33],"damage_taken":[{"damage":7.0,"enemies":"Jaw Worm","floor":1.0,"turns":3.0},{"damage":6.0,"enemies":"Cultist","floor":2.0,"turns":3.0},{"damage":10.0,"enemies":"Small Slimes","floor":4.0,"turns":4.0},{"damage":4.0,"enemies":"Red Slaver","floor":5.0,"turns":3.0},{"damage":10.0,"enemies":"Lagavulin","floor":7.0,"turns":6.0},{"damage":0.0,"enemies":"Lots of Slimes","floor":8.0,"turns":3.0},{"damage":0.0,"enemies":"3 Louse","floor":11.0,"turns":1.0},{"damage":11.0,"enemies":"3 Sentries","floor":12.0,"turns":5.0},{"damage":0.0,"enemies":"2 Fungi Beasts","floor":13.0,"turns":2.0},{"damage":10.0,"enemies":"Slime Boss","floor":16.0,"turns":7.0},{"damage":18.0,"enemies":"2 Thieves","floor":18.0,"turns":5.0},{"damage":2.0,"enemies":"Shell Parasite","floor":20.0,"turns":7.0},{"damage":10.0,"enemies":"Chosen and Byrds","floor":23.0,"turns":6.0},{"damage":18,"enemies":"Shelled Parasite and Fungi","floor":25,"turns":7},{"damage":5,"enemies":"Sentry and Sphere","floor":29,"turns":6},{"damage":14,"enemies":"Slavers","floor":30,"turns":3},{"damage":0,"enemies":"3 Cultists","floor":31,"turns":5},{"damage":53,"enemies":"Champ","floor":33,"turns":12}],"seed_played":"7684022404527322621","potions_obtained":[{"floor":0.0,"key":"EntropicBrew"},{"floor":2.0,"key":"FocusPotion"},{"floor":13.0,"key":"Regen Potion"},{"floor":25,"key":"Fruit Juice"},{"floor":29,"key":"Fire Potion"},{"floor":30,"key":"SkillPotion"},{"floor":31,"key":"ColorlessPotion"}],"is_trial":false,"path_per_floor":["M","M","?","M","M","R","E","M","T","R","M","E","M","$","R","B",null,"M","$","M","T","?","M","R","M","T","$","R","M","E","M","R","B"],"character_chosen":"DEFECT","items_purchased":["Sundial","Undo","Go for the Eyes","FTL"],"campfire_rested":0,"item_purchase_floors":[14,19,19,27],"current_hp_per_floor":[62,56,56,46,42,42,32,34,34,34,36,27,29,29,29,21,62,76,76,74,74,74,66,66,50,50,60,60,57,45,47,47,0,0],"gold":69,"neow_bonus":"BOSS_RELIC","is_daily":false,"chose_seed":false,"campfire_upgraded":3,"win_rate":0.0,"timestamp":1612107888,"path_taken":["M","M","?","M","M","R","E","?","T","R","M","E","M","$","R","BOSS","M","?","?","?","?","?","R","?","T","$","R","M","E","M","R","BOSS"],"items_purchased_type":["Relic","Card","Card","Card"],"build_version":"2020-12-22","purchased_purges":0,"victory":false,"max_hp_per_floor":[76,76,76,76,76,76,76,76,76,76,76,76,76,76,76,76,76,76,76,76,76,76,76,76,76,76,86,86,86,86,86,86,86,86],"card_choices":[{"not_picked":["Storm","Stack"],"picked":"Streamline","floor":0.0},{"not_picked":["Coolheaded","Steam"],"picked":"Sweeping Beam","floor":1.0},{"not_picked":["Conserve Battery","Compile Driver"],"picked":"Rebound","floor":2.0},{"not_picked":["Compile Driver","Leap"],"picked":"Ball Lightning","floor":4.0},{"not_picked":["Hello World","Double Energy"],"picked":"Buffer","floor":5.0},{"not_picked":["Steam","Conserve Battery"],"picked":"Doom and Gloom","floor":7.0},{"not_picked":["Conserve Battery","Capacitor"],"picked":"FTL","floor":8.0},{"not_picked":["Ball Lightning","Steam"],"picked":"Glacier","floor":11.0},{"not_picked":["Steam","Glacier"],"picked":"Chill","floor":12.0},{"not_picked":["Fission","Force Field"],"picked":"Fusion","floor":13.0},{"not_picked":["Multi-Cast","Machine Learning"],"picked":"Reboot","floor":16.0},{"not_picked":["Streamline","Tempest"],"picked":"Turbo","floor":18.0},{"not_picked":["Sweeping Beam","Redo"],"picked":"Rip and Tear+1","floor":20.0},{"not_picked":["Steam","Lockon"],"picked":"Recycle","floor":23.0},{"not_picked":["Leap+1","Steam"],"picked":"White Noise+1","floor":25},{"not_picked":["Chaos","Ball Lightning"],"picked":"Cold Snap","floor":29},{"not_picked":["Reboot","Hologram"],"picked":"Loop+1","floor":30},{"not_picked":["Gash","Barrage"],"picked":"Reprogram","floor":31}],"player_experience":4140950,"relics_obtained":[{"floor":7.0,"key":"Blood Vial"},{"floor":9.0,"key":"Girya"},{"floor":12.0,"key":"StoneCalendar"},{"floor":26,"key":"Frozen Egg 2"},{"floor":30,"key":"White Beast Statue"}],"event_choices":[{"damage_healed":0.0,"max_hp_gain":0.0,"max_hp_loss":0.0,"gold_gain":0.0,"cards_transformed":["Strike_B"],"event_name":"Transmorgrifier","player_choice":"Transformed","floor":3.0,"gold_loss":0.0,"damage_taken":0.0,"cards_obtained":["FTL"]},{"cards_removed":["Rip and Tear"],"damage_healed":0.0,"max_hp_gain":0.0,"max_hp_loss":0.0,"gold_gain":0.0,"event_name":"WeMeetAgain","player_choice":"Gave Card","floor":22.0,"gold_loss":0.0,"damage_taken":0.0,"relics_obtained":["Mercury Hourglass"]}],"is_beta":false,"boss_relics":[{"not_picked":["Runic Dome","Black Star"],"picked":"SacredBark"}],"items_purged_floors":[],"is_endless":false,"potions_floor_spawned":[2,4,5,13,25,29,30,31],"killed_by":"Champ","ascension_level":20}}