{"host":"dvdvdvm357cut69v","time":1612085371,"event":{"mods":["BaseMod","Minty Spire (QoL Compilation)","StSLib"],"gold_per_floor":[365,375,375,393,27,27,62,8,31,31,44,70,83,101,101,175,175,195,208,220,21,21,56,56,72,123,123,136,136,136,147,147,147,147],"floor_reached":33,"language":"ENG","playtime":1418,"items_purged":[],"score":485,"play_id":"2ca671db-8f26-42aa-bbb3-88233b3aa40b","local_time":"20210131122931","is_ascension_mode":true,"campfire_choices":[{"floor":6.0,"key":"REST"},{"data":"Self Repair","floor":10.0,"key":"SMITH"},{"floor":15.0,"key":"REST"},{"floor":24,"key":"REST"},{"floor":27,"key":"REST"},{"floor":29,"key":"DIG"},{"floor":32,"key":"DIG"}],"circlet_count":0,"master_deck":["AscendersBane","Defend_B","Defend_B","Defend_B","Defend_B","Zap","Dualcast","Beam Cell","Ball Lightning","Auto Shields","Seek","Self Repair+1","Stack","Streamline","Chaos","Go for the Eyes","Chill","Machine Learning","CurseOfTheBell","Conserve Battery","Ball Lightning","Steam Power","Loop+1","Turbo","Bite","Bite","Bite","Bite","Bite","Gash"],"relics":["Cracked Core","Frozen Eye","MealTicket","Centennial Puzzle","Calling Bell","Vajra","Pantograph","Shovel","Lee\u0027s Waffle","Orichalcum","PreservedInsect","Ginger","Prayer Wheel"],"acts_visited":["Exordium","TheCity"],"potions_floor_usage":[16,23,25,33],"damage_taken":[{"damage":0.0,"enemies":"2 Louse","floor":1.0,"turns":3.0},{"damage":1.0,"enemies":"Cultist","floor":2.0,"turns":3.0},{"damage":2.0,"enemies":"Jaw Worm","floor":4.0,"turns":3.0},{"damage":43.0,"enemies":"3 Sentries","floor":7.0,"turns":8.0},{"damage":11.0,"enemies":"Lots of Slimes","floor":11.0,"turns":5.0},{"damage":24.0,"enemies":"Gremlin Nob","floor":12.0,"turns":4.0},{"damage":1.0,"enemies":"Looter","floor":13.0,"turns":3.0},{"damage":0.0,"enemies":"2 Fungi Beasts","floor":14.0,"turns":2.0},{"damage":48,"enemies":"The Guardian","floor":16,"turns":12},{"damage":25,"enemies":"3 Byrds","floor":18,"turns":7},{"damage":31,"enemies":"Chosen","floor":19,"turns":7},{"damage":14,"enemies":"Snecko","floor":20,"turns":8},{"damage":44,"enemies":"Book of Stabbing","floor":23,"turns":7},{"damage":31,"enemies":"Centurion and Healer","floor":25,"turns":9},{"damage":25,"enemies":"Snake Plant","floor":28,"turns":6},{"damage":35,"enemies":"Sentry and Sphere","floor":31,"turns":8},{"damage":94,"enemies":"Automaton","floor":33,"turns":10}],"seed_played":"4636324209906667854","potions_obtained":[{"floor":1.0,"key":"Weak Potion"},{"floor":4.0,"key":"Block Potion"},{"floor":11.0,"key":"DuplicationPotion"},{"floor":14.0,"key":"Weak Potion"},{"floor":18,"key":"BlessingOfTheForge"},{"floor":23,"key":"Block Potion"},{"floor":28,"key":"Ancient Potion"}],"is_trial":false,"path_per_floor":["M","M","?","M","$","R","E","$","T","R","M","E","M","M","R","B",null,"M","M","M","$","?","E","R","M","T","R","M","R","?","M","R","B"],"character_chosen":"DEFECT","items_purchased":["Seek","Frozen Eye","Self Repair","Streamline","Lee\u0027s Waffle","Ball Lightning"],"campfire_rested":4,"item_purchase_floors":[5,5,5,8,21,21],"current_hp_per_floor":[50,49,49,47,47,69,33,48,48,48,47,33,44,46,68,32,64,51,32,30,82,76,44,68,49,49,73,60,60,60,47,47,0,0],"gold":147,"neow_bonus":"TWO_FIFTY_GOLD","is_daily":false,"chose_seed":false,"campfire_upgraded":1,"win_rate":0.0,"timestamp":1612085371,"path_taken":["M","M","?","M","$","R","E","?","T","R","M","E","M","M","R","BOSS","M","M","M","$","?","E","R","?","T","R","M","R","?","M","R","BOSS"],"items_purchased_type":["Card","Relic","Card","Card","Relic","Card"],"build_version":"2020-12-13","purchased_purges":0,"victory":false,"max_hp_per_floor":[75,75,75,75,75,75,75,75,75,75,75,75,75,75,75,75,75,75,75,75,82,82,82,82,82,82,82,82,82,82,82,82,82,82],"card_choices":[{"not_picked":["Compile Driver","Turbo"],"picked":"Beam Cell","floor":1.0},{"not_picked":["Stack","Sweeping Beam"],"picked":"Ball Lightning","floor":2.0},{"not_picked":["Conserve Battery","Storm"],"picked":"Auto Shields","floor":4.0},{"not_picked":["Lockon","Cold Snap"],"picked":"Stack","floor":7.0},{"not_picked":["Storm","Rainbow"],"picked":"Chaos","floor":11.0},{"not_picked":["Coolheaded","Rebound"],"picked":"Go for the Eyes","floor":12.0},{"not_picked":["Stack","Redo","Barrage"],"picked":"SKIP","floor":13.0},{"not_picked":["Chaos","Turbo"],"picked":"Chill","floor":14.0},{"not_picked":["Core Surge","All For One"],"picked":"Machine Learning","floor":16},{"not_picked":["Barrage","Coolheaded","Stack"],"picked":"SKIP","floor":18},{"not_picked":["Gash","Lockon"],"picked":"Conserve Battery","floor":19},{"not_picked":["Go for the Eyes","Compile Driver","Chaos"],"picked":"SKIP","floor":20},{"not_picked":["Conserve Battery","Force Field"],"picked":"Steam Power","floor":23},{"not_picked":["Thunder Strike","Gash"],"picked":"Loop+1","floor":25},{"not_picked":["Sweeping Beam","Reprogram"],"picked":"Turbo","floor":28},{"not_picked":["Beam Cell","Skim"],"picked":"Gash","floor":31}],"player_experience":91254,"relics_obtained":[{"floor":7.0,"key":"MealTicket"},{"floor":9.0,"key":"Centennial Puzzle"},{"floor":12.0,"key":"Blood Vial"},{"floor":17,"key":"Vajra"},{"floor":17,"key":"Pantograph"},{"floor":17,"key":"Shovel"},{"floor":23,"key":"Orichalcum"},{"floor":26,"key":"PreservedInsect"},{"floor":29,"key":"Ginger"},{"floor":32,"key":"Prayer Wheel"}],"event_choices":[{"cards_removed":["Strike_B"],"damage_healed":0.0,"max_hp_gain":0.0,"max_hp_loss":0.0,"gold_gain":0.0,"event_name":"Purifier","player_choice":"Purged","floor":3.0,"gold_loss":0.0,"damage_taken":0.0},{"damage_healed":0,"gold_gain":0,"player_choice":"","damage_taken":6,"max_hp_gain":0,"max_hp_loss":0,"event_name":"Knowing Skull","floor":22,"potions_obtained":[],"gold_loss":0,"cards_obtained":[]},{"damage_healed":0,"gold_gain":0,"player_choice":"Became a vampire (Vial)","damage_taken":0,"max_hp_gain":0,"max_hp_loss":0,"event_name":"Vampires","floor":30,"relics_lost":["Blood Vial"],"gold_loss":0,"cards_obtained":["Bite","Bite","Bite","Bite","Bite"]}],"is_beta":false,"boss_relics":[{"not_picked":["Snecko Eye","Black Star"],"picked":"Calling Bell"}],"items_purged_floors":[],"is_endless":false,"potions_floor_spawned":[1,4,7,11,14,18,23,28],"killed_by":"Automaton","ascension_level":13}}