{"host":"mx2pw5pd864r4y2b","time":1612116239,"event":{"mods":["BaseMod","BetterRewards","Duelist Mod","GifTheSpireLib","Minty Spire (QoL Compilation)","Shop Mod","StSLib","The Mystic","Waifu the Spire"],"gold_per_floor":[110,125,200,375,386,386,411,422,446,465,272,272,284,294,294,294,294],"floor_reached":16,"language":"ENG","playtime":609,"items_purged":["Strike_B"],"score":114,"play_id":"d7b33f90-979d-45a5-a530-cdaaafa082e8","local_time":"20210131130359","is_ascension_mode":true,"campfire_choices":[{"data":"Double Energy","floor":6,"key":"SMITH"},{"floor":12,"key":"REST"},{"floor":15,"key":"REST"}],"circlet_count":0,"master_deck":["Strike_B","Strike_B","Strike_B","Defend_B","Defend_B","Defend_B","Defend_B","Zap","Dualcast","Double Energy+1","Doubt","Tempest","Loop","Self Repair","White Noise"],"relics":["Cracked Core","Bronze Scales","Lantern","Membership Card"],"acts_visited":["Exordium"],"potions_floor_usage":[14,16,16],"damage_taken":[{"damage":0,"enemies":"2 Louse","floor":1,"turns":2},{"damage":6,"enemies":"Jaw Worm","floor":2,"turns":4},{"damage":1,"enemies":"Cultist","floor":5,"turns":3},{"damage":31,"enemies":"Lagavulin","floor":7,"turns":5},{"damage":12,"enemies":"3 Louse","floor":8,"turns":3},{"damage":7,"enemies":"Looter","floor":10,"turns":3},{"damage":13,"enemies":"Blue Slaver","floor":13,"turns":2},{"damage":20,"enemies":"Lots of Slimes","floor":14,"turns":2},{"damage":35,"enemies":"Slime Boss","floor":16,"turns":3}],"seed_played":"5065802558299560958","potions_obtained":[{"floor":2,"key":"FocusPotion"},{"floor":5,"key":"FocusPotion"},{"floor":7,"key":"FearPotion"},{"floor":14,"key":"FocusPotion"}],"is_trial":false,"path_per_floor":["M","M","?","?","M","R","E","M","T","M","$","R","M","M","R","B"],"character_chosen":"DEFECT","items_purchased":["Membership Card"],"campfire_rested":2,"item_purchase_floors":[11],"current_hp_per_floor":[75,69,58,58,57,57,26,14,14,7,7,29,23,3,25,0,0],"gold":294,"neow_bonus":"THREE_CARDS","is_daily":false,"chose_seed":false,"campfire_upgraded":1,"win_rate":0.0,"timestamp":1612116239,"path_taken":["M","M","?","?","?","R","E","M","T","M","$","R","M","M","R","BOSS"],"items_purchased_type":["Relic"],"build_version":"2020-12-22","purchased_purges":1,"victory":false,"max_hp_per_floor":[75,75,75,75,75,75,75,75,75,75,75,75,75,75,75,75,75],"card_choices":[{"not_picked":["Sweeping Beam","Coolheaded"],"picked":"Double Energy","floor":0},{"not_picked":["Gash","Coolheaded","Recycle"],"picked":"SKIP","floor":1},{"not_picked":["Coolheaded","Force Field","Beam Cell"],"picked":"SKIP","floor":2},{"not_picked":["Streamline","Rebound"],"picked":"Tempest","floor":5},{"not_picked":["Scrape","Hyperbeam"],"picked":"Loop","floor":7},{"not_picked":["Coolheaded","Leap","Stack"],"picked":"SKIP","floor":8},{"not_picked":["Beam Cell","Turbo"],"picked":"Self Repair","floor":10},{"not_picked":["Coolheaded","Doom and Gloom","Reinforced Body"],"picked":"SKIP","floor":13},{"not_picked":["Compile Driver","Rebound"],"picked":"White Noise","floor":14}],"player_experience":134504,"relics_obtained":[{"floor":7,"key":"Bronze Scales"},{"floor":9,"key":"Lantern"}],"event_choices":[{"damage_healed":0,"gold_gain":75,"player_choice":"Gather Gold","damage_taken":11,"max_hp_gain":0,"max_hp_loss":0,"event_name":"World of Goop","floor":3,"gold_loss":0},{"damage_healed":0,"gold_gain":175,"player_choice":"AGREE","damage_taken":0,"max_hp_gain":0,"max_hp_loss":0,"event_name":"Liars Game","floor":4,"gold_loss":0,"cards_obtained":["Doubt"]}],"is_beta":false,"boss_relics":[],"items_purged_floors":[11],"is_endless":false,"potions_floor_spawned":[2,5,7,14],"killed_by":"Slime Boss","ascension_level":2}}