{"host":"knspyp6dy614fx6e","time":1612116048,"event":{"mods":["ATMod(阿瑾Mod)","Aspiration","BaseMod","Better Altar","Better Match","Better Note","Better Sensory Stone","Better Skull","Better Third Choice","Card Filter","DeckTracker","Dota2Spire","Energized Spire","Jedi Mod","Minty Spire (QoL Compilation)","Quick Restart","Relic Filter Mod","Relic Stats","Reliquary","Shop Mod","Spicy Shops","StSLib","TestMod","Waifu the Spire","【遗物卡牌】REMEMod"],"gold_per_floor":[10,20,35,53,73,73,101,26,51,51,63,80,80,80,80,151,151,161,211,229,18,18,50,60,71,71,71,99,99,179,199,199,278,278,297,122,522,537,547,577,588,601,625,625,643,643,643,673,673,673,673,673,673,13,45,45],"floor_reached":57,"language":"ZHS","playtime":2662,"items_purged":["Power Through","True Grit+1","Bash"],"score":2887,"play_id":"cecc6ed8-929b-4924-9373-fe2f079cf706","local_time":"20210201020048","is_ascension_mode":true,"campfire_choices":[{"data":"Armaments","floor":6.0,"key":"SMITH"},{"data":"True Grit","floor":10.0,"key":"SMITH"},{"data":"Feed","floor":15.0,"key":"SMITH"},{"data":"Metallicize","floor":27.0,"key":"SMITH"},{"data":"Battle Trance","floor":29.0,"key":"SMITH"},{"data":"Pommel Strike","floor":32.0,"key":"SMITH"},{"data":"Pommel Strike","floor":44,"key":"SMITH"},{"floor":49,"key":"RECALL"},{"data":"Exhume","floor":53,"key":"SMITH"}],"circlet_count":0,"master_deck":["AscendersBane","Strike_R","Strike_R","Strike_R","Defend_R","Defend_R","Defend_R","Feed+1","Armaments+1","Body Slam","REME_Scribble","Battle Trance+1","jedi:strikingstrike","Pommel Strike+1","Metallicize+1","Seeing Red+1","Headbutt","Rage","Pommel Strike+1","Exhume+1","Infernal Blade+1","Pommel Strike+1","Shrug It Off","Shrug It Off","Thunderclap","jedi:strikingstrike","Evolve+1","Shrug It Off"],"relics":["Burning Blood","testmod-TestBox","REME_ComplimentaryCards","AT_EbonyIvory","testmod-BatchProcessingSystem","AT_BladeRuinedKing","testmod-LifeArmor","Bottled Tornado","REME_HandOfSuture","Dota2Spire:BattleFury","energizedSpire:DeadBattery","Oddly Smooth Stone","REME_CardOfGreed","MerchantsRug","Vajra","AT_ImmortalShieldbow"],"acts_visited":["TheCity","TheBeyond","TheEnding"],"potions_floor_usage":[40,51],"damage_taken":[{"damage":9.0,"enemies":"Small Slimes","floor":1.0,"turns":6.0},{"damage":0.0,"enemies":"2 Louse","floor":2.0,"turns":3.0},{"damage":14.0,"enemies":"Jaw Worm","floor":3.0,"turns":4.0},{"damage":13.0,"enemies":"Blue Slaver","floor":4.0,"turns":3.0},{"damage":19.0,"enemies":"Large Slime","floor":5.0,"turns":9.0},{"damage":10.0,"enemies":"Gremlin Nob","floor":7.0,"turns":3.0},{"damage":17.0,"enemies":"Exordium Wildlife","floor":11.0,"turns":5.0},{"damage":2.0,"enemies":"2 Fungi Beasts","floor":12.0,"turns":3.0},{"damage":27.0,"enemies":"Slime Boss","floor":16.0,"turns":11.0},{"damage":22.0,"enemies":"3 Byrds","floor":18.0,"turns":5.0},{"damage":2.0,"enemies":"Spheric Guardian","floor":20.0,"turns":3.0},{"damage":71.0,"enemies":"Slavers","floor":23.0,"turns":11.0},{"damage":2.0,"enemies":"Centurion and Healer","floor":24.0,"turns":4.0},{"damage":8.0,"enemies":"Snake Plant","floor":25.0,"turns":2.0},{"damage":34.0,"enemies":"Gremlin Leader","floor":28.0,"turns":6.0},{"damage":2.0,"enemies":"Chosen and Byrds","floor":31.0,"turns":3.0},{"damage":13.0,"enemies":"Automaton","floor":33.0,"turns":5.0},{"damage":11.0,"enemies":"3 Shapes","floor":35.0,"turns":3.0},{"damage":5,"enemies":"Orb Walker","floor":38,"turns":2},{"damage":3,"enemies":"Maw","floor":39,"turns":1},{"damage":3,"enemies":"Reptomancer","floor":40,"turns":3},{"damage":4,"enemies":"3 Darklings","floor":41,"turns":3},{"damage":3,"enemies":"4 Shapes","floor":42,"turns":3},{"damage":3,"enemies":"Transient","floor":45,"turns":4},{"damage":2,"enemies":"Giant Head","floor":48,"turns":3},{"damage":14,"enemies":"Awakened One","floor":50,"turns":8},{"damage":28,"enemies":"Time Eater","floor":51,"turns":8},{"damage":2,"enemies":"Shield and Spear","floor":55,"turns":3},{"damage":6,"enemies":"The Heart","floor":56,"turns":2}],"seed_played":"-2889525079841693081","potions_obtained":[{"floor":1.0,"key":"Fruit Juice"},{"floor":3.0,"key":"SteroidPotion"},{"floor":7.0,"key":"EssenceOfSteel"},{"floor":12.0,"key":"Ancient Potion"},{"floor":16.0,"key":"ColorlessPotion"},{"floor":23.0,"key":"jedi:StrikingPotion"},{"floor":24.0,"key":"Dota2Spire:Clarity"},{"floor":38,"key":"Swift Potion"},{"floor":39,"key":"Strength Potion"},{"floor":42,"key":"Ancient Potion"},{"floor":48,"key":"testmod-TimePotion"}],"is_trial":false,"path_per_floor":["M","M","M","M","M","R","E","?","T","R","M","M","?","T","R","B",null,"M","?","M","$","?","E","M","M","T","R","E","R","T","M","R","B",null,"M","$","?","M","M","E","M","M","T","R","M","?","?","E","R","B","B",null,"R","$","E","B",null],"character_chosen":"IRONCLAD","items_purchased":["AT_BladeRuinedKing","Metallicize","REME_CardOfGreed","jedi:strikingstrike","Evolve+1","MerchantsRug","Vajra"],"campfire_rested":0,"item_purchase_floors":[21,21,54,54,54,54,54],"current_hp_per_floor":[73,83,78,74,64,64,66,66,66,66,60,66,71,71,71,52,100,90,90,100,115,115,52,62,60,60,60,34,34,34,40,40,35,115,116,131,131,134,140,145,149,152,152,152,158,158,152,154,154,152,133,156,156,163,169,169],"gold":45,"neow_bonus":"TRANSFORM_TWO_CARDS","is_daily":false,"chose_seed":false,"campfire_upgraded":8,"win_rate":0.0,"timestamp":1612116048,"path_taken":["M","M","M","M","M","R","E","?","T","R","M","M","?","?","R","BOSS","M","?","M","$","?","E","?","M","T","R","E","R","?","M","R","BOSS","M","$","?","M","M","E","M","M","T","R","M","?","?","E","R","BOSS","BOSS","R","$","E","BOSS"],"items_purchased_type":["Relic","Card","Relic","Card","Card","Relic","Relic"],"build_version":"2020-12-22","purchased_purges":3,"victory":true,"max_hp_per_floor":[83,87,90,93,96,96,102,102,102,102,107,109,114,114,114,116,116,122,122,128,128,128,130,136,136,136,136,138,138,138,140,140,142,142,148,148,148,150,153,155,157,157,157,157,160,160,152,154,154,160,163,163,163,163,169,169],"relic_stats":{"counters":[29,129],"obtain_stats":[{"Potion Belt":14,"MerchantsRug":54,"AT_ATBox":0,"testmod-TestBox":0,"testmod-BatchProcessingSystem":17,"Oddly Smooth Stone":40,"Vajra":54,"AT_EbonyIvory":9,"AT_BladeRuinedKing":21,"testmod-LifeArmor":23,"Dota2Spire:BattleFury":30,"Juzu Bracelet":22,"Bottled Tornado":26,"Frozen Egg 2":48,"energizedSpire:DeadBattery":34,"Burning Blood":0,"AT_ImmortalShieldbow":55,"MealTicket":7,"REME_HandOfSuture":28,"REME_CardOfGreed":54,"REME_ComplimentaryCards":0},{"Potion Belt":8,"MerchantsRug":27,"AT_ATBox":0,"testmod-TestBox":0,"testmod-BatchProcessingSystem":9,"Oddly Smooth Stone":21,"Vajra":27,"AT_EbonyIvory":6,"AT_BladeRuinedKing":11,"testmod-LifeArmor":12,"Dota2Spire:BattleFury":15,"Juzu Bracelet":11,"Bottled Tornado":14,"Frozen Egg 2":25,"energizedSpire:DeadBattery":17,"Burning Blood":0,"AT_ImmortalShieldbow":28,"MealTicket":6,"REME_HandOfSuture":15,"REME_CardOfGreed":27,"REME_ComplimentaryCards":0},{"Potion Belt":36,"MerchantsRug":124,"AT_ATBox":0,"testmod-TestBox":0,"testmod-BatchProcessingSystem":47,"Oddly Smooth Stone":95,"Vajra":124,"AT_EbonyIvory":28,"AT_BladeRuinedKing":55,"testmod-LifeArmor":66,"Dota2Spire:BattleFury":78,"Juzu Bracelet":55,"Bottled Tornado":72,"Frozen Egg 2":108,"energizedSpire:DeadBattery":86,"Burning Blood":0,"AT_ImmortalShieldbow":127,"MealTicket":28,"REME_HandOfSuture":78,"REME_CardOfGreed":124,"REME_ComplimentaryCards":0}],"Burning Blood":166},"card_choices":[{"not_picked":["Warcry","Dropkick"],"picked":"Armaments","floor":1.0},{"not_picked":["Armaments","Infernal Blade"],"picked":"Body Slam","floor":2.0},{"not_picked":["Warcry","Twin Strike","Perfected Strike"],"picked":"SKIP","floor":3.0},{"not_picked":["Havoc","Shrug It Off"],"picked":"Juggernaut","floor":4.0},{"not_picked":["Twin Strike","Warcry"],"picked":"REME_Scribble","floor":5.0},{"not_picked":["Armaments","Perfected Strike"],"picked":"True Grit","floor":7.0},{"not_picked":["Rampage","Pommel Strike","Heavy Blade"],"picked":"SKIP","floor":11.0},{"not_picked":["Iron Wave","Perfected Strike"],"picked":"Battle Trance","floor":12.0},{"not_picked":["Fiend Fire","Bludgeon"],"picked":"jedi:strikingstrike","floor":16.0},{"not_picked":["Rage","AT_GerminateFire"],"picked":"Pommel Strike+1","floor":18.0},{"not_picked":["Sword Boomerang","Armaments","Perfected Strike+1"],"picked":"SKIP","floor":20.0},{"not_picked":["Wild Strike","Clothesline"],"picked":"Seeing Red+1","floor":23.0},{"not_picked":["True Grit","Clothesline"],"picked":"Headbutt","floor":24.0},{"not_picked":["Feed","Flex","Wild Strike"],"picked":"SKIP","floor":25.0},{"not_picked":["Carnage","Disarm"],"picked":"Rage","floor":28.0},{"not_picked":["Perfected Strike","True Grit"],"picked":"Pommel Strike","floor":31.0},{"not_picked":["Demon Form","jedi:strikingstrike"],"picked":"Exhume","floor":33.0},{"not_picked":["True Grit","Wild Strike+1"],"picked":"Infernal Blade+1","floor":35.0},{"not_picked":["Clothesline","REME_FearOfPain","Dropkick"],"picked":"SKIP","floor":38},{"not_picked":["Flex","Warcry"],"picked":"Pommel Strike","floor":39},{"not_picked":["Berserk","Reaper"],"picked":"Shrug It Off","floor":40},{"not_picked":["Body Slam","True Grit"],"picked":"Shrug It Off","floor":41},{"not_picked":["Havoc","Clash"],"picked":"Thunderclap","floor":42},{"not_picked":["Sword Boomerang","Power Through","Rampage"],"picked":"SKIP","floor":45},{"not_picked":["Hemokinesis+1","Bloodletting","Clash"],"picked":"SKIP","floor":48},{"not_picked":["REME_Scribble","Warcry"],"picked":"Shrug It Off","floor":55}],"player_experience":269044,"relics_obtained":[{"floor":7.0,"key":"MealTicket"},{"floor":9.0,"key":"AT_EbonyIvory"},{"floor":14.0,"key":"Potion Belt"},{"floor":23.0,"key":"testmod-LifeArmor"},{"floor":26.0,"key":"Bottled Tornado"},{"floor":28.0,"key":"REME_HandOfSuture"},{"floor":30.0,"key":"Dota2Spire:BattleFury"},{"floor":40,"key":"Oddly Smooth Stone"},{"floor":48,"key":"Frozen Egg 2"},{"floor":55,"key":"AT_ImmortalShieldbow"}],"event_choices":[{"cards_removed":["Strike_R"],"damage_healed":0.0,"max_hp_gain":0.0,"max_hp_loss":0.0,"gold_gain":0.0,"event_name":"The Cleric","player_choice":"Card Removal","floor":8.0,"gold_loss":75.0,"damage_taken":0.0},{"damage_healed":0.0,"max_hp_gain":5.0,"max_hp_loss":0.0,"gold_gain":0.0,"event_name":"Big Fish","player_choice":"Donut","floor":13.0,"gold_loss":0.0,"damage_taken":0.0},{"damage_healed":0.0,"max_hp_gain":0.0,"max_hp_loss":0.0,"gold_gain":50.0,"event_name":"betterThird:BetterNest","player_choice":"Steal","floor":19.0,"gold_loss":0.0,"damage_taken":0.0},{"damage_healed":0.0,"max_hp_gain":0.0,"max_hp_loss":0.0,"gold_gain":0.0,"event_name":"给自己的盒子","player_choice":"Swap Relic","floor":22.0,"relics_lost":["Juzu Bracelet"],"gold_loss":0.0,"damage_taken":0.0,"relics_obtained":["Juzu Bracelet"]},{"damage_healed":0.0,"max_hp_gain":0.0,"max_hp_loss":0.0,"gold_gain":400.0,"event_name":"恩洛斯的盘子","player_choice":"Sell","floor":37.0,"relics_lost":["AT_ATBox"],"gold_loss":0.0,"damage_taken":0.0},{"cards_removed":["Juggernaut"],"damage_healed":0,"gold_gain":0,"player_choice":"Removed Power","damage_taken":0,"max_hp_gain":0,"max_hp_loss":0,"event_name":"Falling","floor":46,"gold_loss":0},{"damage_healed":0,"gold_gain":0,"player_choice":"Max HP","damage_taken":0,"max_hp_gain":0,"max_hp_loss":8,"event_name":"Winding Halls","floor":47,"gold_loss":0}],"is_beta":false,"boss_relics":[{"not_picked":["testmod-HarvestTotem","energizedSpire:CursedPentagram"],"picked":"testmod-BatchProcessingSystem"},{"not_picked":["Fusion Hammer","reliquary:RedPaperclip"],"picked":"energizedSpire:DeadBattery"}],"items_purged_floors":[36,36,54],"is_endless":false,"potions_floor_spawned":[1,3,7,12,16,23,24,38,39,42,48],"ascension_level":20}}