{"host":"nnmmiiw4bez2c8ei","time":1612068780,"event":{"mods":["AchievementEnabler","BaseMod","Colored Map","Colored Powertips","Minty Spire (QoL Compilation)","Rare Cards Sparkle","StSLib"],"gold_per_floor":[117,292,307,257,275,9,9,37,37,37,37,37,55,86,86,185,185,185],"floor_reached":17,"language":"KOR","playtime":463,"items_purged":["Defend_G"],"score":302,"play_id":"890f5924-551e-4961-8f6a-021a7ab411ff","local_time":"20210131135300","is_ascension_mode":true,"campfire_choices":[{"data":"Terror","floor":7,"key":"SMITH"},{"data":"Dagger Spray","floor":10,"key":"SMITH"},{"floor":12,"key":"REST"},{"floor":15,"key":"REST"}],"circlet_count":0,"master_deck":["Strike_G","Strike_G","Strike_G","Strike_G","Strike_G","Defend_G","Defend_G","Defend_G","Defend_G","Survivor","Neutralize","Terror+1","PiercingWail","Dagger Spray+1","Cloak And Dagger","Regret","Venomology"],"relics":["Ring of the Snake","Bronze Scales","ClockworkSouvenir","StoneCalendar","Matryoshka","White Beast Statue","Eternal Feather","Philosopher\u0027s Stone"],"acts_visited":["TheCity"],"potions_floor_usage":[14,16,16],"damage_taken":[{"damage":4,"enemies":"Jaw Worm","floor":1,"turns":4},{"damage":0,"enemies":"2 Louse","floor":3,"turns":3},{"damage":5,"enemies":"Small Slimes","floor":5,"turns":3},{"damage":28,"enemies":"Gremlin Nob","floor":8,"turns":4},{"damage":0,"enemies":"3 Louse","floor":13,"turns":2},{"damage":28,"enemies":"3 Sentries","floor":14,"turns":6},{"damage":41,"enemies":"Slime Boss","floor":16,"turns":7}],"seed_played":"-730761790986221234","potions_obtained":[{"floor":1,"key":"Strength Potion"},{"floor":5,"key":"Regen Potion"},{"floor":13,"key":"Weak Potion"},{"floor":14,"key":"GhostInAJar"},{"floor":16,"key":"Explosive Potion"}],"is_trial":false,"path_per_floor":["M","?","M","?","M","$","R","E","T","R","?","R","M","E","R","B",null],"character_chosen":"THE_SILENT","items_purchased":["ClockworkSouvenir","Dagger Spray"],"campfire_rested":2,"item_purchase_floors":[6,6],"current_hp_per_floor":[66,66,66,66,61,61,61,33,33,33,33,54,54,38,68,27,70,70],"gold":185,"neow_bonus":"RANDOM_COMMON_RELIC","is_daily":false,"chose_seed":false,"campfire_upgraded":2,"win_rate":0.0,"timestamp":1612068780,"path_taken":["M","?","M","?","M","$","R","E","T","R","?","R","M","E","R","BOSS"],"items_purchased_type":["Relic","Card"],"build_version":"2020-12-22","purchased_purges":1,"victory":false,"max_hp_per_floor":[70,70,70,70,70,70,70,70,70,70,70,70,70,70,70,70,70,70],"card_choices":[{"not_picked":["Finisher","Escape Plan"],"picked":"Terror","floor":1},{"not_picked":["Poisoned Stab","Concentrate","Quick Slash"],"picked":"SKIP","floor":3},{"not_picked":["Catalyst","Riddle With Holes"],"picked":"PiercingWail","floor":5},{"not_picked":["Quick Slash","After Image"],"picked":"Cloak And Dagger","floor":8},{"not_picked":["Dagger Spray","Underhanded Strike","Outmaneuver"],"picked":"SKIP","floor":13},{"not_picked":["Choke","Doppelganger","Eviscerate"],"picked":"SKIP","floor":14},{"not_picked":["After Image","Bullet Time"],"picked":"Venomology","floor":16}],"player_experience":497819,"relics_obtained":[{"floor":8,"key":"StoneCalendar"},{"floor":9,"key":"Matryoshka"},{"floor":14,"key":"Eternal Feather"}],"event_choices":[{"damage_healed":0,"gold_gain":175,"player_choice":"AGREE","damage_taken":0,"max_hp_gain":0,"max_hp_loss":0,"event_name":"Liars Game","floor":2,"gold_loss":0,"cards_obtained":["Doubt"]},{"cards_removed":["Doubt"],"damage_healed":0,"gold_gain":0,"player_choice":"Card Removal","damage_taken":0,"max_hp_gain":0,"max_hp_loss":0,"event_name":"The Cleric","floor":4,"gold_loss":50},{"damage_healed":0,"gold_gain":0,"player_choice":"Box","damage_taken":0,"relics_obtained":["White Beast Statue"],"max_hp_gain":0,"max_hp_loss":0,"event_name":"Big Fish","floor":11,"gold_loss":0,"cards_obtained":["Regret"]}],"is_beta":false,"boss_relics":[{"not_picked":["Sozu","Snecko Eye"],"picked":"Philosopher\u0027s Stone"}],"items_purged_floors":[6],"is_endless":false,"potions_floor_spawned":[1,5,13,14,16],"ascension_level":3}}