{"host":"fxrgx7wt2cpkbhka","time":1612072872,"event":{"mods":["AchievementEnabler","BaseMod","Colored Powertips","Minty Spire (QoL Compilation)","Permanent Neow","Quick Restart","Slay-I","StSLib","Waifu the Spire"],"gold_per_floor":[212,58,71,171,182,182,211,57,57,57,76,91,106,106,106,106,106],"floor_reached":16,"language":"ENG","playtime":448,"items_purged":[],"score":193,"play_id":"3d355c43-8ce6-46eb-a728-684acfe2181e","local_time":"20210130220112","is_ascension_mode":true,"campfire_choices":[{"data":"Feed","floor":6,"key":"SMITH"},{"data":"Flex","floor":10,"key":"SMITH"},{"data":"Flex","floor":15,"key":"SMITH"}],"circlet_count":0,"master_deck":["AscendersBane","Strike_R","Strike_R","Strike_R","Strike_R","Strike_R","Defend_R","Defend_R","Defend_R","Defend_R","Bash","Feed+1","Flex+1","Reaper","Flex+1"],"relics":["Burning Blood","Potion Belt","ClockworkSouvenir","Eternal Feather","Pen Nib"],"acts_visited":["Exordium"],"potions_floor_usage":[16],"damage_taken":[{"damage":5,"enemies":"2 Louse","floor":1,"turns":3},{"damage":6,"enemies":"Cultist","floor":3,"turns":3},{"damage":7,"enemies":"Small Slimes","floor":5,"turns":3},{"damage":68,"enemies":"Gremlin Nob","floor":7,"turns":6},{"damage":32,"enemies":"Gremlin Gang","floor":11,"turns":4},{"damage":12,"enemies":"2 Fungi Beasts","floor":12,"turns":4},{"damage":15,"enemies":"Lots of Slimes","floor":13,"turns":4},{"damage":61,"enemies":"Hexaghost","floor":16,"turns":9}],"seed_played":"5658842213891626499","potions_obtained":[{"floor":1,"key":"Dexterity Potion"},{"floor":7,"key":"Swift Potion"},{"floor":11,"key":"CultistPotion"},{"floor":12,"key":"SteroidPotion"}],"is_trial":false,"path_per_floor":["M","$","M","?","M","R","E","$","T","R","M","M","M","?","R","B"],"character_chosen":"IRONCLAD","items_purchased":["Feed","ClockworkSouvenir"],"campfire_rested":0,"item_purchase_floors":[2,8],"current_hp_per_floor":[73,73,76,76,78,78,16,16,16,22,24,30,37,34,43,0,0],"gold":106,"neow_bonus":"HUNDRED_GOLD","is_daily":false,"chose_seed":false,"campfire_upgraded":3,"win_rate":0.0,"timestamp":1612072872,"path_taken":["M","$","M","?","M","R","E","?","T","R","M","M","M","?","R","BOSS"],"items_purchased_type":["Card","Relic"],"build_version":"2020-12-22","purchased_purges":0,"victory":false,"max_hp_per_floor":[80,80,83,83,86,86,86,86,86,86,90,94,98,98,98,98,98],"card_choices":[{"not_picked":["Combust","Pommel Strike","Heavy Blade"],"picked":"SKIP","floor":1},{"not_picked":["Iron Wave","Perfected Strike"],"picked":"Flex","floor":3},{"not_picked":["Warcry","Headbutt","Battle Trance"],"picked":"SKIP","floor":5},{"not_picked":["Pommel Strike","Dropkick"],"picked":"Reaper","floor":7},{"not_picked":["True Grit","Clothesline","Rupture"],"picked":"SKIP","floor":11},{"not_picked":["Thunderclap","Body Slam"],"picked":"Flex","floor":12},{"not_picked":["Rampage","Iron Wave","Battle Trance"],"picked":"SKIP","floor":13}],"player_experience":736942,"relics_obtained":[{"floor":7,"key":"Potion Belt"},{"floor":9,"key":"Eternal Feather"}],"event_choices":[{"damage_healed":0,"gold_gain":100,"player_choice":"Pray","damage_taken":0,"max_hp_gain":0,"max_hp_loss":0,"event_name":"Golden Shrine","floor":4,"gold_loss":0},{"damage_healed":0,"gold_gain":0,"player_choice":"Success","damage_taken":3,"relics_obtained":["Pen Nib"],"max_hp_gain":0,"max_hp_loss":0,"event_name":"Scrap Ooze","floor":14,"gold_loss":0}],"is_beta":false,"boss_relics":[],"items_purged_floors":[],"is_endless":false,"potions_floor_spawned":[1,7,11,12],"killed_by":"Hexaghost","ascension_level":13}}