{"host":"w05x4i13f2m9joq1","time":1612060633,"event":{"mods":["Act Like it!","Bard","BaseMod","Better Altar","Better Match","Better Note","Better Sensory Stone","Better Skull","Better Third Choice","BetterRewards","CapriCore","Colored Map","Colored Powertips","Decade(???)","Defective Defect","Duelist Mod","GifTheSpireLib","Googly Eyes","Infinite Spire","Ironclad Rager","Lobotomy","LobotomyExtend","Marisa????????","Melee Mod","Minty Spire (QoL Compilation)","MostiFishMod","Rare Cards Sparkle","Replay The Spire","Spicy Shops","Spire Birthday Party","StSLib","Td1madao Mod","The Construct","The IronCluck","TheBandit","Uncapped","everything is the same but u backflip on backflip","slay the spire mod where everything is the same but ironclad has a cowboy hat"],"gold_per_floor":[118,137,137,190,209,240,240,240,264,279,17,52,52,52,52,148,148,167,182,182,182,192,225,225,259,259,259,259,259,271,271,271,373,373,386,56,56,56],"floor_reached":37,"language":"ENG","playtime":2859,"items_purged":["Voices"],"score":486,"play_id":"8885340a-e6c0-4809-ab14-d25263fc6a45","local_time":"20210130213713","is_ascension_mode":true,"campfire_choices":[{"floor":7,"key":"REST"},{"floor":15,"key":"REST"},{"data":"KamenRideAgito","floor":24,"key":"SMITH"},{"floor":27,"key":"REST"},{"data":"UnarmedAttack9","floor":29,"key":"SMITH"},{"data":"UnarmedAttack3","floor":32,"key":"SMITH"}],"circlet_count":0,"master_deck":["Decade_Attack+1","Decade_Attack","Decade_Attack","Decade_Attack","KamenRide","Decade_SpecialSkill","Decade_Defend","Decade_Defend+1","Decade_Defend","Decade_Defend","DragShield","UnarmedAttack7","PrometheusPower","UnarmedAttack3+1","Blade_Mach","FormRideFlame+9","UnarmedAttack8","UnarmedAttack5","FormRideStorm+8","UnarmedAttack5","Decade_Defend2","UnarmedAttack9+1","Decade_Defend2","Blade_Beat","UnarmedAttack7+1","KamenRideAgito+1","UnarmedAttack8+1","Pot Of Greed","Pot Of Greed","Pot Of Greed","UnarmedAttack1+1","UnarmedAttack3+1","ReplayTheSpireMod:Faulty Equipment"],"relics":["Decadriver","TOEIDeficitBill","DaveBox","SynthV:TestCard","LetterFromLob","RhineFirstAidKit","Meat on the Bone","Oddly Smooth Stone","Gremlin Food","Iron Hammer","Replay:Accelerometer","RhineCircuit","Blood Vial","Grinning Jar","infinitespire:Beetle Shell","Lantern","Toy Ornithopter","xbg","ReplayTheSpireMod:CursedCoin","Happy Flower","Nunchaku"],"acts_visited":["Exordium","TheCity","TheBeyond"],"potions_floor_usage":[6,12,16,18,22,25,37],"damage_taken":[{"damage":7,"enemies":"2 Louse","floor":1,"turns":4},{"damage":6,"enemies":"Small Slimes","floor":2,"turns":6},{"damage":4,"enemies":"infinitespire:Voidling","floor":5,"turns":4},{"damage":22,"enemies":"Gremlin Nob","floor":6,"turns":5},{"damage":8,"enemies":"Looter","floor":10,"turns":3},{"damage":11,"enemies":"Lagavulin","floor":12,"turns":6},{"damage":0,"enemies":"Slime Boss","floor":16,"turns":7},{"damage":0,"enemies":"Spheric Guardian","floor":18,"turns":3},{"damage":9,"enemies":"2 Thieves","floor":19,"turns":4},{"damage":22,"enemies":"Snecko","floor":22,"turns":7},{"damage":5,"enemies":"theDuelist:KaibaA2","floor":23,"turns":4},{"damage":13,"enemies":"Slavers","floor":25,"turns":4},{"damage":0,"enemies":"Chosen and Byrds","floor":30,"turns":3},{"damage":37,"enemies":"Automaton","floor":33,"turns":7},{"damage":10,"enemies":"Orb Walker","floor":35,"turns":2},{"damage":39,"enemies":"infinitespire:Three Voidlings","floor":37,"turns":3},{"damage":35,"enemies":"Nightmare_Alpha","floor":37,"turns":2}],"seed_played":"-8381358553734558099","potions_obtained":[{"floor":5,"key":"Ancient Potion"},{"floor":6,"key":"Fire Potion"},{"floor":10,"key":"SpeedPotion"},{"floor":16,"key":"AttackPotion"},{"floor":18,"key":"PowerPotion"},{"floor":22,"key":"Explosive Potion"},{"floor":23,"key":"SteroidPotion"}],"is_trial":false,"path_per_floor":["M","M","?","?","M","E","R","E","T","M","$","E","?","?","R","B",null,"M","M","?","?","M","E","R","E","T","R","?","R","M","?","R","B",null,"M","$","?"],"character_chosen":"Decade","items_purchased":["Iron Hammer","ReplayTheSpireMod:CursedCoin","Happy Flower","Nunchaku","Milkshake"],"campfire_rested":3,"item_purchase_floors":[11,36,36,36,36],"current_hp_per_floor":[56,50,50,25,37,27,45,45,45,37,37,38,38,38,56,56,63,63,54,54,38,63,58,58,47,47,63,63,63,63,63,63,38,63,53,53,0,0],"gold":56,"neow_bonus":"THREE_RARE_CARDS","is_daily":false,"chose_seed":false,"campfire_upgraded":3,"win_rate":0.0,"timestamp":1612060633,"path_taken":["M","M","?","?","?","E","R","E","T","M","$","E","?","?","R","BOSS","M","M","?","?","M","E","R","E","T","R","?","R","M","?","R","BOSS","M","$","?"],"items_purchased_type":["Relic","Relic","Relic","Relic","Potion"],"build_version":"2020-12-22","purchased_purges":1,"victory":false,"max_hp_per_floor":[63,63,63,63,63,63,63,63,63,63,63,63,63,63,63,63,63,63,63,63,63,63,63,63,63,63,63,63,63,63,63,63,63,63,63,63,63,63],"card_choices":[{"not_picked":["Kiva_Swallow","Kabuto_ClockUp"],"picked":"TimeVent","floor":0},{"not_picked":["UnarmedAttack5","UnarmedAttack1"],"picked":"DragShield","floor":1},{"not_picked":["Hibiki_Attack1","FormRidePegasus"],"picked":"UnarmedAttack7","floor":1},{"not_picked":["Hibiki_Attack3","AutoVajin","Kuuga_GouramAttack","DenO_Gun"],"picked":"PrometheusPower","floor":2},{"not_picked":["AttackRide","FormRideDragon","KamenRideDenO","UnarmedAttack9"],"picked":"UnarmedAttack3","floor":2},{"not_picked":["Decade_Defend2","KamenRideHibiki","FormRideDragon","FormRideGaruru"],"picked":"Blade_Mach","floor":4},{"not_picked":["FormRideGaruru","RideBooker_Skill_2","FormRideTitan","DenO_Sword"],"picked":"FormRideFlame","floor":4},{"not_picked":["FormRideAxel","DenO_Sword","FormRideDogga","FormRideStorm"],"picked":"UnarmedAttack8","floor":5},{"not_picked":["KamenRideKabuto","MirrorWorld","FormRideBasshaa","Decade_Dash1","Hibiki_Attack3"],"picked":"SKIP","floor":5},{"not_picked":["PrometheusPower","UnarmedAttack4","Decade_Invisible","RideBooker_Skill_2"],"picked":"UnarmedAttack5","floor":6},{"not_picked":["AutoVajin","UnarmedAttack3","FormRideDragon","NMDAZYYGL"],"picked":"FormRideStorm","floor":10},{"not_picked":["Kiva_Bats","Kiva_Swallow","Hibiki_Attack2","Hibiki_FEVER"],"picked":"UnarmedAttack5","floor":12},{"not_picked":["AutoVajin","KamenRideKuuga","Hibiki_Attack2","Kuuga_Rising"],"picked":"Decade_Defend2","floor":12},{"not_picked":["DecadeViolentEmotion","DenO_Climax","Kiva_Swallow","NMDAZYYGL"],"picked":"UnarmedAttack9","floor":16},{"not_picked":["KamenRideDecade","FormRideDragon","DenO_Gun","FormRideDogga"],"picked":"Decade_Defend2","floor":18},{"not_picked":["FormRideGaruru+1","DenO_Ax+1","MirrorWorld","Decade_Invisible"],"picked":"Blade_Beat","floor":19},{"not_picked":["KamenRideKiva","Blade_Slash","Kiva_Bats","RideBooker"],"picked":"UnarmedAttack7+1","floor":19},{"not_picked":["Kuuga_Rising","DenO_Gun","Decade_Dash1","Decade_Invisible"],"picked":"KamenRideAgito","floor":22},{"not_picked":["AutoVajin","Kiva_Eat","KamenRideKabuto","Decade_Dash1"],"picked":"UnarmedAttack8+1","floor":23},{"not_picked":["AttackRide","FormRideGaruru","Kiva_Frozen","FormRideJack","PrometheusPower+1"],"picked":"SKIP","floor":23},{"not_picked":["Hibiki_Attack2","FormRideDragon","DecadeViolentEmotion","UnarmedAttack5"],"picked":"UnarmedAttack1+1","floor":25},{"not_picked":["AutoVajin+1","FormRideStorm","KamenRideAgito","Kabuto_ClockUp","FormRideBasshaa+1"],"picked":"SKIP","floor":25},{"not_picked":["DenO_Rod","DenO_Ax","Decade_Dash1+1","RideBooker_Skill_2","Decade_Dash2+1"],"picked":"SKIP","floor":30},{"not_picked":["KamenRideAgito","UnarmedAttack7","FormRideFlame","AttackRide"],"picked":"UnarmedAttack3+1","floor":35}],"player_experience":148235,"relics_obtained":[{"floor":1,"key":"SynthV:TestCard"},{"floor":1,"key":"LetterFromLob"},{"floor":4,"key":"Meat on the Bone"},{"floor":6,"key":"Oddly Smooth Stone"},{"floor":9,"key":"Gremlin Food"},{"floor":12,"key":"Replay:Accelerometer"},{"floor":23,"key":"Grinning Jar"},{"floor":25,"key":"infinitespire:Beetle Shell"},{"floor":26,"key":"Lantern"}],"event_choices":[{"damage_healed":0,"gold_gain":0,"player_choice":"Ignored","damage_taken":0,"max_hp_gain":0,"max_hp_loss":0,"event_name":"Golden Wing","floor":3,"gold_loss":0},{"damage_healed":0,"gold_gain":0,"player_choice":" Vial ","damage_taken":16,"relics_obtained":["Blood Vial"],"max_hp_gain":54,"max_hp_loss":38,"event_name":"betterAltar:BetterAltar","floor":21,"potions_obtained":[],"relics_lost":[],"gold_loss":0},{"damage_healed":0,"gold_gain":0,"player_choice":"Ignored","damage_taken":0,"max_hp_gain":0,"max_hp_loss":0,"event_name":"Vampires","floor":31,"gold_loss":0}],"is_beta":false,"boss_relics":[{"not_picked":["Astrolabe","Black Star"],"picked":"RhineCircuit"},{"not_picked":["Replay:Bronze Core","Transparent"],"picked":"xbg"}],"items_purged_floors":[36],"is_endless":false,"potions_floor_spawned":[5,6,10,16,18,22,23,37],"killed_by":"Nightmare_Alpha","ascension_level":1}}