{"host":"nx6ib2o6hmd449ys","time":1612086057,"event":{"mods":["100% Spire Juice","2.2 Compatiblity","Act Like it!","Arknights The Spire","Aspiration","BaseMod","BetterRewards","CCEM","Challenge The Spire","Clockwork Mod","Colorless Booster Pack","Conjunction","Conspire","Dota2Spire","Downfall","Energized Spire","Fox Events","Friendly Minions","Gensokyo","GifTheSpireLib","GungeonMod","Halation","Hermit","HornydragonMod","Hubris","Infinite Spire","Jedi Mod","Kalas","Luminous","Marisa????????","Minty Spire (QoL Compilation)","MostiFishMod","Pale of the Ancients","Quick Restart","RRrroohrrRGHHhhh!!","Rare Cards Sparkle","RatMod","Reliquary","Remilia??????","Replay The Spire","Retaliation","RumiaBox-????????","Shop Mod","Slay the StarCraft II Mod","Small Relic Pack","Spicy Shops","Spikes Relics","Spire Arcade","StS++","StSLib","Stuff the Spire","SuperFastMode","TestMod","The Administrix","The Bladedancer","The Blue Laboratory","The Factory","The Jungle","Wandering Minibosses","Wide Potions","Yuyuko","[IsaacMod]????","noobMod","sanctuary","vexMod","??????REMEMod"],"gold_per_floor":[711,592,592,592,592,592,592],"floor_reached":6,"language":"ENG","playtime":324,"items_purged":[],"score":253,"play_id":"73f3a501-d203-4799-bd61-1cbb63ca9f1b","local_time":"20210131104057","daily_mods":["challengethespire:Silver Difficulty","challengethespire:Modded Elite Rush","Uncertain Future"],"is_ascension_mode":true,"campfire_choices":[],"circlet_count":0,"master_deck":["AscendersBane","Strike_R","Strike_R","Strike_R","Strike_R","Strike_R","Defend_R","Defend_R","Defend_R","Defend_R","Bash","Trip","Luminous:Freud_Wisdom2_Luminous","Perfected Strike","Pot Of Greed","Pot Of Greed","infinitespire:OneForAll","Bomb"],"relics":["Burning Blood","Black Star","Sling","PreservedInsect","testmod-TestBox","ice","HushsDoor","DaveBox","REME_ComplimentaryCards","Damocles","PatriotShield","testmod-Register","Dodecahedron","infinitespire:WardingShard","jedi:ominousloannote","DemoMod:GlassGuonStoneRelic","halation:PrussianBluePaint","reliquary:Knoch","reliquary:SilkGlove","CCEMRelics:GrindingGear","testmod-OneHitWonder","Grinning Jar","Art of War","halation:WeightlessCrab","Replay:Baseball","halation:Prosthetics","GuppysHairball"],"acts_visited":["Exordium","Exordium"],"potions_floor_usage":[4],"damage_taken":[{"damage":0,"enemies":"Gremlin Nob","floor":3,"turns":2},{"damage":0,"enemies":"Replay:BlueRogue","floor":4,"turns":1},{"damage":0,"enemies":"3 Sentries","floor":5,"turns":2}],"seed_played":"-5302701905676063313","potions_obtained":[{"floor":3,"key":"Block Potion"}],"is_trial":true,"path_per_floor":["$","$","E","E","E","T"],"character_chosen":"IRONCLAD","items_purchased":["Dodecahedron","Trip","infinitespire:WardingShard","jedi:ominousloannote","Luminous:Freud_Wisdom2_Luminous","GuppysHairball"],"campfire_rested":0,"item_purchase_floors":[1,1,2,2,2,6],"current_hp_per_floor":[72,72,78,80,80,35,35],"gold":592,"neow_bonus":"","is_daily":false,"chose_seed":false,"campfire_upgraded":0,"win_rate":0.0,"timestamp":1612086057,"path_taken":["$","$","E","E","E","T"],"items_purchased_type":["Relic","Card","Relic","Relic","Card","Relic"],"build_version":"2020-12-13","purchased_purges":0,"victory":false,"max_hp_per_floor":[80,80,80,80,80,35,35],"card_choices":[{"not_picked":[],"picked":"Bomb","floor":0}],"player_experience":382794,"relics_obtained":[{"floor":3,"key":"halation:PrussianBluePaint"},{"floor":3,"key":"reliquary:Knoch"},{"floor":3,"key":"reliquary:SilkGlove"},{"floor":4,"key":"CCEMRelics:GrindingGear"},{"floor":4,"key":"testmod-OneHitWonder"},{"floor":4,"key":"Grinning Jar"},{"floor":5,"key":"Art of War"},{"floor":5,"key":"halation:WeightlessCrab"},{"floor":5,"key":"Replay:Baseball"}],"event_choices":[],"is_beta":false,"boss_relics":[{"not_picked":["testmod-PortableAltar","hubris:HollowSoul"],"picked":"halation:Prosthetics"},{"not_picked":[]}],"items_purged_floors":[],"is_endless":false,"potions_floor_spawned":[3],"ascension_level":10}}