{"host":"skr63qsdfgeey3it","time":1612072831,"event":{"mods":["BaseMod","Colored Map","Hubris","Minty Spire (QoL Compilation)","Replay The Spire","Spicy Shops","StSLib"],"gold_per_floor":[219,237,237,237,237,237,272,447,474,474,494,524,602,602,602],"floor_reached":14,"language":"ENG","playtime":471,"items_purged":[],"score":129,"play_id":"591da3f4-da52-4d04-9ba2-fa0808940808","local_time":"20210131000031","is_ascension_mode":true,"campfire_choices":[{"data":"Loop","floor":6,"key":"SMITH"},{"floor":10,"key":"REST"}],"circlet_count":0,"master_deck":["AscendersBane","Strike_B","Strike_B","Strike_B","Strike_B","Defend_B","Defend_B","Defend_B","Zap","Dualcast","Storm","Darkness","Steam Power+1","Loop+1","Regret","hubris:Ukulele","Doubt","Conserve Battery"],"relics":["Cracked Core","Pet Ghost","Durian","ReplayTheSpireMod:TigerMarble","Toxic Egg 2","Prayer Wheel"],"acts_visited":["Exordium"],"potions_floor_usage":[2,7,14],"damage_taken":[{"damage":0,"enemies":"2 Louse","floor":1,"turns":4},{"damage":2,"enemies":"Small Slimes","floor":2,"turns":3},{"damage":59,"enemies":"3 Sentries","floor":7,"turns":7},{"damage":11,"enemies":"Jaw Worm","floor":11,"turns":4},{"damage":34,"enemies":"Gremlin Nob","floor":14,"turns":3}],"seed_played":"-1220230639531150929","potions_obtained":[{"floor":1,"key":"PowerPotion"},{"floor":2,"key":"Energy Potion"},{"floor":11,"key":"SkillPotion"}],"is_trial":false,"path_per_floor":["M","M","?","?","?","R","E","?","T","R","M","?","T","E"],"character_chosen":"DEFECT","items_purchased":[],"campfire_rested":1,"item_purchase_floors":[],"current_hp_per_floor":[68,66,66,66,66,66,12,12,12,36,25,25,25,0,0],"gold":602,"neow_bonus":"HUNDRED_GOLD","is_daily":false,"chose_seed":false,"campfire_upgraded":1,"win_rate":0.0,"timestamp":1612072831,"path_taken":["M","M","?","?","?","R","E","?","T","R","?","?","?","E"],"items_purchased_type":[],"build_version":"2020-12-22","purchased_purges":0,"victory":false,"max_hp_per_floor":[75,75,75,75,75,75,80,80,80,80,80,80,80,80,80],"card_choices":[{"not_picked":["Gash","Leap"],"picked":"Storm","floor":1},{"not_picked":["Beam Cell","Hologram"],"picked":"Darkness","floor":2},{"not_picked":["Compile Driver","Leap"],"picked":"hubris:Ukulele","floor":7},{"not_picked":["Coolheaded","FTL"],"picked":"Conserve Battery","floor":11}],"player_experience":836202,"relics_obtained":[{"floor":7,"key":"Durian"},{"floor":9,"key":"ReplayTheSpireMod:TigerMarble"},{"floor":13,"key":"Toxic Egg 2"}],"event_choices":[{"damage_healed":0,"gold_gain":0,"player_choice":"Box","damage_taken":0,"relics_obtained":["Pet Ghost"],"max_hp_gain":0,"max_hp_loss":0,"event_name":"Big Fish","floor":5,"gold_loss":0,"cards_obtained":["Regret"]},{"damage_healed":0,"gold_gain":175,"player_choice":"AGREE","damage_taken":0,"max_hp_gain":0,"max_hp_loss":0,"event_name":"Liars Game","floor":8,"gold_loss":0,"cards_obtained":["Doubt"]},{"damage_healed":0,"gold_gain":30,"player_choice":"Searched \u00271\u0027 times","damage_taken":0,"max_hp_gain":0,"max_hp_loss":0,"event_name":"Dead Adventurer","floor":12,"gold_loss":0}],"is_beta":false,"boss_relics":[],"items_purged_floors":[],"is_endless":false,"potions_floor_spawned":[1,2,11],"killed_by":"Gremlin Nob","ascension_level":10}}