{"host":"m8o7tt929h4qck9e","time":1612121381,"event":{"mods":["Arknights","Aspiration","BaseMod","Better Third Choice","BetterRewards","Card Forge","Colored Powertips","Conspire","Defuse TimeMaze Blight","Friendly Minions","Hubris","Infinite Spire","Minty Spire (QoL Compilation)","Replay The Spire","Shop Mod","Spicy Shops","StSLib","The Jungle","Transform Curses","??????REMEMod"],"gold_per_floor":[109,109,33,51,61,61,61,94,94,152,152,186,212,227,227,356,356,431,431,497,497,552,552,606,725,725,747,799,799,714,783,783,942,942,1012,110,122,135,235,235,235],"floor_reached":40,"language":"ENG","playtime":21951,"items_purged":["ats:Defend","ats:Defend","ats:Strike C","CommonCold","hubris:Greed"],"score":433,"play_id":"0e8c7394-d2b8-46c9-82a5-1860a4dd0f53","local_time":"20210131142941","is_ascension_mode":false,"campfire_choices":[{"data":"ats:Emotion Absorption","floor":6.0,"key":"SMITH"},{"data":"ats:Armor Crushing Shot","floor":11.0,"key":"SMITH"},{"data":"ats:Consecutive Shot Auto","floor":15.0,"key":"SMITH"},{"data":"ats:Roar Of Ursus","floor":23.0,"key":"SMITH"},{"floor":32.0,"key":"DIG"},{"data":"ats:Echo Reverb","floor":40,"key":"SMITH"}],"circlet_count":0,"master_deck":["ats:Strike S","ats:Armor Crushing Shot+1","ats:Defend","ats:Emotion Absorption+1","ats:Calcification","Good Instincts","ats:Consecutive Shot Auto+1","DeusExMachina","ats:Shell Defense","ats:Wolf Pack+1","ats:Ambush","ats:Directed Diagnosis","ReplayTheSpireMod:Black Plague","ats:Roar Of Ursus+1","ats:Thorns","ats:Neurotoxin","ats:Echo Reverb+1","ats:Disruption Kick","ats:Powerful Strike+1","ats:Shell Defense+1"],"relics":["ats:Sanity","Hammer of Thor","Seething Fire","Anvil of the Gods","REME_ComplimentaryCards","Durian","conspire:TreasureMap","hubris:EmptyBottle","ReplayTheSpireMod:Ring of Collecting","ReplayTheSpireMod:Ring of Challenge","Ring of Fangs","ats:Originium","Potion Belt","infinitespire:Satchel","Ring of Misfortune","Nunchaku","infinitespire:Cupcake","Question Card","Bag of Preparation","Replay:Wax Seal","PreservedInsect","hubris:SlimyHat","Ring of Peace","hubris:Towel","infinitespire:Bottled Soul","Thread and Needle","infinitespire:Joker Card","ReplayFunnel","MerchantsRug","ats:Snipe","infinitespire:WardingShard","infinitespire:ShieldingShard"],"acts_visited":["Exordium","TheCity","TheBeyond"],"potions_floor_usage":[],"damage_taken":[{"damage":5.0,"enemies":"2 Louse","floor":1.0,"turns":3.0},{"damage":9.0,"enemies":"Cultist","floor":4.0,"turns":5.0},{"damage":1.0,"enemies":"Jaw Worm","floor":5.0,"turns":5.0},{"damage":8.0,"enemies":"Exordium Thugs","floor":8.0,"turns":10.0},{"damage":0.0,"enemies":"2 Fungi Beasts","floor":10.0,"turns":5.0},{"damage":33.0,"enemies":"3 Sentries","floor":12.0,"turns":15.0},{"damage":0.0,"enemies":"Looter","floor":14.0,"turns":5.0},{"damage":0.0,"enemies":"Fading Forest","floor":16.0,"turns":11.0},{"damage":89.0,"enemies":"conspire:FuzzyDice","floor":18.0,"turns":25.0},{"damage":0.0,"enemies":"Chosen","floor":20.0,"turns":5.0},{"damage":0.0,"enemies":"3 Cultists","floor":22.0,"turns":7.0},{"damage":4.0,"enemies":"Shelled Parasite and Fungi","floor":24.0,"turns":6.0},{"damage":0.0,"enemies":"Snecko","floor":27.0,"turns":5.0},{"damage":0.0,"enemies":"Centurion and Healer","floor":28.0,"turns":7.0},{"damage":15.0,"enemies":"Slavers","floor":31.0,"turns":6.0},{"damage":0.0,"enemies":"conspire:MysteriousRune","floor":33.0,"turns":1.0},{"damage":0.0,"enemies":"3 Darklings","floor":35.0,"turns":5.0},{"damage":0.0,"enemies":"Orb Walker","floor":37.0,"turns":4.0},{"damage":0,"enemies":"Spire Growth","floor":38,"turns":4}],"seed_played":"-6953056816659599219","potions_obtained":[{"floor":1.0,"key":"SpeedPotion"},{"floor":4.0,"key":"CultistPotion"},{"floor":12.0,"key":"ats:Emergency Sanity Potion"},{"floor":18.0,"key":"infinitespire:BlackPotion"},{"floor":22.0,"key":"Strength Potion"},{"floor":24.0,"key":"Toxic Potion"},{"floor":25.0,"key":"infinitespire:BlackPotion"},{"floor":25.0,"key":"Energy Potion"},{"floor":33.0,"key":"Block Potion"},{"floor":35.0,"key":"Toxic Potion"}],"is_trial":false,"path_per_floor":["M","?","$","M","M","R","?","M","T","M","R","E","T","M","R","B",null,"M","AVR","M","?","M","R","M","?","T","M","M","?","?","E","R","B",null,"M","$","M","M","?","R"],"character_chosen":"DOCTOR_CLASS","items_purchased":["ats:Calcification","Good Instincts","Durian","conspire:TreasureMap","ats:Consecutive Shot Auto","hubris:EmptyBottle","MerchantsRug","ats:Snipe","ats:Powerful Strike+1","infinitespire:WardingShard","infinitespire:ShieldingShard"],"campfire_rested":0,"item_purchase_floors":[0,0,0,0,0,3,36,36,36,36,36],"current_hp_per_floor":[41,41,41,41,45,45,45,77,77,77,77,77,77,77,77,77,77,77,77,77,77,77,77,77,58,58,68,77,77,77,77,77,77,77,77,77,77,77,77,77,77],"gold":235,"neow_bonus":"","is_daily":false,"chose_seed":false,"campfire_upgraded":5,"win_rate":0.0,"timestamp":1612121381,"path_taken":["M","?","$","?","M","R","?","M","T","M","R","E","?","M","R","BOSS","M","AVR","M","?","M","R","M","?","T","?","M","?","?","E","R","BOSS","M","$","M","M","?","R"],"items_purchased_type":["Card","Card","Relic","Relic","Card","Relic","Relic","Relic","Card","Relic","Relic"],"build_version":"2020-12-22","purchased_purges":5,"victory":false,"max_hp_per_floor":[77,77,77,77,77,77,77,77,77,77,77,77,77,77,77,77,77,77,77,77,77,77,77,77,77,77,77,77,77,77,77,77,77,77,77,77,77,77,77,77,77],"card_choices":[{"not_picked":["ats:Assault Order","ats:Very Hot Blade"],"picked":"ats:Revitalization","floor":1.0},{"not_picked":["ats:Sword Rain","ats:Automatic Cover","ats:Poison Spread"],"picked":"SKIP","floor":4.0},{"not_picked":["ats:Guard Mode","ats:Revitalization"],"picked":"ats:Shell Defense","floor":5.0},{"not_picked":["ats:Poison Spread","ats:Shell Defense"],"picked":"ats:Wolf Pack","floor":8.0},{"not_picked":["ats:Guardian Obelisk","ats:Ignite","ats:Cat Scratch"],"picked":"SKIP","floor":10.0},{"not_picked":["ats:Cat Scratch","ats:Assault Order","ats:Guard Mode"],"picked":"SKIP","floor":12.0},{"not_picked":["ats:Leaping Hammer","ats:Soul Absorption","ats:Hammer On"],"picked":"SKIP","floor":14.0},{"not_picked":["ats:Wolf Pack","ats:Soul Rend"],"picked":"ats:Ambush","floor":16.0},{"not_picked":["ats:Curse Doll","ats:Hammer On"],"picked":"ats:Directed Diagnosis","floor":18.0},{"not_picked":["ats:Counter Healing Mode+1","ats:Very Hot Blade+1","ats:Soul Absorption+1"],"picked":"ats:Roar Of Ursus","floor":20.0},{"not_picked":["ats:Shadow Raid","ats:Hammer On","ats:Leaping Hammer","ats:Counter Healing Mode"],"picked":"SKIP","floor":22.0},{"not_picked":["ats:Absolute Focus","ats:Ignite","ats:Poison Spread+1","ats:Literary Storm"],"picked":"SKIP","floor":24.0},{"not_picked":["ats:Volcano","ats:Leaping Hammer","ats:Guardian Obelisk","ats:Very Hot Blade"],"picked":"SKIP","floor":27.0},{"not_picked":["ats:Revitalization","ats:Assault Order","ats:Guardian Obelisk","ats:Steam Pump"],"picked":"SKIP","floor":28.0},{"not_picked":["ats:True Silver Slash","ats:Part Time Job","ats:Red Shift"],"picked":"ats:Neurotoxin","floor":31.0},{"not_picked":["ats:Calcification","ats:Ambush","ats:Dogmatic Field"],"picked":"ats:Echo Reverb","floor":33.0},{"not_picked":["ats:Chain Hook","ats:Flexible Camouflage+1","ats:Closed Bolt Burst Fire"],"picked":"ats:Disruption Kick","floor":35.0},{"not_picked":["ats:Consecutive Shot Auto","ats:Guard Mode","ats:Leaping Hammer"],"picked":"ats:Shell Defense+1","floor":37.0},{"not_picked":["ats:Revitalization","ats:Flexible Camouflage","ats:Song Of Battle","ats:Dogmatic Field"],"picked":"SKIP","floor":38}],"player_experience":29783,"relics_obtained":[{"floor":7.0,"key":"ReplayTheSpireMod:Ring of Collecting"},{"floor":7.0,"key":"ReplayTheSpireMod:Ring of Challenge"},{"floor":9.0,"key":"Matryoshka"},{"floor":9.0,"key":"Ring of Fangs"},{"floor":12.0,"key":"ats:Originium"},{"floor":12.0,"key":"Potion Belt"},{"floor":13.0,"key":"infinitespire:Satchel"},{"floor":13.0,"key":"Ring of Misfortune"},{"floor":13.0,"key":"Nunchaku"},{"floor":16.0,"key":"Whetstone"},{"floor":24.0,"key":"Bag of Preparation"},{"floor":25.0,"key":"Replay:Wax Seal"},{"floor":25.0,"key":"PreservedInsect"},{"floor":26.0,"key":"hubris:SlimyHat"},{"floor":26.0,"key":"Ring of Peace"},{"floor":31.0,"key":"ats:Originium"},{"floor":31.0,"key":"Thread and Needle"},{"floor":32.0,"key":"infinitespire:Joker Card"},{"floor":35.0,"key":"ReplayFunnel"}],"event_choices":[{"cards_removed":["ats:Strike G"],"damage_healed":0.0,"max_hp_gain":0.0,"max_hp_loss":0.0,"gold_gain":0.0,"event_name":"Purifier","player_choice":"Purged","floor":2.0,"gold_loss":0.0,"damage_taken":0.0},{"damage_healed":0.0,"max_hp_gain":0.0,"max_hp_loss":0.0,"gold_gain":0.0,"event_name":"The Library","player_choice":"Read","floor":21.0,"gold_loss":0.0,"damage_taken":0.0,"cards_obtained":["ats:Thorns"]},{"damage_healed":0.0,"max_hp_gain":0.0,"max_hp_loss":0.0,"gold_gain":0.0,"event_name":"Addict","player_choice":"Obtained Relic","floor":30.0,"gold_loss":85.0,"damage_taken":0.0,"relics_obtained":["infinitespire:Bottled Soul"]},{"damage_healed":0,"gold_gain":100,"player_choice":"Pray","damage_taken":0,"max_hp_gain":0,"max_hp_loss":0,"event_name":"Golden Shrine","floor":39,"gold_loss":0}],"is_beta":false,"boss_relics":[{"not_picked":["SacredBark","Replay:Wanted Poster"],"picked":"infinitespire:Cupcake"},{"not_picked":["aspiration:FutureDiary","aspiration:RitualDagger"],"picked":"Kintsugi"}],"items_purged_floors":[0,0,19,36,36],"is_endless":false,"potions_floor_spawned":[1,4,12,18,22,24,27,33,35,38],"ascension_level":0}}