{"host":"ji1fk25fd1ga4ji1","time":1612058063,"event":{"mods":["2.2 Compatiblity","BaseMod","Colored Map","DeckTracker","Minty Spire (QoL Compilation)","Permanent Neow","Quick Restart","StSLib","SuperFastMode"],"gold_per_floor":[118,133,133,13,28,28,58,74,128,128,128,191,191,221,221,326,326,340,358,358,37,48,48,64,92,92,126,226,240,272,288,288,393,393,412,462,312,331,87,87,100,100,171,183,194,229,79,94,94,94,94,94,94,127,127,127],"floor_reached":55,"language":"KOR","playtime":1356,"items_purged":["Defend_R","Entrench","Bash","Shockwave"],"score":908,"play_id":"1eb71991-008c-4017-8e8e-148e3656d979","local_time":"20210131105423","is_ascension_mode":true,"campfire_choices":[{"data":"Inflame","floor":6.0,"key":"SMITH"},{"data":"Heavy Blade","floor":11.0,"key":"SMITH"},{"floor":13.0,"key":"RECALL"},{"data":"Pommel Strike","floor":15.0,"key":"SMITH"},{"data":"Master of Strategy","floor":23.0,"key":"SMITH"},{"data":"Berserk","floor":32.0,"key":"SMITH"},{"data":"Inflame","floor":40.0,"key":"SMITH"},{"data":"Inflame","floor":42.0,"key":"SMITH"},{"data":"Heavy Blade","floor":49.0,"key":"SMITH"},{"data":"Offering","floor":52.0,"key":"SMITH"}],"circlet_count":0,"master_deck":["Inflame+1","Warcry+1","Thunderclap","Heavy Blade+1","Pommel Strike+1","Shrug It Off","Disarm+1","Offering+1","Twin Strike+1","Master of Strategy+1","Cleave+1","Battle Trance","Berserk+1","Pummel","Pummel","Inflame+1","Heavy Blade+1","Inflame+1","Dual Wield+1","Inflame+1"],"relics":["Burning Blood","Bottled Tornado","Blood Vial","Oddly Smooth Stone","FossilizedHelix","Runic Cube","War Paint","Potion Belt","CaptainsWheel","TungstenRod","MealTicket","Pandora\u0027s Box","Pocketwatch","Strawberry","Self Forming Clay"],"acts_visited":["Exordium","TheCity","TheBeyond","TheEnding"],"potions_floor_usage":[54,54,55,55,55],"damage_taken":[{"damage":2.0,"enemies":"Small Slimes","floor":1.0,"turns":5.0},{"damage":6.0,"enemies":"Cultist","floor":2.0,"turns":3.0},{"damage":2.0,"enemies":"2 Louse","floor":5.0,"turns":2.0},{"damage":14.0,"enemies":"Gremlin Nob","floor":7.0,"turns":3.0},{"damage":19.0,"enemies":"Exordium Wildlife","floor":8.0,"turns":3.0},{"damage":19.0,"enemies":"3 Sentries","floor":12.0,"turns":5.0},{"damage":15.0,"enemies":"3 Sentries","floor":14.0,"turns":6.0},{"damage":13.0,"enemies":"Slime Boss","floor":16.0,"turns":8.0},{"damage":0.0,"enemies":"Shell Parasite","floor":18.0,"turns":4.0},{"damage":10.0,"enemies":"3 Byrds","floor":19.0,"turns":5.0},{"damage":0.0,"enemies":"Centurion and Healer","floor":22.0,"turns":4.0},{"damage":4.0,"enemies":"Cultist and Chosen","floor":24.0,"turns":3.0},{"damage":32.0,"enemies":"Slavers","floor":25.0,"turns":2.0},{"damage":0.0,"enemies":"Gremlin Leader","floor":27.0,"turns":4.0},{"damage":0.0,"enemies":"3 Cultists","floor":29.0,"turns":3.0},{"damage":9.0,"enemies":"Book of Stabbing","floor":30.0,"turns":4.0},{"damage":5.0,"enemies":"Centurion and Healer","floor":31.0,"turns":4.0},{"damage":5.0,"enemies":"Collector","floor":33.0,"turns":6.0},{"damage":30.0,"enemies":"3 Darklings","floor":35.0,"turns":3.0},{"damage":0.0,"enemies":"Mind Bloom Boss Battle","floor":36.0,"turns":4.0},{"damage":13.0,"enemies":"3 Shapes","floor":38.0,"turns":3.0},{"damage":0.0,"enemies":"Transient","floor":41.0,"turns":5.0},{"damage":5.0,"enemies":"Spire Growth","floor":44.0,"turns":2.0},{"damage":12.0,"enemies":"3 Darklings","floor":45.0,"turns":3.0},{"damage":15.0,"enemies":"Giant Head","floor":46.0,"turns":5.0},{"damage":0.0,"enemies":"Maw","floor":48.0,"turns":4.0},{"damage":51.0,"enemies":"Time Eater","floor":50.0,"turns":6.0},{"damage":42,"enemies":"Shield and Spear","floor":54,"turns":5},{"damage":83,"enemies":"The Heart","floor":55,"turns":6}],"seed_played":"-2597782568937979535","potions_obtained":[{"floor":2.0,"key":"BloodPotion"},{"floor":16.0,"key":"Explosive Potion"},{"floor":19.0,"key":"GamblersBrew"},{"floor":31.0,"key":"EssenceOfSteel"},{"floor":33.0,"key":"DuplicationPotion"},{"floor":38.0,"key":"SpeedPotion"},{"floor":41.0,"key":"FairyPotion"},{"floor":46.0,"key":"PowerPotion"},{"floor":54,"key":"ElixirPotion"}],"is_trial":false,"path_per_floor":["M","M","?","$","M","R","E","M","T","?","R","?","R","E","R","B",null,"M","M","?","$","M","R","M","E","T","E","?","M","E","M","R","B",null,"M","?","$","M","$","R","M","R","T","M","M","E","$","M","R","B",null,"R","$","E","B"],"character_chosen":"IRONCLAD","items_purchased":["Heavy Blade","Master of Strategy","War Paint","Strength Potion","Inflame","Strength Potion"],"campfire_rested":0,"item_purchase_floors":[4,21,21,37,39,39],"current_hp_per_floor":[80,80,80,80,80,80,72,59,59,59,59,48,48,41,41,36,80,80,76,76,76,80,80,80,54,54,62,62,70,69,72,72,75,80,56,64,79,73,80,80,80,80,80,80,74,87,87,87,87,42,87,87,87,51,0,0],"gold":127,"neow_bonus":"TRANSFORM_CARD","is_daily":false,"chose_seed":false,"campfire_upgraded":9,"win_rate":0.0,"timestamp":1612058063,"path_taken":["M","M","?","$","M","R","E","?","T","?","R","?","R","E","R","BOSS","M","M","?","$","M","R","M","E","T","E","?","?","E","M","R","BOSS","M","?","$","M","$","R","M","R","T","M","M","E","$","M","R","BOSS","R","$","E","BOSS"],"items_purchased_type":["Card","Card","Relic","Potion","Card","Potion"],"build_version":"2020-12-22","purchased_purges":4,"victory":false,"max_hp_per_floor":[80,80,80,80,80,80,80,80,80,80,80,80,80,80,80,80,80,80,80,80,80,80,80,80,80,80,80,80,80,80,80,80,80,80,80,80,80,80,80,80,80,80,80,80,80,87,87,87,87,87,87,87,87,87,87,87],"card_choices":[{"not_picked":["Perfected Strike","Metallicize"],"picked":"Warcry","floor":1.0},{"not_picked":["Flame Barrier","Clash"],"picked":"Thunderclap","floor":2.0},{"not_picked":["Dual Wield","Entrench","Bloodletting"],"picked":"SKIP","floor":5.0},{"not_picked":["Bloodletting","True Grit"],"picked":"Pommel Strike","floor":7.0},{"not_picked":["Fire Breathing","Power Through"],"picked":"Shrug It Off","floor":8.0},{"not_picked":["Bludgeon","Thunderclap"],"picked":"Disarm","floor":12.0},{"not_picked":["Flex","Seeing Red","Clash"],"picked":"SKIP","floor":14.0},{"not_picked":["Berserk","Exhume"],"picked":"Offering","floor":16.0},{"not_picked":["Shrug It Off","Dropkick"],"picked":"Twin Strike+1","floor":18.0},{"not_picked":["Burning Pact+1","Dual Wield","Clothesline"],"picked":"SKIP","floor":19.0},{"not_picked":["True Grit","Clothesline"],"picked":"Cleave+1","floor":22.0},{"not_picked":["Entrench","Anger","Clothesline"],"picked":"SKIP","floor":24.0},{"not_picked":["Reckless Charge+1","Body Slam"],"picked":"Battle Trance","floor":25.0},{"not_picked":["Flex","Burning Pact","Wild Strike"],"picked":"SKIP","floor":27.0},{"not_picked":["Infernal Blade","Rupture+1"],"picked":"Berserk","floor":29.0},{"not_picked":["Perfected Strike+1","Sever Soul","Burning Pact+1"],"picked":"SKIP","floor":30.0},{"not_picked":["Power Through+1","Ghostly Armor","Body Slam+1"],"picked":"SKIP","floor":31.0},{"not_picked":["Pommel Strike","Rampage","Body Slam"],"picked":"SKIP","floor":35.0},{"not_picked":["Fire Breathing+1","Sentinel+1","Headbutt+1"],"picked":"SKIP","floor":38.0},{"not_picked":["Warcry","Body Slam+1","Hemokinesis"],"picked":"SKIP","floor":41.0},{"not_picked":["Blood for Blood+1","Clothesline+1","Body Slam+1"],"picked":"SKIP","floor":44.0},{"not_picked":["Shockwave","Intimidate","Clash"],"picked":"SKIP","floor":45.0},{"not_picked":["Reckless Charge+1","Wild Strike","Dual Wield+1"],"picked":"SKIP","floor":46.0},{"not_picked":["Reckless Charge+1","Wild Strike"],"picked":"Dual Wield+1","floor":46.0},{"not_picked":["Sword Boomerang+1","Body Slam+1"],"picked":"Inflame+1","floor":48.0},{"not_picked":["Wild Strike+1","Inflame+1","Feed"],"picked":"SKIP","floor":54}],"player_experience":481816,"relics_obtained":[{"floor":7.0,"key":"Bottled Tornado"},{"floor":9.0,"key":"Blood Vial"},{"floor":12.0,"key":"Oddly Smooth Stone"},{"floor":14.0,"key":"FossilizedHelix"},{"floor":25.0,"key":"Potion Belt"},{"floor":26.0,"key":"CaptainsWheel"},{"floor":27.0,"key":"TungstenRod"},{"floor":30.0,"key":"MealTicket"},{"floor":36.0,"key":"Pocketwatch"},{"floor":46.0,"key":"Strawberry"},{"floor":54,"key":"Self Forming Clay"}],"event_choices":[{"cards_removed":["Strike_R"],"damage_healed":0.0,"max_hp_gain":0.0,"max_hp_loss":0.0,"gold_gain":0.0,"event_name":"Bonfire Elementals","player_choice":"Offered Basic","floor":3.0,"gold_loss":0.0,"damage_taken":0.0},{"damage_healed":0.0,"max_hp_gain":0.0,"max_hp_loss":0.0,"gold_gain":0.0,"event_name":"Liars Game","player_choice":"Ignored","floor":10.0,"gold_loss":0.0,"damage_taken":0.0},{"damage_healed":0.0,"max_hp_gain":0.0,"max_hp_loss":0.0,"gold_gain":0.0,"event_name":"Dead Adventurer","player_choice":"Searched \u00272\u0027 times","floor":12.0,"gold_loss":0.0,"damage_taken":0.0},{"damage_healed":0.0,"max_hp_gain":0.0,"max_hp_loss":0.0,"gold_gain":0.0,"event_name":"Vampires","player_choice":"Ignored","floor":20.0,"gold_loss":0.0,"damage_taken":0.0},{"damage_healed":0.0,"max_hp_gain":0.0,"max_hp_loss":0.0,"gold_gain":100.0,"event_name":"Golden Shrine","player_choice":"Pray","floor":28.0,"gold_loss":0.0,"damage_taken":0.0},{"damage_healed":0.0,"max_hp_gain":0.0,"max_hp_loss":0.0,"gold_gain":0.0,"event_name":"MindBloom","player_choice":"Fight","floor":36.0,"gold_loss":0.0,"damage_taken":0.0}],"is_beta":false,"boss_relics":[{"not_picked":["Ectoplasm","SacredBark"],"picked":"Runic Cube"},{"not_picked":["Calling Bell","Mark of Pain"],"picked":"Pandora\u0027s Box"}],"items_purged_floors":[4,37,39,47],"is_endless":false,"potions_floor_spawned":[2,16,19,22,24,31,33,38,41,45,46,54],"killed_by":"The Heart","ascension_level":1}}