{"host":"6xsbn6ynqlzwllfm","time":1612119080,"event":{"mods":["2.2 Compatiblity","BaseMod","Bestiary","Colored Map","Colored Powertips","Curses Come First","Highlight Path","Keyboard Shortcuts","Minty Spire (QoL Compilation)","Relic Stats","Slay the Relics Exporter","StSLib","SuperFastMode"],"gold_per_floor":[113,113,124,140,193,193,205,236,283,283,283],"floor_reached":10,"language":"ENG","playtime":271,"items_purged":[],"score":136,"play_id":"703d5d72-cd13-4cb2-a27e-05f4a122e253","local_time":"20210131135120","daily_mods":["Heirloom","Flight"],"is_ascension_mode":true,"campfire_choices":[{"data":"EmptyFist","floor":6,"key":"SMITH"}],"circlet_count":0,"master_deck":["AscendersBane","Strike_P","Strike_P","Strike_P","Strike_P","Defend_P+1","Defend_P","Defend_P+1","Defend_P","Eruption","Vigilance","EmptyFist+1","FlyingSleeves"],"relics":["PureWater","Dead Branch","Juzu Bracelet","PreservedInsect","Smiling Mask"],"acts_visited":["Exordium"],"potions_floor_usage":[],"damage_taken":[{"damage":2,"enemies":"2 Louse","floor":1,"turns":3},{"damage":0,"enemies":"Jaw Worm","floor":3,"turns":2},{"damage":0,"enemies":"Cultist","floor":4,"turns":3},{"damage":2,"enemies":"3 Louse","floor":7,"turns":3},{"damage":6,"enemies":"Lagavulin","floor":8,"turns":7},{"damage":32,"enemies":"3 Sentries","floor":10,"turns":4}],"seed_played":"4350131006781476054","potions_obtained":[{"floor":8,"key":"SpeedPotion"}],"is_trial":true,"path_per_floor":["M","?","M","M","T","R","M","E","T","E"],"character_chosen":"WATCHER","items_purchased":[],"campfire_rested":0,"item_purchase_floors":[],"current_hp_per_floor":[59,39,39,39,39,39,37,31,31,0,0],"gold":283,"neow_bonus":"","is_daily":false,"chose_seed":false,"campfire_upgraded":1,"win_rate":0.0,"timestamp":1612119080,"path_taken":["M","?","M","M","?","R","M","E","T","E"],"items_purchased_type":[],"build_version":"2020-12-22","purchased_purges":0,"victory":false,"max_hp_per_floor":[68,68,68,68,68,68,68,68,68,68,68],"relic_stats":{"counters":[6,22],"Dead Branch":[17],"PreservedInsect":31,"Juzu Bracelet":0,"Smiling Mask":0,"obtain_stats":[{"Dead Branch":0,"PreservedInsect":8,"Juzu Bracelet":5,"PureWater":0,"Smiling Mask":9},{"Dead Branch":0,"PreservedInsect":5,"Juzu Bracelet":3,"PureWater":0,"Smiling Mask":5},{"Dead Branch":0,"PreservedInsect":18,"Juzu Bracelet":8,"PureWater":0,"Smiling Mask":18}]},"card_choices":[{"not_picked":["Evaluate","Swivel"],"picked":"EmptyFist","floor":1},{"not_picked":["InnerPeace","WreathOfFlame"],"picked":"FlyingSleeves","floor":3},{"not_picked":["Weave","Protect","Nirvana"],"picked":"SKIP","floor":7}],"player_experience":1363696,"relics_obtained":[{"floor":5,"key":"Juzu Bracelet"},{"floor":8,"key":"PreservedInsect"},{"floor":9,"key":"Smiling Mask"}],"event_choices":[{"damage_healed":0,"gold_gain":0,"player_choice":"Entered Light","damage_taken":20,"max_hp_gain":0,"max_hp_loss":0,"event_name":"Shining Light","floor":2,"gold_loss":0,"cards_upgraded":["Defend_P","Defend_P"]}],"is_beta":false,"boss_relics":[],"items_purged_floors":[],"is_endless":false,"potions_floor_spawned":[8],"killed_by":"3 Sentries","ascension_level":20}}