{"host":"6rz02yiipefhcw4r","time":1612077274,"event":{"mods":["2.2 Compatiblity","Arknights","BaseMod","Better Match","Better Third Choice","Better Vampires","BetterRewards","Block Reminder","Colored Map","Curses Come First","DeckTracker","Googly Eyes","Hubris","Minty Spire (QoL Compilation)","Quick Restart","Rare Cards Sparkle","Reliquary","Replay The Spire","Shade Mod","Spicy Shops","StSLib","The Bladedancer","The Cursed","The Marked","The Necromancer","The Runesmith"],"gold_per_floor":[114,129,54,129,185,110,138,153,179,206,206,206,218,218,218,218,218],"floor_reached":16,"language":"ENG","playtime":417,"items_purged":["Delirium"],"score":216,"play_id":"c1f65717-8f18-4614-8da5-b2897cb1861f","local_time":"20210131051434","is_ascension_mode":true,"campfire_choices":[{"data":"Bash","floor":11,"key":"SMITH"},{"floor":15,"key":"REST"}],"circlet_count":0,"master_deck":["AscendersBane","Strike_R","Strike_R","Strike_R","Strike_R","Defend_R","Defend_R","Defend_R","Defend_R","Bash+1","Sadistic Nature+1","Wild Strike","Twin Strike","Flex","Fire Breathing+1","Cleave","True Grit","Thunderclap","Burn+1"],"relics":["Burning Blood","reliquary:Firecrackers","reliquary:Buckler","Pantograph"],"acts_visited":["Exordium"],"potions_floor_usage":[8,10,13],"damage_taken":[{"damage":15,"enemies":"Small Slimes","floor":1,"turns":4},{"damage":7,"enemies":"Jaw Worm","floor":2,"turns":3},{"damage":32,"enemies":"Gremlin Nob","floor":7,"turns":4},{"damage":0,"enemies":"2 Louse","floor":8,"turns":1},{"damage":20,"enemies":"Lagavulin","floor":10,"turns":5},{"damage":4,"enemies":"Gremlin Gang","floor":13,"turns":3},{"damage":64,"enemies":"The Guardian","floor":16,"turns":8}],"seed_played":"9016793294895380129","potions_obtained":[{"floor":5,"key":"Fire Potion"},{"floor":5,"key":"Energy Potion"},{"floor":8,"key":"FearPotion"},{"floor":13,"key":"Energy Potion"}],"is_trial":false,"path_per_floor":["M","M","$","?","?","?","E","M","T","E","R","?","M","?","R","B"],"character_chosen":"IRONCLAD","items_purchased":[],"campfire_rested":1,"item_purchase_floors":[],"current_hp_per_floor":[59,58,58,47,47,47,21,27,27,13,13,13,15,15,37,0,0],"gold":218,"neow_bonus":"RANDOM_COLORLESS_2","is_daily":false,"chose_seed":false,"campfire_upgraded":1,"win_rate":0.0,"timestamp":1612077274,"path_taken":["M","M","$","?","?","?","E","M","T","E","R","?","?","?","R","BOSS"],"items_purchased_type":[],"build_version":"2020-12-22","purchased_purges":1,"victory":false,"max_hp_per_floor":[75,75,75,75,75,75,75,75,75,75,75,75,75,75,75,75,75],"card_choices":[{"not_picked":["Secret Weapon","Transmutation"],"picked":"Sadistic Nature","floor":0},{"not_picked":["Evolve","Pummel"],"picked":"Wild Strike","floor":1},{"not_picked":["Shrug It Off","ReplayTheSpireMod:Limb From Limb"],"picked":"Twin Strike","floor":2},{"not_picked":["Entrench","Abandon"],"picked":"Flex","floor":5},{"not_picked":["Warcry","Impervious"],"picked":"Fire Breathing","floor":7},{"not_picked":["Pummel","Run Through"],"picked":"Cleave","floor":8},{"not_picked":["Body Slam","Sentinel"],"picked":"True Grit","floor":10},{"not_picked":["Body Slam","Pommel Strike"],"picked":"Thunderclap","floor":13}],"player_experience":777510,"relics_obtained":[{"floor":7,"key":"reliquary:Firecrackers"},{"floor":9,"key":"reliquary:Buckler"},{"floor":10,"key":"Pantograph"}],"event_choices":[{"damage_healed":0,"gold_gain":75,"player_choice":"Gold","damage_taken":11,"max_hp_gain":0,"max_hp_loss":0,"event_name":"betterThird:BetterGoop","floor":4,"gold_loss":0},{"cards_removed":["Pain"],"damage_healed":0,"gold_gain":0,"player_choice":"Card Removal","damage_taken":0,"max_hp_gain":0,"max_hp_loss":0,"event_name":"The Cleric","floor":6,"gold_loss":75},{"cards_removed":["Strike_R"],"damage_healed":0,"gold_gain":0,"player_choice":"Purged","damage_taken":0,"max_hp_gain":0,"max_hp_loss":0,"event_name":"Purifier","floor":12,"gold_loss":0},{"damage_healed":15,"gold_gain":0,"player_choice":"Embrace Burn","damage_taken":0,"max_hp_gain":0,"max_hp_loss":75,"event_name":"betterThird:BetterShining","floor":14,"gold_loss":0}],"is_beta":false,"boss_relics":[],"items_purged_floors":[3],"is_endless":false,"potions_floor_spawned":[8,13],"killed_by":"The Guardian","ascension_level":20}}