{"host":"4e3fxqp5hzyqu39k","time":1612068761,"event":{"mods":["BaseMod","Minty Spire (QoL Compilation)"],"gold_per_floor":[116,135,135,153,66,101,101,101,127,138,151,151,230,240,240,345,345,363,379,177,194,210,210,225,225,225,225,236,335,335,335,335,437,437,457,457,86,99,119,119,147,147,147,0,0,0,12,22,22,22,22],"floor_reached":50,"language":"ENG","playtime":3934,"items_purged":[],"score":476,"play_id":"55b712a8-cd02-493f-9fd0-0e70368f6fdc","local_time":"20210130235241","is_ascension_mode":false,"campfire_choices":[{"data":"Worship","floor":7.0,"key":"SMITH"},{"floor":15.0,"key":"REST"},{"floor":23.0,"key":"REST"},{"floor":25.0,"key":"REST"},{"data":"Vigilance","floor":30.0,"key":"SMITH"},{"data":"EmptyBody","floor":32.0,"key":"SMITH"},{"floor":40.0,"key":"REST"},{"floor":42.0,"key":"REST"},{"data":"CrushJoints","floor":49.0,"key":"SMITH"}],"circlet_count":0,"master_deck":["Strike_P","Strike_P","Strike_P+1","Strike_P","Defend_P","Defend_P+1","Defend_P+1","Defend_P","Eruption+1","Vigilance+1","Collect","CrushJoints+1","ReachHeaven+1","Perseverance+1","Evaluate","Worship+1","FollowUp","Pray","EmptyFist","LessonLearned","FlurryOfBlows","Crescendo","EmptyBody+1","Consecrate+1","FlurryOfBlows+1","Evaluate+1","EmptyMind+1","Devotion","CurseOfTheBell","TalkToTheHand+1","EmptyBody+1","Protect+1","ClearTheMind+1","Study+1"],"relics":["PureWater","Gambling Chip","Vajra","Happy Flower","Singing Bowl","VioletLotus","Blood Vial","Shuriken","Calling Bell","Omamori","The Courier","CaptainsWheel","Sling","Du-Vu Doll","Regal Pillow","Gremlin Horn","Red Mask"],"acts_visited":["Exordium","TheCity","TheBeyond"],"potions_floor_usage":[50],"damage_taken":[{"damage":0.0,"enemies":"Small Slimes","floor":1.0,"turns":2.0},{"damage":0.0,"enemies":"Cultist","floor":2.0,"turns":4.0},{"damage":1.0,"enemies":"Jaw Worm","floor":4.0,"turns":5.0},{"damage":8.0,"enemies":"Gremlin Nob","floor":6.0,"turns":3.0},{"damage":9.0,"enemies":"Large Slime","floor":10.0,"turns":3.0},{"damage":0.0,"enemies":"Exordium Thugs","floor":11.0,"turns":3.0},{"damage":13.0,"enemies":"2 Fungi Beasts","floor":14.0,"turns":3.0},{"damage":23.0,"enemies":"The Guardian","floor":16.0,"turns":7.0},{"damage":11.0,"enemies":"Shell Parasite","floor":18.0,"turns":10.0},{"damage":10.0,"enemies":"3 Byrds","floor":19.0,"turns":3.0},{"damage":24.0,"enemies":"Snecko","floor":21.0,"turns":7.0},{"damage":22.0,"enemies":"Cultist and Chosen","floor":22.0,"turns":7.0},{"damage":18.0,"enemies":"Shelled Parasite and Fungi","floor":24.0,"turns":5.0},{"damage":0.0,"enemies":"Sentry and Sphere","floor":28.0,"turns":3.0},{"damage":17.0,"enemies":"Snecko","floor":31.0,"turns":5.0},{"damage":26.0,"enemies":"Automaton","floor":33.0,"turns":8.0},{"damage":18.0,"enemies":"3 Shapes","floor":35.0,"turns":6.0},{"damage":10.0,"enemies":"Orb Walker","floor":38.0,"turns":4.0},{"damage":21.0,"enemies":"3 Darklings","floor":39.0,"turns":5.0},{"damage":34.0,"enemies":"Nemesis","floor":41.0,"turns":7.0},{"damage":10.0,"enemies":"Sphere and 2 Shapes","floor":47.0,"turns":6.0},{"damage":0.0,"enemies":"Spire Growth","floor":48.0,"turns":3.0},{"damage":74,"enemies":"Awakened One","floor":50,"turns":7}],"seed_played":"4963145899698800050","potions_obtained":[{"floor":2.0,"key":"Weak Potion"},{"floor":4.0,"key":"AttackPotion"},{"floor":10.0,"key":"Weak Potion"},{"floor":14.0,"key":"Strength Potion"},{"floor":19.0,"key":"EntropicBrew"},{"floor":24.0,"key":"Dexterity Potion"},{"floor":38.0,"key":"DuplicationPotion"},{"floor":41.0,"key":"Block Potion"},{"floor":48.0,"key":"SteroidPotion"}],"is_trial":false,"path_per_floor":["M","M","?","M","$","E","R","?","T","M","M","?","T","M","R","B",null,"M","M","$","M","M","R","M","R","T","?","M","?","R","M","R","B",null,"M","?","$","M","M","R","E","R","T","?","?","?","M","M","R","B"],"character_chosen":"WATCHER","items_purchased":["Perseverance","Evaluate","EmptyBody","Blood Vial","Sling","Du-Vu Doll"],"campfire_rested":5,"item_purchase_floors":[5,5,20,20,37,37],"current_hp_per_floor":[51,51,51,50,50,42,42,28,28,19,19,43,43,30,51,28,72,61,51,51,38,18,39,23,44,44,68,70,70,70,55,55,31,72,54,54,54,46,27,48,18,55,55,55,57,76,66,70,70,0,0],"gold":22,"neow_bonus":"ONE_RARE_RELIC","is_daily":false,"chose_seed":false,"campfire_upgraded":4,"win_rate":0.0,"timestamp":1612068761,"path_taken":["M","M","?","M","?","E","R","?","T","M","M","?","?","M","R","BOSS","M","M","$","M","M","R","M","R","T","?","M","?","R","M","R","BOSS","M","?","$","?","M","R","E","R","T","?","?","?","M","?","R","BOSS"],"items_purchased_type":["Card","Card","Card","Relic","Relic","Relic"],"build_version":"2020-12-22","purchased_purges":0,"victory":false,"max_hp_per_floor":[72,72,72,72,72,72,72,72,72,72,72,72,72,72,72,72,72,72,72,72,72,72,72,72,72,72,72,72,72,72,72,72,72,72,72,72,72,72,72,72,74,74,74,74,76,76,76,78,78,78,78],"card_choices":[{"not_picked":["FlyingSleeves","Weave"],"picked":"Collect","floor":1.0},{"not_picked":["EmptyBody","LikeWater"],"picked":"CrushJoints","floor":2.0},{"not_picked":["FlyingSleeves","InnerPeace"],"picked":"ReachHeaven","floor":4.0},{"not_picked":["Prostrate","DevaForm"],"picked":"Worship","floor":6.0},{"not_picked":["PathToVictory","Fasting2"],"picked":"FollowUp","floor":10.0},{"not_picked":["Evaluate","Study"],"picked":"Pray","floor":11.0},{"not_picked":["CrushJoints","LikeWater"],"picked":"EmptyFist","floor":14.0},{"not_picked":["MasterReality","Omniscience"],"picked":"LessonLearned","floor":16.0},{"not_picked":["Evaluate","PathToVictory"],"picked":"FlurryOfBlows","floor":18.0},{"not_picked":["BowlingBash+1","Wallop"],"picked":"Crescendo","floor":19.0},{"not_picked":["SashWhip","FollowUp+1"],"picked":"Consecrate+1","floor":21.0},{"not_picked":["Prostrate","WheelKick"],"picked":"FlurryOfBlows+1","floor":22.0},{"not_picked":["EmptyFist+1","FlurryOfBlows"],"picked":"Evaluate+1","floor":24.0},{"not_picked":["CutThroughFate+1","FlyingSleeves"],"picked":"EmptyMind+1","floor":28.0},{"not_picked":["Swivel","Crescendo","WaveOfTheHand"],"picked":"SKIP","floor":31.0},{"not_picked":["Blasphemy","Omniscience"],"picked":"Devotion","floor":33.0},{"not_picked":["CrushJoints","SashWhip+1"],"picked":"TalkToTheHand+1","floor":35.0},{"not_picked":["InnerPeace","Sanctity"],"picked":"Protect+1","floor":38.0},{"not_picked":["EmptyBody","CutThroughFate"],"picked":"ClearTheMind+1","floor":39.0},{"not_picked":["Crescendo","ClearTheMind","CrushJoints"],"picked":"Singing Bowl","floor":41.0},{"not_picked":["Impatience","Swift Strike","The Bomb"],"picked":"Singing Bowl","floor":45.0},{"not_picked":["SignatureMove","InnerPeace+1"],"picked":"Study+1","floor":47.0},{"not_picked":["EmptyFist","Vengeance","ClearTheMind+1"],"picked":"Singing Bowl","floor":48.0}],"player_experience":245831,"relics_obtained":[{"floor":6.0,"key":"Vajra"},{"floor":9.0,"key":"Happy Flower"},{"floor":13.0,"key":"Singing Bowl"},{"floor":26.0,"key":"Shuriken"},{"floor":34.0,"key":"Omamori"},{"floor":34.0,"key":"The Courier"},{"floor":34.0,"key":"CaptainsWheel"},{"floor":41.0,"key":"Regal Pillow"},{"floor":43.0,"key":"Gremlin Horn"}],"event_choices":[{"damage_healed":0.0,"max_hp_gain":0.0,"max_hp_loss":0.0,"gold_gain":0.0,"event_name":"Upgrade Shrine","player_choice":"Upgraded","floor":3.0,"gold_loss":0.0,"damage_taken":0.0,"cards_upgraded":["Eruption"]},{"damage_healed":0.0,"max_hp_gain":0.0,"max_hp_loss":0.0,"gold_gain":0.0,"event_name":"Shining Light","player_choice":"Entered Light","floor":8.0,"gold_loss":0.0,"damage_taken":14.0,"cards_upgraded":["Defend_P","Defend_P"]},{"damage_healed":24.0,"max_hp_gain":0.0,"max_hp_loss":0.0,"gold_gain":0.0,"event_name":"Big Fish","player_choice":"Banana","floor":12.0,"gold_loss":0.0,"damage_taken":0.0},{"damage_healed":24.0,"max_hp_gain":0.0,"max_hp_loss":0.0,"gold_gain":0.0,"event_name":"The Library","player_choice":"Heal","floor":27.0,"gold_loss":0.0,"damage_taken":0.0},{"damage_healed":0.0,"max_hp_gain":0.0,"max_hp_loss":0.0,"gold_gain":99.0,"event_name":"Nest","player_choice":"Stole From Cult","floor":29.0,"gold_loss":0.0,"damage_taken":0.0},{"damage_healed":0.0,"max_hp_gain":0.0,"max_hp_loss":0.0,"gold_gain":0.0,"event_name":"Duplicator","player_choice":"Copied","floor":36.0,"gold_loss":0.0,"damage_taken":0.0,"cards_obtained":["EmptyBody"]},{"damage_healed":0.0,"max_hp_gain":0.0,"max_hp_loss":0.0,"gold_gain":0.0,"event_name":"Tomb of Lord Red Mask","player_choice":"Paid","floor":44.0,"gold_loss":147.0,"damage_taken":0.0,"relics_obtained":["Red Mask"]},{"damage_healed":0.0,"max_hp_gain":0.0,"max_hp_loss":0.0,"gold_gain":0.0,"event_name":"SensoryStone","player_choice":"Memory 1","floor":45.0,"gold_loss":0.0,"damage_taken":0.0},{"damage_healed":19.0,"max_hp_gain":0.0,"max_hp_loss":0.0,"gold_gain":0.0,"event_name":"MindBloom","player_choice":"Heal","floor":46.0,"gold_loss":0.0,"damage_taken":0.0,"cards_obtained":["Doubt"]}],"is_beta":false,"boss_relics":[{"not_picked":["Tiny House","Black Star"],"picked":"VioletLotus"},{"not_picked":["Velvet Choker","Runic Dome"],"picked":"Calling Bell"}],"items_purged_floors":[],"is_endless":false,"potions_floor_spawned":[2,4,10,14,19,24,28,31,38,41,48],"killed_by":"Awakened One","ascension_level":0}}