{"host":"udyc8f81k2jocuhg","time":1612097380,"event":{"mods":["2.2 Compatiblity","BaseMod","Better Third Choice","Colored Powertips","Conspire","Custom Start","GifTheSpireLib","Hermit","Minty Spire (QoL Compilation)","Permanent Neow","Quick Restart","Relic Filter","Relic Stats","Replay The Spire","Shop Mod","Spikes Relics","StSLib","Stuff the Spire"],"gold_per_floor":[363,383,401,412,281,281,298,298,298,298,312,312,312],"floor_reached":12,"language":"ENG","playtime":508,"items_purged":["Strike_G"],"score":130,"play_id":"49efca25-7d64-4a52-ac21-174513d606c0","local_time":"20210131134940","is_ascension_mode":true,"campfire_choices":[{"data":"Neutralize","floor":6,"key":"SMITH"},{"data":"Deflect","floor":8,"key":"SMITH"},{"floor":10,"key":"REST"}],"circlet_count":0,"master_deck":["AscendersBane","Strike_G","Strike_G","Strike_G","Strike_G","Defend_G","Defend_G","Defend_G","Defend_G","Defend_G","Survivor","Neutralize+1","Deflect+1","Dagger Spray","Fluid Movement+1","Caltrops","Crippling Poison"],"relics":["Ring of the Snake"],"acts_visited":["Exordium"],"potions_floor_usage":[4],"damage_taken":[{"damage":0.0,"enemies":"Cultist","floor":1.0,"turns":5.0},{"damage":4.0,"enemies":"Small Slimes","floor":2.0,"turns":7.0},{"damage":1.0,"enemies":"Jaw Worm","floor":3.0,"turns":6.0},{"damage":2,"enemies":"Gremlin Gang","floor":4,"turns":4},{"damage":25,"enemies":"Exordium Wildlife","floor":7,"turns":10},{"damage":1,"enemies":"Looter","floor":11,"turns":3},{"damage":33,"enemies":"Lagavulin","floor":12,"turns":13}],"seed_played":"5044235353071919109","potions_obtained":[{"floor":3.0,"key":"Explosive Potion"},{"floor":11,"key":"SpeedPotion"}],"is_trial":false,"path_per_floor":["M","M","M","M","$","R","M","R","T","R","M","E"],"character_chosen":"THE_SILENT","items_purchased":["Fluid Movement+1"],"campfire_rested":1,"item_purchase_floors":[5],"current_hp_per_floor":[44,40,39,37,37,37,12,12,12,31,30,0,0],"gold":312,"neow_bonus":"TWO_FIFTY_GOLD","is_daily":false,"chose_seed":false,"campfire_upgraded":2,"win_rate":0.0,"timestamp":1612097380,"path_taken":["M","?","M","M","$","R","M","R","T","R","M","E"],"items_purchased_type":["Card"],"build_version":"2020-12-22","purchased_purges":1,"victory":false,"max_hp_per_floor":[66,66,66,66,66,66,66,66,66,66,66,66,66],"relic_stats":{"counters":[7,48],"obtain_stats":[{"Ring of the Snake":0},{"Ring of the Snake":0},{"Ring of the Snake":0}],"Ring of the Snake":[14]},"card_choices":[{"not_picked":["Deadly Poison","Calculated Gamble"],"picked":"Deflect","floor":1.0},{"not_picked":["Skewer","Concentrate","ReplayTheSpireMod:Tripwire"],"picked":"SKIP","floor":2.0},{"not_picked":["Dodge and Roll","StuffTheSpire:BumpUp","Pace"],"picked":"SKIP","floor":3.0},{"not_picked":["Dodge and Roll","PiercingWail"],"picked":"Dagger Spray","floor":4},{"not_picked":["Dodge and Roll","Prepared"],"picked":"Caltrops","floor":7},{"not_picked":["ReplayTheSpireMod:Exploit Weakness","Dagger Throw"],"picked":"Crippling Poison","floor":11}],"player_experience":2035504,"relics_obtained":[],"event_choices":[],"is_beta":false,"boss_relics":[],"items_purged_floors":[5],"is_endless":false,"potions_floor_spawned":[3,11],"killed_by":"Lagavulin","ascension_level":16}}