{"host":"w9njud19qyl0lpz1","time":1612063294,"event":{"mods":["BaseMod","Minty Spire (QoL Compilation)","StSLib"],"gold_per_floor":[359,376,54,109,109,109,139,139,163,250,262,314,326,388,400,566,578,628,640,640],"floor_reached":19,"language":"ENG","playtime":1090,"items_purged":[],"score":165,"play_id":"c657d8ed-66b3-4bdd-913c-fa0495560ce3","local_time":"20210130222134","is_ascension_mode":false,"campfire_choices":[{"data":"HandOfGreed","floor":6.0,"key":"SMITH"},{"data":"Armaments","floor":8.0,"key":"SMITH"},{"floor":13.0,"key":"REST"},{"data":"Rage","floor":15.0,"key":"SMITH"}],"circlet_count":0,"master_deck":["Strike_R","Strike_R","Strike_R","Strike_R","Defend_R","Defend_R","Bash","Rage+1","Shrug It Off","HandOfGreed+1","Carnage","Inflame","Regret","Armaments+1","Injury","Bludgeon","Double Tap","Sentinel+1","Flame Barrier+1","Warcry+1","Pommel Strike+1"],"relics":["Burning Blood","Juzu Bracelet","White Beast Statue","MawBank","Golden Idol","Astrolabe"],"acts_visited":["Exordium","TheCity"],"potions_floor_usage":[19],"damage_taken":[{"damage":2.0,"enemies":"2 Louse","floor":1.0,"turns":3.0},{"damage":3.0,"enemies":"Small Slimes","floor":2.0,"turns":3.0},{"damage":28.0,"enemies":"Lagavulin","floor":7.0,"turns":6.0},{"damage":6.0,"enemies":"Jaw Worm","floor":12.0,"turns":2.0},{"damage":2.0,"enemies":"Large Slime","floor":14.0,"turns":6.0},{"damage":41.0,"enemies":"Slime Boss","floor":16.0,"turns":10.0},{"damage":69,"enemies":"3 Byrds","floor":18,"turns":11},{"damage":14,"enemies":"Spheric Guardian","floor":19,"turns":2}],"seed_played":"8522739399193489486","potions_obtained":[{"floor":2.0,"key":"Weak Potion"},{"floor":7.0,"key":"DuplicationPotion"},{"floor":12.0,"key":"Explosive Potion"},{"floor":14.0,"key":"DuplicationPotion"},{"floor":16.0,"key":"Dexterity Potion"},{"floor":18,"key":"AttackPotion"}],"is_trial":false,"path_per_floor":["M","M","$","?","?","R","E","R","T","?","?","M","R","M","R","B",null,"M","M"],"character_chosen":"IRONCLAD","items_purchased":["HandOfGreed","Carnage","Inflame"],"campfire_rested":1,"item_purchase_floors":[3,3,3],"current_hp_per_floor":[72,72,72,72,72,72,50,50,50,39,39,39,60,64,64,29,72,9,0,0],"gold":640,"neow_bonus":"TWO_FIFTY_GOLD","is_daily":false,"chose_seed":false,"campfire_upgraded":3,"win_rate":0.0,"timestamp":1612063294,"path_taken":["M","M","$","?","?","R","E","R","T","?","?","M","R","M","R","BOSS","M","M"],"items_purchased_type":["Card","Card","Card"],"build_version":"2020-12-22","purchased_purges":0,"victory":false,"max_hp_per_floor":[72,72,72,72,72,72,72,72,72,72,72,72,72,72,72,72,72,72,72,72],"card_choices":[{"not_picked":["Havoc","Clash"],"picked":"Rage","floor":1.0},{"not_picked":["Havoc","Clothesline"],"picked":"Shrug It Off","floor":2.0},{"not_picked":["Cleave","Anger"],"picked":"Armaments","floor":7.0},{"not_picked":["True Grit","Entrench","Thunderclap"],"picked":"SKIP","floor":12.0},{"not_picked":["Dark Embrace","Wild Strike"],"picked":"Bludgeon","floor":14.0},{"not_picked":["Juggernaut","Berserk"],"picked":"Double Tap","floor":16.0},{"not_picked":["Combust+1","Hemokinesis"],"picked":"Pommel Strike+1","floor":18}],"player_experience":2325662,"relics_obtained":[{"floor":7.0,"key":"White Beast Statue"},{"floor":9.0,"key":"MawBank"}],"event_choices":[{"damage_healed":0.0,"max_hp_gain":0.0,"max_hp_loss":0.0,"gold_gain":55.0,"event_name":"Golden Wing","player_choice":"Gained Gold","floor":4.0,"gold_loss":0.0,"damage_taken":0.0},{"damage_healed":0.0,"max_hp_gain":0.0,"max_hp_loss":0.0,"gold_gain":0.0,"event_name":"Big Fish","player_choice":"Box","floor":5.0,"gold_loss":0.0,"damage_taken":0.0,"relics_obtained":["Juzu Bracelet"],"cards_obtained":["Regret"]},{"damage_healed":0.0,"max_hp_gain":0.0,"max_hp_loss":0.0,"gold_gain":75.0,"event_name":"World of Goop","player_choice":"Gather Gold","floor":10.0,"gold_loss":0.0,"damage_taken":11.0},{"damage_healed":0.0,"max_hp_gain":0.0,"max_hp_loss":0.0,"gold_gain":0.0,"event_name":"Golden Idol","player_choice":"Take Wound","floor":11.0,"gold_loss":0.0,"damage_taken":0.0,"relics_obtained":["Golden Idol"],"cards_obtained":["Injury"]}],"is_beta":false,"boss_relics":[{"not_picked":["SlaversCollar","Velvet Choker"],"picked":"Astrolabe"}],"items_purged_floors":[],"is_endless":false,"potions_floor_spawned":[2,7,12,14,16,18],"killed_by":"Spheric Guardian","ascension_level":0}}