{"host":"pe7ycb8t2t906so2","time":1612053523,"event":{"mods":["BaseMod","Colored Map","Highlight Path","Minty Spire (QoL Compilation)"],"gold_per_floor":[112,112,130,141,158,158,168,168,168,168,7,38,38,52,52,123,123,138,138,88,100,119,119,119,119],"floor_reached":24,"language":"FRA","playtime":1912,"items_purged":["Regret"],"score":356,"play_id":"4d064d17-fa02-4ced-a10c-735c1ac9da64","local_time":"20210130193843","is_ascension_mode":true,"campfire_choices":[{"data":"Zap","floor":6,"key":"SMITH"},{"data":"Dualcast","floor":10,"key":"SMITH"},{"data":"Chaos","floor":13,"key":"SMITH"},{"data":"Defragment","floor":15,"key":"SMITH"},{"floor":23,"key":"REST"}],"circlet_count":0,"master_deck":["AscendersBane","Strike_B","Strike_B","Strike_B","Strike_B","Defend_B","Defend_B","Defend_B","Defend_B","Zap+1","Dualcast+1","Defragment+1","Streamline","Leap","Ball Lightning","Steam","Genetic Algorithm","Chaos+1","Sunder","Fission","Leap","Conserve Battery","Self Repair"],"relics":["FrozenCore","NeowsBlessing","MealTicket","Singing Bowl","FossilizedHelix"],"acts_visited":["Exordium","TheCity"],"potions_floor_usage":[5,12,17,18],"damage_taken":[{"damage":0,"enemies":"Small Slimes","floor":1,"turns":1},{"damage":0,"enemies":"Cultist","floor":3,"turns":1},{"damage":0,"enemies":"2 Louse","floor":4,"turns":1},{"damage":0,"enemies":"Gremlin Gang","floor":5,"turns":3},{"damage":6,"enemies":"3 Louse","floor":7,"turns":5},{"damage":5,"enemies":"3 Sentries","floor":12,"turns":6},{"damage":6,"enemies":"Blue Slaver","floor":14,"turns":3},{"damage":9,"enemies":"The Guardian","floor":16,"turns":8},{"damage":15,"enemies":"2 Thieves","floor":18,"turns":4},{"damage":20,"enemies":"3 Byrds","floor":21,"turns":7},{"damage":6,"enemies":"Shelled Parasite and Fungi","floor":22,"turns":9},{"damage":62,"enemies":"Book of Stabbing","floor":24,"turns":7}],"seed_played":"-6551034913138980971","potions_obtained":[{"floor":1,"key":"GamblersBrew"},{"floor":2,"key":"Block Potion"},{"floor":2,"key":"Explosive Potion"},{"floor":5,"key":"Swift Potion"},{"floor":16,"key":"Fruit Juice"},{"floor":22,"key":"Strength Potion"}],"is_trial":false,"path_per_floor":["M","?","M","M","M","R","M","?","T","R","$","E","R","M","R","B",null,"M","?","?","M","M","R","E"],"character_chosen":"DEFECT","items_purchased":["Genetic Algorithm"],"campfire_rested":1,"item_purchase_floors":[11],"current_hp_per_floor":[64,64,64,64,64,64,58,58,58,58,71,66,66,60,60,51,71,56,56,56,36,39,62,0,0],"gold":119,"neow_bonus":"THREE_ENEMY_KILL","is_daily":false,"chose_seed":false,"campfire_upgraded":4,"win_rate":0.0,"timestamp":1612053523,"path_taken":["M","?","?","M","M","R","M","?","T","R","$","E","R","M","R","BOSS","M","?","?","M","M","R","E"],"items_purchased_type":["Card"],"build_version":"2020-12-22","purchased_purges":1,"victory":false,"max_hp_per_floor":[71,71,71,71,71,71,71,71,71,71,71,71,71,71,71,71,76,76,76,76,76,78,78,78,78],"card_choices":[{"not_picked":["Doom and Gloom","Redo"],"picked":"Defragment","floor":1},{"not_picked":["Lockon","Go for the Eyes"],"picked":"Streamline","floor":3},{"not_picked":["Rebound","Gash"],"picked":"Leap","floor":4},{"not_picked":["Rainbow","Gash"],"picked":"Ball Lightning","floor":5},{"not_picked":["Conserve Battery","Barrage"],"picked":"Steam","floor":7},{"not_picked":["Recycle","Conserve Battery"],"picked":"Chaos","floor":12},{"not_picked":["Compile Driver","Reinforced Body"],"picked":"Sunder","floor":14},{"not_picked":["Multi-Cast","Reboot"],"picked":"Fission","floor":16},{"not_picked":["Turbo","Streamline"],"picked":"Leap","floor":18},{"not_picked":["Beam Cell","Hologram"],"picked":"Self Repair","floor":21},{"not_picked":["Blizzard","Double Energy","Rebound"],"picked":"Singing Bowl","floor":22}],"player_experience":979843,"relics_obtained":[{"floor":9,"key":"Singing Bowl"},{"floor":12,"key":"FossilizedHelix"}],"event_choices":[{"damage_healed":0,"gold_gain":0,"player_choice":"Got Potions","damage_taken":0,"max_hp_gain":0,"max_hp_loss":0,"event_name":"Lab","floor":2,"gold_loss":0},{"damage_healed":0,"gold_gain":0,"player_choice":"Box","damage_taken":0,"relics_obtained":["MealTicket"],"max_hp_gain":0,"max_hp_loss":0,"event_name":"Big Fish","floor":8,"gold_loss":0,"cards_obtained":["Regret"]},{"damage_healed":0,"gold_gain":0,"player_choice":"Read","damage_taken":0,"max_hp_gain":0,"max_hp_loss":0,"event_name":"The Library","floor":19,"gold_loss":0,"cards_obtained":["Conserve Battery"]},{"damage_healed":0,"gold_gain":0,"player_choice":"Bet on Owner","damage_taken":0,"max_hp_gain":0,"max_hp_loss":0,"event_name":"The Joust","floor":20,"gold_loss":50}],"is_beta":false,"boss_relics":[{"not_picked":["Calling Bell","SacredBark"],"picked":"FrozenCore"}],"items_purged_floors":[11],"is_endless":false,"potions_floor_spawned":[1,5,16,22],"killed_by":"Book of Stabbing","ascension_level":16}}