{"host":"8p5c6x4qt9411139","time":1612129656,"event":{"mods":["Aspiration","BaseMod","BetterRewards","Friendly Minions","GungeonMod","Hubris","Infinite Spire","Minty Spire (QoL Compilation)","Quick Restart","Relic Stats","Replay The Spire","Shop Mod","StSLib","The Jungle"],"gold_per_floor":[123,123,123,123,123,170,170,200,252,277,277,277,299,324,324,324,362,362,471,571,604,563,605,643,643,978,1016,1054,1054,1111,1146,576,613,613,613,751,751,778,778,845,907,987,1042,1042,1042,1042,1120,1120,1120,1162,1217,0,0],"floor_reached":52,"language":"ENG","playtime":2384,"items_purged":["DemoMod:Strike_Huntress","DemoMod:RustySidearm"],"score":654,"play_id":"e0a64f22-e11c-4b67-8069-91401837bc88","local_time":"20210131134736","is_ascension_mode":false,"campfire_choices":[{"data":"DemoMod:StickyCrossBow","floor":7,"key":"SMITH"},{"data":"DemoMod:ManualReload","floor":15,"key":"SMITH"},{"data":"DemoMod:SniperShot","floor":18,"key":"SMITH"},{"data":"DemoMod:ShadowBullets","floor":35,"key":"SMITH"},{"data":"1","floor":44,"key":"LIFT"},{"data":"2","floor":48,"key":"LIFT"}],"circlet_count":0,"master_deck":["DemoMod:Strike_Huntress","DemoMod:Defend_Huntress","DemoMod:Defend_Huntress","DemoMod:Defend_Huntress","DemoMod:Roll","DemoMod:ManualReload+1","DemoMod:CrossBow","DemoMod:HardPowerCard","DemoMod:MegaHand","DemoMod:StickyCrossBow+1","DemoMod:HardPowerCard+1","DemoMod:ShadowBullets+1","DemoMod:GunstockTap","DemoMod:BattleInHaste+1","DemoMod:SniperShot+1","DemoMod:BlankBullets","DemoMod:BulletBore","DemoMod:FastSwitch","Injury","DemoMod:GunstockTap+1","hubris:Lust","hubris:Compulsion"],"relics":["DemoMod:Dog","Dead Branch","Replay:Bandana","Sizzling Blood","MerchantsRug","hubris:Towel","infinitespire:Golems Mask","Juzu Bracelet","The Courier","Mercury Hourglass","Replay:Wanted Poster","Bottled Lightning","infinitespire:CheckeredPen","aspiration:TomeofQuesting","Golden Egg","White Beast Statue","Ancient Tea Set","Happy Flower","Cursed Key","DemoMod:Metronome","Girya","Replay:Towering Pillar of Hats","aspiration:HatOfInfinitePower","infinitespire:FocusingShard","ReplayTheSpireMod:TigerMarble","Pear","Red Mask"],"acts_visited":["Exordium","TheCity","TheBeyond"],"potions_floor_usage":[9,17,36,36,42,42],"damage_taken":[{"damage":3.0,"enemies":"Jaw Worm","floor":1.0,"turns":3.0},{"damage":6.0,"enemies":"Gremlin Nob","floor":6.0,"turns":4.0},{"damage":0,"enemies":"Small Slimes","floor":8,"turns":3},{"damage":20,"enemies":"3 Sentries","floor":9,"turns":8},{"damage":0,"enemies":"2 Louse","floor":10,"turns":2},{"damage":0,"enemies":"Blue Slaver","floor":13,"turns":3},{"damage":11,"enemies":"Red Slaver","floor":14,"turns":3},{"damage":2,"enemies":"Gremlin Nob","floor":17,"turns":4},{"damage":35,"enemies":"Hexaghost","floor":19,"turns":7},{"damage":16,"enemies":"2 Thieves","floor":21,"turns":4},{"damage":10,"enemies":"Spheric Guardian","floor":23,"turns":6},{"damage":12,"enemies":"Spheric Guardian","floor":24,"turns":3},{"damage":10,"enemies":"Cultist and Chosen","floor":26,"turns":4},{"damage":9,"enemies":"Centurion and Healer","floor":27,"turns":4},{"damage":0,"enemies":"Chosen and Byrds","floor":28,"turns":3},{"damage":0,"enemies":"Snecko","floor":30,"turns":2},{"damage":0,"enemies":"3 Cultists","floor":31,"turns":3},{"damage":3,"enemies":"Centurion and Healer","floor":33,"turns":2},{"damage":34,"enemies":"hubris:MusketHawk","floor":36,"turns":6},{"damage":0,"enemies":"3 Shapes","floor":38,"turns":3},{"damage":8,"enemies":"3 Darklings","floor":40,"turns":4},{"damage":17,"enemies":"3 Darklings","floor":41,"turns":3},{"damage":9,"enemies":"Mind Bloom Boss Battle","floor":42,"turns":3},{"damage":42,"enemies":"Nightmare","floor":43,"turns":4},{"damage":0,"enemies":"Sphere and 2 Shapes","floor":50,"turns":2},{"damage":47,"enemies":"Maw","floor":51,"turns":4}],"seed_played":"3648653115342461989","potions_obtained":[{"floor":6.0,"key":"Milkshake"},{"floor":8,"key":"AttackPotion"},{"floor":9,"key":"Elixir"},{"floor":14,"key":"Flashbang"},{"floor":21,"key":"DemoMod:LeadSkinPotion"},{"floor":28,"key":"Block Potion"},{"floor":33,"key":"SkillPotion"},{"floor":36,"key":"LiquidBronze"},{"floor":38,"key":"Toxic Potion"},{"floor":40,"key":"Block Potion"},{"floor":41,"key":"BlessingOfTheForge"},{"floor":42,"key":"Explosive Potion"},{"floor":43,"key":"Strength Potion"},{"floor":45,"key":"DemoMod:BlankPotion"}],"is_trial":false,"path_per_floor":["M","?","?","?","?","E","R","M","E","M","T","T","M","M","R","?","E","R","B",null,"M","$","?","M","?","M","M","M","T","M","M","$","M","?","R","B",null,"M","?","?","M","?","NM","R","?","T","T","R","?","M","M","?"],"character_chosen":"HUNTRESS","items_purchased":["DemoMod:HardPowerCard","Replay:Bandana","DemoMod:MegaHand","aspiration:Nostalgia","MerchantsRug","Golden Egg","White Beast Statue","Ancient Tea Set"],"campfire_rested":0,"item_purchase_floors":[0,0,0,0,0,32,32,32],"current_hp_per_floor":[43,43,49,49,75,73,73,77,61,65,79,79,83,76,76,76,78,78,47,94,82,82,76,68,68,62,57,61,61,65,69,69,70,70,70,40,94,94,94,90,77,72,34,34,34,34,44,44,44,48,5,5,5],"gold":0,"neow_bonus":"","is_daily":false,"chose_seed":false,"campfire_upgraded":4,"win_rate":0.0,"timestamp":1612129656,"path_taken":["M","?","?","?","?","E","R","M","E","M","T","T","M","M","R","?","E","R","BOSS","M","$","?","M","?","M","M","M","T","M","M","$","M","?","R","BOSS","M","?","?","M","?","NM","R","?","T","T","R","?","M","M","?"],"items_purchased_type":["Card","Relic","Card","Relic","Relic","Relic","Relic","Relic"],"build_version":"2020-12-22","purchased_purges":2,"victory":false,"max_hp_per_floor":[74,74,80,80,80,80,80,80,80,80,94,94,94,94,94,94,94,94,94,94,94,94,94,94,94,94,94,94,94,94,94,94,94,94,94,94,94,94,94,94,94,94,94,94,94,94,104,104,104,104,104,104,104],"relic_stats":{"Happy Flower":[9],"counters":[33,111],"Dead Branch":[32],"Juzu Bracelet":3,"Cursed Key":3,"obtain_stats":[{"Golden Egg":10,"Mango":11,"aspiration:TomeofQuesting":29,"DemoMod:GlassGuonStoneRelic":1,"Sizzling Blood":0,"Juzu Bracelet":9,"Ancient Tea Set":32,"Cursed Key":37,"Old Coin":26,"Replay:Wanted Poster":20,"Replay:Bandana":0,"DemoMod:Metronome":39,"hubris:DeckOfHolding":9,"infinitespire:Golems Mask":6,"Red Mask":52,"MerchantsRug":0,"Girya":40,"Pear":47,"DemoMod:Dog":0,"NeowsBlessing":0,"DemoMod:SilverBullets":3,"Happy Flower":34,"Replay:Towering Pillar of Hats":40,"aspiration:Nostalgia":0,"Dead Branch":0,"The Courier":12,"infinitespire:FocusingShard":43,"infinitespire:CheckeredPen":23,"hubris:Towel":5,"White Beast Statue":32,"Mercury Hourglass":17,"Onion Ring":11,"ReplayTheSpireMod:TigerMarble":46,"Bottled Lightning":23,"aspiration:HatOfInfinitePower":42},{"Golden Egg":2,"Mango":12,"aspiration:TomeofQuesting":22,"DemoMod:GlassGuonStoneRelic":1,"Sizzling Blood":7,"Juzu Bracelet":11,"Ancient Tea Set":24,"Cursed Key":26,"Old Coin":20,"Replay:Wanted Poster":16,"Replay:Bandana":7,"DemoMod:Metronome":27,"hubris:DeckOfHolding":2,"infinitespire:Golems Mask":9,"Red Mask":33,"MerchantsRug":7,"Girya":28,"Pear":31,"DemoMod:Dog":0,"NeowsBlessing":0,"DemoMod:SilverBullets":1,"Happy Flower":25,"Replay:Towering Pillar of Hats":28,"aspiration:Nostalgia":7,"Dead Branch":7,"The Courier":12,"infinitespire:FocusingShard":31,"infinitespire:CheckeredPen":18,"hubris:Towel":2,"White Beast Statue":24,"Mercury Hourglass":15,"Onion Ring":3,"ReplayTheSpireMod:TigerMarble":31,"Bottled Lightning":18,"aspiration:HatOfInfinitePower":30},{"Golden Egg":2,"Mango":34,"aspiration:TomeofQuesting":75,"DemoMod:GlassGuonStoneRelic":1,"Sizzling Blood":14,"Juzu Bracelet":32,"Ancient Tea Set":80,"Cursed Key":88,"Old Coin":68,"Replay:Wanted Poster":51,"Replay:Bandana":14,"DemoMod:Metronome":91,"hubris:DeckOfHolding":2,"infinitespire:Golems Mask":21,"Red Mask":111,"MerchantsRug":14,"Girya":95,"Pear":105,"DemoMod:Dog":0,"NeowsBlessing":0,"DemoMod:SilverBullets":1,"Happy Flower":82,"Replay:Towering Pillar of Hats":95,"aspiration:Nostalgia":14,"Dead Branch":14,"The Courier":34,"infinitespire:FocusingShard":105,"infinitespire:CheckeredPen":61,"hubris:Towel":2,"White Beast Statue":80,"Mercury Hourglass":44,"Onion Ring":3,"ReplayTheSpireMod:TigerMarble":105,"Bottled Lightning":61,"aspiration:HatOfInfinitePower":101}],"Mercury Hourglass":[236]},"card_choices":[{"not_picked":["DemoMod:MachoBrace","DemoMod:HuntsMan"],"picked":"DemoMod:StickyCrossBow","floor":1.0},{"not_picked":["DemoMod:ZorGun","DemoMod:ProbeStrike"],"picked":"DemoMod:ShadowBullets","floor":6.0},{"not_picked":["DemoMod:ConditionalReflex","DemoMod:BattleInHaste","DemoMod:FeignSurrender"],"picked":"SKIP","floor":8},{"not_picked":["DemoMod:BlackHoleGun","DemoMod:ShadowBullets"],"picked":"DemoMod:GunstockTap","floor":9},{"not_picked":["DemoMod:BoxingGlove","DemoMod:ProbeStrike","DemoMod:SAA"],"picked":"SKIP","floor":10},{"not_picked":["DemoMod:LifeOrb","DemoMod:BoxingGlove"],"picked":"DemoMod:BattleInHaste","floor":13},{"not_picked":["DemoMod:JK47","DemoMod:ConditionalReflex","DemoMod:GunShield"],"picked":"SKIP","floor":13},{"not_picked":["DemoMod:JK47","DemoMod:ConditionalReflex","DemoMod:GunShield"],"picked":"SKIP","floor":13},{"not_picked":["DemoMod:StickyCrossBow","DemoMod:FastSwitch","DemoMod:GunstockTap"],"picked":"SKIP","floor":14},{"not_picked":["DemoMod:HighKaliber","DemoMod:Ejector"],"picked":"DemoMod:SniperShot","floor":17},{"not_picked":["DemoMod:GunslingerForm","DemoMod:BSG"],"picked":"DemoMod:BlankBullets","floor":19},{"not_picked":["DemoMod:PotionOfGunFriendShip","DemoMod:HuntsMan+1"],"picked":"DemoMod:DirectionalPad+1","floor":21},{"not_picked":["DemoMod:DirectionalPad","DemoMod:PotionOfGunFriendShip"],"picked":"DemoMod:BulletBore","floor":23},{"not_picked":["DemoMod:MegaHand","DemoMod:PracticeMakesPerfect","DemoMod:BattleInHaste+1"],"picked":"SKIP","floor":23},{"not_picked":["DemoMod:RadGun","DemoMod:BattleInHaste+1","DemoMod:ShadowBullets"],"picked":"SKIP","floor":24},{"not_picked":["DemoMod:SAA","DemoMod:GunShield","DemoMod:AC15"],"picked":"SKIP","floor":26},{"not_picked":["DemoMod:JK47","DemoMod:PotionOfGunFriendShip","DemoMod:HungryBullets"],"picked":"SKIP","floor":27},{"not_picked":["DemoMod:SkilledReload","DemoMod:BlackHoleGun","DemoMod:HuntsMan"],"picked":"SKIP","floor":28},{"not_picked":["DemoMod:CombinedRifle","DemoMod:MachoBrace","DemoMod:Unmoved"],"picked":"SKIP","floor":30},{"not_picked":["DemoMod:DoubleVision","DemoMod:HighKaliber","DemoMod:Unmoved+1"],"picked":"SKIP","floor":31},{"not_picked":["DemoMod:HighKaliber","DemoMod:MachoBrace","DemoMod:ConditionalReflex+1"],"picked":"SKIP","floor":33},{"not_picked":["DemoMod:PotionOfGunFriendShip","DemoMod:AbyssalTentacle"],"picked":"DemoMod:FastSwitch","floor":38},{"not_picked":["DemoMod:AWP+1","DemoMod:GunShield","DemoMod:StickyCrossBow"],"picked":"SKIP","floor":40},{"not_picked":["DemoMod:AC15+1","DemoMod:SAA+1","DemoMod:DoubleSwitch"],"picked":"SKIP","floor":41},{"not_picked":["DemoMod:MachoBrace","DemoMod:AbyssalTentacle"],"picked":"DemoMod:GunstockTap+1","floor":43},{"not_picked":["DemoMod:HuntsMan","DemoMod:FeignSurrender+1","DemoMod:SkilledReload+1"],"picked":"SKIP","floor":50},{"not_picked":["DemoMod:HuntsMan","DemoMod:Unmoved+1","DemoMod:BoxingGlove"],"picked":"SKIP","floor":51}],"player_experience":412409,"relics_obtained":[{"floor":6.0,"key":"infinitespire:Golems Mask"},{"floor":9,"key":"Juzu Bracelet"},{"floor":11,"key":"Mango"},{"floor":12,"key":"The Courier"},{"floor":17,"key":"Mercury Hourglass"},{"floor":23,"key":"Bottled Lightning"},{"floor":23,"key":"infinitespire:CheckeredPen"},{"floor":26,"key":"Old Coin"},{"floor":29,"key":"aspiration:TomeofQuesting"},{"floor":40,"key":"Girya"},{"floor":40,"key":"Replay:Towering Pillar of Hats"},{"floor":42,"key":"aspiration:HatOfInfinitePower"},{"floor":43,"key":"infinitespire:FocusingShard"},{"floor":46,"key":"ReplayTheSpireMod:TigerMarble"},{"floor":47,"key":"Pear"}],"event_choices":[{"damage_healed":26.0,"max_hp_gain":0.0,"max_hp_loss":0.0,"gold_gain":0.0,"event_name":"Big Fish","player_choice":"Banana","floor":5.0,"gold_loss":0.0,"damage_taken":0.0},{"cards_removed":["DemoMod:Strike_Huntress"],"damage_healed":0,"gold_gain":0,"player_choice":"Purged","damage_taken":0,"max_hp_gain":0,"max_hp_loss":0,"event_name":"Purifier","floor":16,"gold_loss":0},{"damage_healed":0,"gold_gain":0,"player_choice":"Upgraded","damage_taken":0,"max_hp_gain":0,"max_hp_loss":0,"event_name":"Upgrade Shrine","floor":25,"gold_loss":0,"cards_upgraded":["DemoMod:BattleInHaste"]},{"damage_healed":0,"gold_gain":0,"player_choice":"Gave Potion","damage_taken":0,"relics_obtained":["DemoMod:Metronome"],"max_hp_gain":0,"max_hp_loss":0,"event_name":"WeMeetAgain","floor":39,"gold_loss":0},{"damage_healed":0,"gold_gain":0,"player_choice":"Fight","damage_taken":0,"max_hp_gain":0,"max_hp_loss":0,"event_name":"MindBloom","floor":42,"gold_loss":0},{"damage_healed":0,"gold_gain":0,"player_choice":"Got Potions","damage_taken":0,"max_hp_gain":0,"max_hp_loss":0,"event_name":"Lab","floor":45,"gold_loss":0},{"cards_removed":["DemoMod:DirectionalPad"],"damage_healed":0,"gold_gain":0,"player_choice":"Removed Attack","damage_taken":0,"max_hp_gain":0,"max_hp_loss":0,"event_name":"Falling","floor":49,"gold_loss":0},{"damage_healed":0,"gold_gain":0,"player_choice":"Paid","damage_taken":0,"relics_obtained":["Red Mask"],"max_hp_gain":0,"max_hp_loss":0,"event_name":"Tomb of Lord Red Mask","floor":52,"gold_loss":1217}],"is_beta":false,"boss_relics":[{"not_picked":["hubris:Backtick","DemoMod:ElasticCartridgeClip"],"picked":"Replay:Wanted Poster"},{"not_picked":["DemoMod:Wolf","Replay:Ancient Bell"],"picked":"Cursed Key"}],"items_purged_floors":[22,32],"is_endless":true,"potions_floor_spawned":[6,8,9,14,21,27,28,33,36,38,40,41,42,43,50,51],"ascension_level":0}}