{"host":"wuernuywc9gl215o","time":1612088626,"event":{"mods":["AchievementEnabler","BaseMod","Block Reminder","Key Reminder","Minty Spire (QoL Compilation)","Permanent Neow","Potion Indicator Mod","Quick Restart","Relic Stats"],"gold_per_floor":[118,132,148,148,164,164,178,204,231,231,262,38,38,51,51,123,123,135,154,171,96,115,115,89,89,112,130,150,150,150],"floor_reached":29,"language":"ENG","playtime":2742,"items_purged":["Strike_R"],"score":678,"play_id":"32640610-747e-47ab-b257-40dc8322d18e","local_time":"20210131102346","is_ascension_mode":true,"campfire_choices":[{"data":"Second Wind","floor":6.0,"key":"SMITH"},{"floor":10.0,"key":"REST"},{"floor":13.0,"key":"REST"},{"data":"Fire Breathing","floor":15.0,"key":"SMITH"},{"floor":23,"key":"REST"},{"data":"Rupture","floor":25,"key":"SMITH"}],"circlet_count":0,"master_deck":["AscendersBane","Strike_R","Strike_R","Defend_R","Defend_R","Defend_R","Defend_R","Bash","Anger","True Grit+1","Pommel Strike","Second Wind+1","Fire Breathing+1","Dark Embrace","Rampage","Hemokinesis","Spot Weakness","Barricade","Clothesline+1","Rupture+1","Headbutt","Pommel Strike","Iron Wave","Shrug It Off","Brutality"],"relics":["SlaversCollar","Regal Pillow","Strawberry","Centennial Puzzle","Snecko Eye","Orichalcum"],"acts_visited":["TheCity"],"potions_floor_usage":[22],"damage_taken":[{"damage":7.0,"enemies":"Jaw Worm","floor":1.0,"turns":3.0},{"damage":4.0,"enemies":"Small Slimes","floor":2.0,"turns":4.0},{"damage":6.0,"enemies":"Cultist","floor":3.0,"turns":4.0},{"damage":7.0,"enemies":"Large Slime","floor":5.0,"turns":7.0},{"damage":2.0,"enemies":"2 Fungi Beasts","floor":7.0,"turns":3.0},{"damage":38.0,"enemies":"Gremlin Nob","floor":8.0,"turns":5.0},{"damage":28.0,"enemies":"Lagavulin","floor":11.0,"turns":7.0},{"damage":4.0,"enemies":"3 Louse","floor":14.0,"turns":5.0},{"damage":13.0,"enemies":"Slime Boss","floor":16.0,"turns":6.0},{"damage":28.0,"enemies":"Spheric Guardian","floor":18.0,"turns":5.0},{"damage":27.0,"enemies":"3 Byrds","floor":19.0,"turns":8.0},{"damage":12,"enemies":"Snecko","floor":20,"turns":5},{"damage":4,"enemies":"Snake Plant","floor":22,"turns":4},{"damage":21,"enemies":"Centurion and Healer","floor":27,"turns":6},{"damage":13,"enemies":"Snecko","floor":28,"turns":5},{"damage":13,"enemies":"Chosen and Byrds","floor":29,"turns":5}],"seed_played":"8548982156499277977","potions_obtained":[{"floor":2.0,"key":"Dexterity Potion"},{"floor":3.0,"key":"Explosive Potion"},{"floor":7.0,"key":"EssenceOfSteel"},{"floor":20,"key":"ColorlessPotion"},{"floor":27,"key":"FearPotion"}],"is_trial":false,"path_per_floor":["M","M","M","?","M","R","M","E","T","R","E","$","R","M","R","B",null,"M","M","M","?","M","R","$","R","T","M","M","M"],"character_chosen":"IRONCLAD","items_purchased":["Hemokinesis","SkillPotion","Energy Potion","Iron Wave"],"campfire_rested":3,"item_purchase_floors":[12,12,12,24],"current_hp_per_floor":[61,57,51,51,44,44,42,4,11,50,22,22,61,57,57,44,73,45,18,6,6,2,41,41,41,41,20,7,0,0],"gold":150,"neow_bonus":"BOSS_RELIC","is_daily":false,"chose_seed":false,"campfire_upgraded":3,"win_rate":0.0,"timestamp":1612088626,"path_taken":["M","M","M","?","M","R","M","E","T","R","E","$","R","M","R","BOSS","M","M","M","?","M","R","$","R","T","M","M","M"],"items_purchased_type":["Card","Potion","Potion","Card"],"build_version":"2020-12-22","purchased_purges":1,"victory":false,"max_hp_per_floor":[75,75,75,75,75,75,75,75,82,82,82,82,82,82,82,82,82,82,82,82,82,82,82,82,82,82,82,82,82,82],"relic_stats":{"Regal Pillow":45,"Centennial Puzzle":[24],"counters":[16,82],"Snecko Eye":[87,80,73,62],"Orichalcum":[12],"obtain_stats":[{"SlaversCollar":0,"Regal Pillow":8,"Centennial Puzzle":11,"Strawberry":9,"Snecko Eye":17,"Orichalcum":26,"Burning Blood":0},{"SlaversCollar":0,"Regal Pillow":6,"Centennial Puzzle":7,"Strawberry":6,"Snecko Eye":9,"Orichalcum":13,"Burning Blood":0},{"SlaversCollar":0,"Regal Pillow":26,"Centennial Puzzle":33,"Strawberry":26,"Snecko Eye":44,"Orichalcum":66,"Burning Blood":0}]},"card_choices":[{"not_picked":["Heavy Blade","Infernal Blade"],"picked":"Anger","floor":1.0},{"not_picked":["Anger","Dual Wield"],"picked":"True Grit","floor":2.0},{"not_picked":["Armaments","Rupture"],"picked":"Pommel Strike","floor":3.0},{"not_picked":["Dark Embrace","Pommel Strike"],"picked":"Second Wind","floor":5.0},{"not_picked":["Twin Strike","Carnage"],"picked":"Fire Breathing","floor":7.0},{"not_picked":["Anger","Armaments"],"picked":"Dark Embrace","floor":8.0},{"not_picked":["Anger","Sword Boomerang"],"picked":"Rampage","floor":11.0},{"not_picked":["Burning Pact","Flex"],"picked":"Spot Weakness","floor":14.0},{"not_picked":["Corruption","Brutality"],"picked":"Barricade","floor":16.0},{"not_picked":["Clash","Pummel"],"picked":"Clothesline+1","floor":18.0},{"not_picked":["Havoc+1","Intimidate","Heavy Blade"],"picked":"SKIP","floor":19.0},{"not_picked":["Intimidate","Sword Boomerang"],"picked":"Rupture","floor":20},{"not_picked":["Clash","Pommel Strike","Flex"],"picked":"SKIP","floor":22},{"not_picked":["Hemokinesis","Dual Wield"],"picked":"Shrug It Off","floor":27},{"not_picked":["Armaments","Dropkick+1"],"picked":"Brutality","floor":28}],"player_experience":716303,"relics_obtained":[{"floor":8.0,"key":"Regal Pillow"},{"floor":9.0,"key":"Strawberry"},{"floor":11.0,"key":"Centennial Puzzle"},{"floor":26,"key":"Orichalcum"}],"event_choices":[{"damage_healed":0.0,"max_hp_gain":0.0,"max_hp_loss":0.0,"gold_gain":0.0,"event_name":"Living Wall","player_choice":"Grow","floor":4.0,"gold_loss":0.0,"damage_taken":0.0,"cards_upgraded":["True Grit"]},{"damage_healed":0,"gold_gain":0,"cards_transformed":["Strike_R","Strike_R"],"player_choice":"Transformed Cards","damage_taken":0,"max_hp_gain":0,"max_hp_loss":0,"event_name":"Designer","floor":21,"gold_loss":75,"cards_obtained":["Headbutt","Pommel Strike"]}],"is_beta":false,"boss_relics":[{"not_picked":["Black Star","Busted Crown"],"picked":"Snecko Eye"}],"items_purged_floors":[12],"is_endless":false,"potions_floor_spawned":[2,3,7,14,20,27],"killed_by":"Chosen and Byrds","ascension_level":20}}