{"host":"sav7uxregyirlf69","time":1612057014,"event":{"mods":["AchievementEnabler","BaseMod","Colored Map","DeckTracker","Keyboard Shortcuts","Minty Spire (QoL Compilation)","READ ME - Guardian Mod","StSLib","SuperFastMode"],"gold_per_floor":[116,116,126,126,150,176,176,190,190,37,37,51,10,24,24,100,100,115,125,175,190,190,190,190],"floor_reached":23,"language":"KOR","playtime":323,"items_purged":["Defend_G"],"score":532,"play_id":"75840a36-50b0-457e-a2ec-694e96094a8a","local_time":"20210131103654","is_ascension_mode":true,"campfire_choices":[{"data":"Crippling Poison","floor":7,"key":"SMITH"},{"data":"Footwork","floor":11,"key":"SMITH"},{"data":"Catalyst","floor":15,"key":"SMITH"}],"circlet_count":0,"master_deck":["AscendersBane","Strike_G","Strike_G","Strike_G","Strike_G","Defend_G","Defend_G","Defend_G","Defend_G","Survivor","Neutralize","Backstab","Crippling Poison+1","Leg Sweep","Footwork+1","Deadly Poison","Catalyst+1","Blur","Adrenaline","PiercingWail","Backflip","Well Laid Plans"],"relics":["Ring of the Snake","NeowsBlessing","Toy Ornithopter","SlaversCollar"],"acts_visited":["Exordium","TheCity"],"potions_floor_usage":[23],"damage_taken":[{"damage":0.0,"enemies":"Small Slimes","floor":1.0,"turns":1.0},{"damage":0.0,"enemies":"Cultist","floor":3.0,"turns":1.0},{"damage":0.0,"enemies":"Gremlin Nob","floor":6.0,"turns":1.0},{"damage":0,"enemies":"2 Louse","floor":8,"turns":2},{"damage":6,"enemies":"Exordium Wildlife","floor":12,"turns":7},{"damage":4,"enemies":"Blue Slaver","floor":14,"turns":3},{"damage":0,"enemies":"The Guardian","floor":16,"turns":8},{"damage":17,"enemies":"Shell Parasite","floor":18,"turns":7},{"damage":4,"enemies":"Chosen","floor":19,"turns":4},{"damage":8,"enemies":"Centurion and Healer","floor":21,"turns":10},{"damage":39,"enemies":"Slavers","floor":23,"turns":3}],"seed_played":"-1943841490007292600","potions_obtained":[{"floor":1.0,"key":"Swift Potion"},{"floor":12,"key":"SteroidPotion"}],"is_trial":false,"path_per_floor":["M","?","M","?","T","E","R","M","T","$","R","M","$","M","R","B",null,"M","M","?","M","?","E"],"character_chosen":"THE_SILENT","items_purchased":["Footwork","Catalyst"],"campfire_rested":0,"item_purchase_floors":[10,13],"current_hp_per_floor":[59,50,50,43,43,43,43,43,43,43,43,37,37,33,33,33,58,41,37,37,29,29,0,0],"gold":190,"neow_bonus":"THREE_ENEMY_KILL","is_daily":false,"chose_seed":false,"campfire_upgraded":3,"win_rate":0.0,"timestamp":1612057014,"path_taken":["M","?","?","?","?","E","R","M","T","?","R","M","$","M","R","BOSS","M","M","?","?","?","E"],"items_purchased_type":["Card","Card"],"build_version":"2020-12-22","purchased_purges":1,"victory":false,"max_hp_per_floor":[66,66,66,66,66,66,66,66,66,66,66,66,66,66,66,66,66,66,66,66,66,66,66,66],"card_choices":[{"not_picked":["Dash","Prepared"],"picked":"Backstab","floor":1.0},{"not_picked":["Flechettes","Underhanded Strike"],"picked":"Crippling Poison","floor":3.0},{"not_picked":["Flying Knee","Wraith Form v2","Riddle With Holes"],"picked":"SKIP","floor":6},{"not_picked":["Endless Agony","Quick Slash"],"picked":"Leg Sweep","floor":8},{"not_picked":["Heel Hook","Dagger Spray"],"picked":"Deadly Poison","floor":12},{"not_picked":["Backflip","Expertise"],"picked":"Blur","floor":14},{"not_picked":["Venomology","Tools of the Trade"],"picked":"Adrenaline","floor":16},{"not_picked":["Flying Knee","Deflect"],"picked":"PiercingWail","floor":18},{"not_picked":["Underhanded Strike","Blade Dance"],"picked":"Backflip","floor":19},{"not_picked":["Flechettes","Acrobatics"],"picked":"Well Laid Plans","floor":21}],"player_experience":1441398,"relics_obtained":[{"floor":5.0,"key":"Toy Ornithopter"}],"event_choices":[{"damage_healed":0.0,"max_hp_gain":0.0,"max_hp_loss":0.0,"gold_gain":0.0,"event_name":"Wheel of Change","player_choice":"Damaged","floor":2.0,"gold_loss":0.0,"damage_taken":9.0},{"cards_removed":["Strike_G"],"damage_healed":0.0,"max_hp_gain":0.0,"max_hp_loss":0.0,"gold_gain":0.0,"event_name":"Golden Wing","player_choice":"Card Removal","floor":4.0,"gold_loss":0.0,"damage_taken":7.0},{"damage_healed":0,"gold_gain":100,"player_choice":"Bet on Murderer","damage_taken":0,"max_hp_gain":0,"max_hp_loss":0,"event_name":"The Joust","floor":20,"gold_loss":50},{"damage_healed":0,"gold_gain":0,"player_choice":"Ignored","damage_taken":0,"max_hp_gain":0,"max_hp_loss":0,"event_name":"Ghosts","floor":22,"gold_loss":0}],"is_beta":false,"boss_relics":[{"not_picked":["Velvet Choker","Tiny House"],"picked":"SlaversCollar"}],"items_purged_floors":[10],"is_endless":false,"potions_floor_spawned":[1,12,14],"killed_by":"Slavers","ascension_level":20}}