{"host":"ekyl8r8j8fco3zlk","time":1612099883,"event":{"mods":["ATMod(∞¢Ë™Mod)","Act Like it!","Arknights","BaseMod","CapriCore","Decade(Õı–°√˜)","Dota2Spire","Friendly Minions","Gensokyo","Marisa£®ÏF”Í°°ƒß¿Ì…≥£©","Minty Spire (QoL Compilation)","READ ME - Guardian Mod","Rare Cards Sparkle","Reimu£®≤©¿ˆ¡È√Œ£©","StSLib","The Alterego","The Immortal","The Jungle","The Senshi","TheWitcher","Waifu the Spire","WarShipGirlsR/’ΩΩ¢…Ÿ≈ÆR mod","Yakumo Yukari mod","°æ“≈ŒÔø®≈∆°øREMEMod"],"gold_per_floor":[125,200,200,224,250,250,267,267,292,313,335,335,325,325,325,325,325],"floor_reached":16,"language":"ZHS","playtime":378,"items_purged":[],"score":92,"play_id":"ca538f9e-9ffd-4c2d-8791-60a10db00ca5","local_time":"20210131213123","is_ascension_mode":false,"campfire_choices":[{"data":"SnafuTest:BombNorthernWind","floor":6,"key":"SMITH"},{"data":"SnafuTest:SignAard","floor":8,"key":"SMITH"},{"data":"SnafuTest:SpellLifeDrain","floor":12,"key":"SMITH"},{"floor":15,"key":"REST"}],"circlet_count":0,"master_deck":["SnafuTest:DefaultCommonAttack","SnafuTest:DefaultCommonAttack","SnafuTest:DefaultCommonAttack","SnafuTest:BountyHunt","SnafuTest:DefaultCommonSkill","SnafuTest:DefaultCommonSkill","SnafuTest:DefaultCommonSkill","SnafuTest:SignAard+1","SnafuTest:SpellLivingArmor","SnafuTest:SignIgni","SnafuTest:BombNorthernWind+1","SnafuTest:QueensGuard","SnafuTest:SpellLifeDrain+1","SnafuTest:PhantomMemory","SnafuTest:WarofClans"],"relics":["SnafuTest:UnstableMutagenRelic","AT_ATBox","REME_ComplimentaryCards","NeowsBlessing","Dota2Spire:Vanguard"],"acts_visited":["Exordium"],"potions_floor_usage":[],"damage_taken":[{"damage":0,"enemies":"2 Louse","floor":1,"turns":1},{"damage":0,"enemies":"Cultist","floor":4,"turns":1},{"damage":0,"enemies":"Small Slimes","floor":5,"turns":1},{"damage":20,"enemies":"3 Louse","floor":7,"turns":2},{"damage":9,"enemies":"Blue Slaver","floor":10,"turns":3},{"damage":18,"enemies":"Exordium Thugs","floor":11,"turns":4},{"damage":46,"enemies":"Slime Boss","floor":16,"turns":7}],"seed_played":"-8616264903820870738","potions_obtained":[{"floor":1,"key":"LiquidBronze"},{"floor":3,"key":"PowerPotion"},{"floor":3,"key":"PowerPotion"},{"floor":3,"key":"FearPotion"},{"floor":7,"key":"SnafuTest:PlaceholderPotion"}],"is_trial":false,"path_per_floor":["M","?","?","M","M","R","M","R","T","M","M","R","?","?","R","B"],"character_chosen":"THE_WITCHER","items_purchased":[],"campfire_rested":1,"item_purchase_floors":[],"current_hp_per_floor":[75,64,64,64,64,64,44,44,44,35,17,17,17,17,39,0,0],"gold":325,"neow_bonus":"THREE_ENEMY_KILL","is_daily":false,"chose_seed":false,"campfire_upgraded":3,"win_rate":0.0,"timestamp":1612099883,"path_taken":["M","?","?","M","?","R","M","R","T","M","M","R","?","?","R","BOSS"],"items_purchased_type":[],"build_version":"2020-12-22","purchased_purges":0,"victory":false,"max_hp_per_floor":[75,75,75,75,75,75,75,75,75,75,75,75,75,75,75,75,75],"card_choices":[{"not_picked":["SnafuTest:SpellHellfire","SnafuTest:BlueWhale"],"picked":"SnafuTest:SpellLivingArmor","floor":1},{"not_picked":["SnafuTest:DesperateRemediation","SnafuTest:BloodForBlood"],"picked":"SnafuTest:SignIgni","floor":4},{"not_picked":["SnafuTest:SpellIncendiaryShower","SnafuTest:PowerFireDamnation"],"picked":"SnafuTest:BombNorthernWind","floor":5},{"not_picked":["SnafuTest:Oriole","SnafuTest:OtherWorld"],"picked":"SnafuTest:QueensGuard","floor":7},{"not_picked":["SnafuTest:SignAard","SnafuTest:NoPass"],"picked":"SnafuTest:SpellLifeDrain","floor":10},{"not_picked":["SnafuTest:SpellBlindFury","SnafuTest:FullCover"],"picked":"SnafuTest:PhantomMemory","floor":11},{"not_picked":[],"picked":"SnafuTest:WarofClans","floor":13}],"player_experience":585202,"relics_obtained":[{"floor":9,"key":"Dota2Spire:Vanguard"}],"event_choices":[{"damage_healed":0,"gold_gain":75,"player_choice":"Gather Gold","damage_taken":11,"max_hp_gain":0,"max_hp_loss":0,"event_name":"World of Goop","floor":2,"gold_loss":0},{"damage_healed":0,"gold_gain":0,"player_choice":"Got Potions","damage_taken":0,"max_hp_gain":0,"max_hp_loss":0,"event_name":"Lab","floor":3,"gold_loss":0},{"damage_healed":0,"gold_gain":0,"player_choice":"Ignored","damage_taken":0,"max_hp_gain":0,"max_hp_loss":0,"event_name":"NoteForYourself","floor":14,"gold_loss":0}],"is_beta":false,"boss_relics":[],"items_purged_floors":[],"is_endless":false,"potions_floor_spawned":[1,4,7],"killed_by":"Slime Boss","ascension_level":0}}