{"host":"4gr5irrdjh39ysed","time":1612066203,"event":{"mods":["AchievementEnabler","BaseMod","Colored Map","Downfall","Hermit","Minty Spire (QoL Compilation)","Random Character Button","StSLib","The Construct","The Cursed","The Disciple","The Hierophant","The Mystic","The Necromancer","The Runesmith"],"gold_per_floor":[113,113,113,124,49,49,76,90,90,165,179,209,41,41,41,146,146,157,170,8,24,24,24,24,24,24,51,51,12,12,12,12,108,108,119,119,219,237,237,297,260,303,326,326,337,193,203,31,31,31,31,31,31,61,61],"floor_reached":56,"language":"ENG","playtime":2611,"items_purged":["Defend_P","Defend_P","Defend_P"],"score":1424,"play_id":"4031cc4a-6e94-4156-8c01-eef69561cbf0","local_time":"20210130211003","is_ascension_mode":true,"campfire_choices":[{"floor":6,"key":"RECALL"},{"data":"FollowUp","floor":15,"key":"SMITH"},{"data":"DeusExMachina","floor":23,"key":"SMITH"},{"data":"Wish","floor":28,"key":"SMITH"},{"data":"Tantrum","floor":32,"key":"SMITH"},{"data":"DevaForm","floor":44,"key":"SMITH"},{"data":"Brilliance","floor":49,"key":"SMITH"},{"data":"FollowUp","floor":52,"key":"SMITH"}],"circlet_count":0,"master_deck":["Eruption+1","Vigilance","SashWhip","Prostrate","SpiritShield+1","Pray","Halt","EmptyFist","Halt","FollowUp+1","DeusExMachina+1","Consecrate","BowlingBash+1","Slimebound:Tackle+1","Slimebound:Tackle+1","Wish+1","Tantrum+1","FollowUp+1","DevaForm+1","SpiritShield+1","JustLucky+1","MasterReality+1","EmptyFist+1","Finesse","FlyingSleeves+1","TalkToTheHand","Prostrate+1","Consecrate+1","Brilliance+1","FlurryOfBlows+1","Master of Strategy","ConjureBlade"],"relics":["PureWater","Pen Nib","Gambling Chip","FossilizedHelix","MawBank","Coffee Dripper","Smiling Mask","White Beast Statue","Astrolabe","Strawberry","Orichalcum","Damaru"],"acts_visited":["Exordium","TheCity","TheBeyond","TheEnding"],"potions_floor_usage":[16,16,21,33,45,50,55,55],"damage_taken":[{"damage":13,"enemies":"Jaw Worm","floor":1,"turns":5},{"damage":24,"enemies":"Small Slimes","floor":4,"turns":2},{"damage":49,"enemies":"Lagavulin","floor":7,"turns":6},{"damage":7,"enemies":"2 Louse","floor":8,"turns":2},{"damage":1,"enemies":"Exordium Wildlife","floor":11,"turns":3},{"damage":88,"enemies":"3 Sentries","floor":12,"turns":12},{"damage":683,"enemies":"Hexaghost","floor":16,"turns":10},{"damage":20,"enemies":"Shell Parasite","floor":18,"turns":6},{"damage":0,"enemies":"2 Thieves","floor":19,"turns":2},{"damage":49,"enemies":"3 Cultists","floor":21,"turns":5},{"damage":63,"enemies":"Book of Stabbing","floor":27,"turns":5},{"damage":110,"enemies":"Collector","floor":33,"turns":7},{"damage":0,"enemies":"Orb Walker","floor":35,"turns":2},{"damage":24,"enemies":"3 Shapes","floor":38,"turns":5},{"damage":137,"enemies":"Nemesis","floor":40,"turns":11},{"damage":107,"enemies":"Transient","floor":42,"turns":5},{"damage":81,"enemies":"3 Darklings","floor":45,"turns":5},{"damage":105,"enemies":"4 Shapes","floor":47,"turns":4},{"damage":174,"enemies":"Awakened One","floor":50,"turns":10},{"damage":194,"enemies":"Shield and Spear","floor":54,"turns":6},{"damage":323,"enemies":"The Heart","floor":55,"turns":9}],"seed_played":"-4286395121342658323","potions_obtained":[{"floor":7,"key":"BottledMiracle"},{"floor":11,"key":"hexamod:SoulburnPotion"},{"floor":12,"key":"Explosive Potion"},{"floor":18,"key":"SneckoOil"},{"floor":19,"key":"PowerPotion"},{"floor":33,"key":"StancePotion"},{"floor":35,"key":"ColorlessPotion"},{"floor":38,"key":"champ:CounterPotion"},{"floor":40,"key":"EssenceOfSteel"},{"floor":45,"key":"Explosive Potion"},{"floor":54,"key":"construct:ShiftPotion"}],"is_trial":false,"path_per_floor":["M","?","?","M","$","R","E","M","T","?","M","E","$","?","R","B",null,"M","M","$","M","$","R","?","?","T","E","R","$","T","?","R","B",null,"M","?","?","M","?","E","$","M","T","R","M","$","M","$","R","B",null,"R","$","E","B",null],"character_chosen":"WATCHER","items_purchased":["Halt","FollowUp","Wireheading","Tantrum","TalkToTheHand","Brilliance","Master of Strategy"],"campfire_rested":0,"item_purchase_floors":[13,13,20,29,41,46,48],"current_hp_per_floor":[2059,2064,2064,2040,2040,2040,1991,1984,1984,1973,1972,1884,1884,1469,1469,786,2077,2057,2057,2057,2008,2008,2008,2008,2008,2008,1945,1945,1945,1945,1945,1945,1835,2077,2077,2077,2077,2053,2053,1923,1923,1816,1816,1816,1735,1735,1630,1630,1630,1456,2084,2084,2084,1890,1567],"gold":61,"neow_bonus":"RANDOM_COMMON_RELIC","is_daily":false,"chose_seed":false,"campfire_upgraded":7,"win_rate":0.0,"timestamp":1612066203,"path_taken":["M","?","?","M","?","R","E","M","T","?","?","E","?","?","R","BOSS","M","M","$","M","$","R","?","?","T","E","R","?","?","?","R","BOSS","M","?","?","?","?","E","$","M","T","R","M","?","M","$","R","BOSS","R","$","E","BOSS"],"items_purchased_type":["Card","Card","Card","Card","Card","Card","Card"],"build_version":"2020-12-22","purchased_purges":3,"victory":true,"max_hp_per_floor":[2072,2077,2077,2077,2077,2077,2077,2077,2077,2077,2077,2077,2077,2077,2077,2077,2077,2077,2077,2077,2077,2077,2077,2077,2077,2077,2077,2077,2077,2077,2077,2077,2077,2077,2077,2077,2077,2077,2077,2084,2084,2084,2084,2084,2084,2084,2084,2084,2084,2084,2084,2084,2084,2084,2084],"card_choices":[{"not_picked":["Sanctity","CrushJoints"],"picked":"SashWhip","floor":1},{"not_picked":["TalkToTheHand","Crescendo"],"picked":"Prostrate","floor":4},{"not_picked":["DeceiveReality","SashWhip"],"picked":"SpiritShield","floor":7},{"not_picked":["EmptyBody","Crescendo"],"picked":"Pray","floor":8},{"not_picked":["EmptyFist","ClearTheMind"],"picked":"Halt","floor":11},{"not_picked":["Fasting2","ClearTheMind"],"picked":"EmptyFist","floor":12},{"not_picked":["Blasphemy","MasterReality"],"picked":"DeusExMachina","floor":16},{"not_picked":["JustLucky","Study"],"picked":"Consecrate","floor":18},{"not_picked":["WheelKick","PathToVictory+1"],"picked":"BowlingBash+1","floor":19},{"not_picked":["SashWhip+1","Crescendo","Protect"],"picked":"SKIP","floor":21},{"not_picked":["WaveOfTheHand+1","Evaluate"],"picked":"Wish","floor":27},{"not_picked":["Wish","Ragnarok"],"picked":"DevaForm","floor":33},{"not_picked":["JustLucky+1","Study+1"],"picked":"PathToVictory+1","floor":35},{"not_picked":["Protect+1","BowlingBash"],"picked":"EmptyFist+1","floor":38},{"not_picked":["Purity","Blind"],"picked":"Finesse","floor":39},{"not_picked":["Indignation","FlurryOfBlows+1"],"picked":"FlyingSleeves+1","floor":40},{"not_picked":["SandsOfTime","Wallop"],"picked":"Prostrate+1","floor":42},{"not_picked":["Perseverance+1","EmptyMind+1"],"picked":"Consecrate+1","floor":45},{"not_picked":["Evaluate+1","Meditate"],"picked":"FlurryOfBlows+1","floor":47},{"not_picked":["Swivel+1","FollowUp"],"picked":"ConjureBlade","floor":54}],"player_experience":264812,"relics_obtained":[{"floor":7,"key":"Gambling Chip"},{"floor":9,"key":"FossilizedHelix"},{"floor":12,"key":"MawBank"},{"floor":27,"key":"Smiling Mask"},{"floor":30,"key":"White Beast Statue"},{"floor":40,"key":"Strawberry"},{"floor":43,"key":"Orichalcum"},{"floor":54,"key":"Damaru"}],"event_choices":[{"damage_healed":0,"gold_gain":0,"player_choice":"Donut","damage_taken":0,"max_hp_gain":5,"max_hp_loss":0,"event_name":"Big Fish","floor":2,"gold_loss":0},{"damage_healed":0,"gold_gain":0,"player_choice":"Ignored","damage_taken":0,"max_hp_gain":0,"max_hp_loss":0,"event_name":"Liars Game","floor":3,"gold_loss":0},{"damage_healed":0,"gold_gain":75,"player_choice":"Gather Gold","damage_taken":11,"max_hp_gain":0,"max_hp_loss":0,"event_name":"World of Goop","floor":10,"gold_loss":0},{"damage_healed":0,"gold_gain":0,"player_choice":"Entered Light","damage_taken":415,"max_hp_gain":0,"max_hp_loss":0,"event_name":"Shining Light","floor":14,"gold_loss":0,"cards_upgraded":["SpiritShield","Eruption"]},{"damage_healed":0,"gold_gain":0,"player_choice":"Ignored","damage_taken":0,"max_hp_gain":0,"max_hp_loss":0,"event_name":"Ghosts","floor":24,"gold_loss":0},{"damage_healed":0,"gold_gain":0,"player_choice":"Read","damage_taken":0,"max_hp_gain":0,"max_hp_loss":0,"event_name":"The Library","floor":31,"gold_loss":0,"cards_obtained":["FollowUp"]},{"cards_removed":["PathToVictory"],"damage_healed":0,"gold_gain":0,"player_choice":"Removed Skill","damage_taken":0,"max_hp_gain":0,"max_hp_loss":0,"event_name":"Falling","floor":36,"gold_loss":0},{"damage_healed":0,"gold_gain":100,"player_choice":"Pray","damage_taken":0,"max_hp_gain":0,"max_hp_loss":0,"event_name":"Golden Shrine","floor":37,"gold_loss":0},{"damage_healed":0,"gold_gain":0,"player_choice":"Memory 1","damage_taken":0,"max_hp_gain":0,"max_hp_loss":0,"event_name":"SensoryStone","floor":39,"gold_loss":0}],"is_beta":false,"boss_relics":[{"not_picked":["SlaversCollar","Tiny House"],"picked":"Coffee Dripper"},{"not_picked":["construct:ClawGrip","Velvet Choker"],"picked":"Astrolabe"}],"items_purged_floors":[5,13,20],"is_endless":false,"potions_floor_spawned":[7,11,12,18,19,33,35,38,40,42,45,47,54],"ascension_level":4}}