{"host":"6xsbn6ynqlzwllfm","time":1612088209,"event":{"mods":["2.2 Compatiblity","BaseMod","Bestiary","Colored Map","Colored Powertips","Curses Come First","Highlight Path","Keyboard Shortcuts","Minty Spire (QoL Compilation)","Relic Stats","Slay the Relics Exporter","StSLib","SuperFastMode"],"gold_per_floor":[117,128,128,138,155,189,189,214,214,214,224,254,266,278,278,278,278],"floor_reached":16,"language":"ENG","playtime":433,"items_purged":[],"score":298,"play_id":"1252eaa8-4b3e-4f88-bd3b-b080e72bf527","local_time":"20210131051649","is_ascension_mode":true,"campfire_choices":[{"data":"Vault","floor":7.0,"key":"SMITH"},{"data":"Blasphemy","floor":10,"key":"SMITH"},{"floor":15,"key":"REST"}],"circlet_count":0,"master_deck":["AscendersBane","Strike_P","Strike_P","Strike_P","Strike_P","Defend_P","Defend_P","Defend_P","Defend_P","Eruption","Vigilance","Judgement","FollowUp","Blasphemy+1","EmptyFist","Vault+1","DeceiveReality","Protect","Tantrum"],"relics":["PureWater","Kunai","Dream Catcher","Letter Opener","StrikeDummy","Omamori"],"acts_visited":["Exordium"],"potions_floor_usage":[8,16],"damage_taken":[{"damage":3.0,"enemies":"2 Louse","floor":1.0,"turns":3.0},{"damage":1.0,"enemies":"Cultist","floor":2.0,"turns":4.0},{"damage":6.0,"enemies":"Jaw Worm","floor":4.0,"turns":5.0},{"damage":0.0,"enemies":"Exordium Thugs","floor":5.0,"turns":3.0},{"damage":3.0,"enemies":"Gremlin Nob","floor":6.0,"turns":3.0},{"damage":0,"enemies":"3 Sentries","floor":8,"turns":4},{"damage":13,"enemies":"Lots of Slimes","floor":11,"turns":5},{"damage":2,"enemies":"Gremlin Nob","floor":12,"turns":3},{"damage":1,"enemies":"2 Fungi Beasts","floor":13,"turns":2},{"damage":5,"enemies":"Looter","floor":14,"turns":3},{"damage":18,"enemies":"Hexaghost","floor":16,"turns":8}],"seed_played":"8995676453674677406","potions_obtained":[{"floor":1.0,"key":"BlessingOfTheForge"},{"floor":5.0,"key":"DuplicationPotion"},{"floor":11,"key":"SkillPotion"}],"is_trial":false,"path_per_floor":["M","M","?","M","M","E","R","E","T","R","M","E","M","M","R","B"],"character_chosen":"WATCHER","items_purchased":[],"campfire_rested":1,"item_purchase_floors":[],"current_hp_per_floor":[58,57,57,51,51,48,48,48,48,48,35,33,32,27,47,29,29],"gold":278,"neow_bonus":"ONE_RANDOM_RARE_CARD","is_daily":false,"chose_seed":false,"campfire_upgraded":2,"win_rate":0.0,"timestamp":1612088209,"path_taken":["M","M","?","M","M","E","R","E","T","R","?","E","M","M","R","BOSS"],"items_purchased_type":[],"build_version":"2020-12-22","purchased_purges":0,"victory":false,"max_hp_per_floor":[68,68,68,68,68,68,68,68,68,68,68,68,68,68,68,68,68],"relic_stats":{"Dream Catcher":1,"counters":[11,43],"Kunai":[9],"Letter Opener":[5],"obtain_stats":[{"Dream Catcher":6,"Omamori":12,"Kunai":3,"Letter Opener":8,"PureWater":0,"StrikeDummy":9},{"Dream Catcher":5,"Omamori":8,"Kunai":2,"Letter Opener":6,"PureWater":0,"StrikeDummy":6},{"Dream Catcher":18,"Omamori":30,"Kunai":7,"Letter Opener":22,"PureWater":0,"StrikeDummy":22}]},"card_choices":[{"not_picked":["ThirdEye","Perseverance"],"picked":"FollowUp","floor":2.0},{"not_picked":["EmptyBody","DeceiveReality"],"picked":"Blasphemy","floor":4.0},{"not_picked":["ThirdEye","Swivel"],"picked":"EmptyFist","floor":5.0},{"not_picked":["ThirdEye","ClearTheMind"],"picked":"Vault","floor":6.0},{"not_picked":["CrushJoints","Collect"],"picked":"DeceiveReality","floor":11},{"not_picked":["PathToVictory","Crescendo"],"picked":"Protect","floor":13},{"not_picked":["CutThroughFate","FollowUp"],"picked":"Tantrum","floor":14}],"player_experience":1338944,"relics_obtained":[{"floor":6.0,"key":"Dream Catcher"},{"floor":8,"key":"Letter Opener"},{"floor":9,"key":"StrikeDummy"},{"floor":12,"key":"Omamori"}],"event_choices":[{"damage_healed":0.0,"max_hp_gain":0.0,"max_hp_loss":0.0,"gold_gain":0.0,"event_name":"WeMeetAgain","player_choice":"Gave Potion","floor":3.0,"gold_loss":0.0,"damage_taken":0.0,"relics_obtained":["Kunai"]}],"is_beta":false,"boss_relics":[],"items_purged_floors":[],"is_endless":false,"potions_floor_spawned":[1,5,11],"killed_by":"Hexaghost","ascension_level":20}}