{"host":"4kmvpqjeiacgn1pr","time":1612136151,"event":{"mods":["AchievementEnabler","BaseMod","Better Altar","Better Match","Better Note","Better Sensory Stone","Better Skull","Better Third Choice","Colored Map","Colored Powertips","Curses Come First","Downfall","Highlight Path","Infinite Spire","Minty Spire (QoL Compilation)","Permanent Neow","Quick Restart","Rare Cards Sparkle","Replay The Spire","Shop Mod","Spicy Shops","Spikes Relics","StSLib","Waifu the Spire"],"gold_per_floor":[110,123,123,135,135,135,165,165,165,195,195,195,195,63,63,63,63],"floor_reached":16,"language":"ENG","playtime":846,"items_purged":[],"score":159,"play_id":"0a58b2bb-5d45-426b-8934-478bdea60d59","local_time":"20210131183551","is_ascension_mode":true,"campfire_choices":[{"data":"Noxious Fumes","floor":6,"key":"SMITH"},{"data":"Night Terror","floor":8,"key":"SMITH"},{"data":"Distraction","floor":12,"key":"SMITH"},{"data":"Dagger Spray","floor":15,"key":"SMITH"}],"circlet_count":0,"master_deck":["AscendersBane","Strike_G","Strike_G","Strike_G","Defend_G","Defend_G","Defend_G","Defend_G","Survivor","Neutralize","Accuracy","Noxious Fumes+1","Acrobatics","Poisoned Stab","Night Terror+1","Distraction+1","Dagger Spray","Dagger Spray+1"],"relics":["Ring of the Snake","Meat on the Bone","Bird Faced Urn","Centennial Puzzle","Pen Nib","Golden Idol","Chameleon Ring","Cauldron"],"acts_visited":["Exordium"],"potions_floor_usage":[7,16,16],"damage_taken":[{"damage":3,"enemies":"2 Louse","floor":1,"turns":4},{"damage":2,"enemies":"Cultist","floor":2,"turns":5},{"damage":7,"enemies":"Small Slimes","floor":4,"turns":4},{"damage":21,"enemies":"Gremlin Nob","floor":7,"turns":5},{"damage":30,"enemies":"3 Sentries","floor":10,"turns":8},{"damage":88,"enemies":"Fading Forest","floor":16,"turns":10}],"seed_played":"-2308241380869634849","potions_obtained":[{"floor":4,"key":"PowerPotion"},{"floor":10,"key":"Cursed Concoction"},{"floor":14,"key":"infinitespire:BlackPotion"},{"floor":14,"key":"FairyPotion"},{"floor":14,"key":"EssenceOfSteel"}],"is_trial":false,"path_per_floor":["M","M","?","M","?","R","E","R","T","E","?","R","T","$","R","B"],"character_chosen":"THE_SILENT","items_purchased":["Dagger Spray","Cauldron"],"campfire_rested":0,"item_purchase_floors":[14,14],"current_hp_per_floor":[60,58,58,51,51,51,42,42,42,28,28,28,28,28,28,0,0],"gold":63,"neow_bonus":"REMOVE_TWO","is_daily":false,"chose_seed":false,"campfire_upgraded":4,"win_rate":0.0,"timestamp":1612136151,"path_taken":["M","M","?","?","?","R","E","R","T","E","?","R","?","?","R","BOSS"],"items_purchased_type":["Card","Relic"],"build_version":"2020-12-22","purchased_purges":0,"victory":false,"max_hp_per_floor":[63,63,63,63,63,63,63,63,63,63,58,58,58,58,58,58,58],"card_choices":[{"not_picked":["Acrobatics","PiercingWail"],"picked":"Accuracy","floor":1},{"not_picked":["Choke","Blade Dance"],"picked":"Noxious Fumes","floor":2},{"not_picked":["Prepared","Backflip"],"picked":"Poisoned Stab","floor":4},{"not_picked":["Backflip","Quick Slash"],"picked":"Night Terror","floor":7},{"not_picked":["Predator","ReplayTheSpireMod:The Works"],"picked":"Distraction","floor":10}],"player_experience":405021,"relics_obtained":[{"floor":5,"key":"Meat on the Bone"},{"floor":7,"key":"Bird Faced Urn"},{"floor":9,"key":"Centennial Puzzle"},{"floor":10,"key":"Pen Nib"},{"floor":13,"key":"Chameleon Ring"}],"event_choices":[{"damage_healed":0,"gold_gain":0,"cards_transformed":["Strike_G"],"player_choice":"Transformed","damage_taken":0,"max_hp_gain":0,"max_hp_loss":0,"event_name":"Transmorgrifier","floor":3,"gold_loss":0,"cards_obtained":["Acrobatics"]},{"damage_healed":0,"gold_gain":0,"player_choice":"Lose Max HP","damage_taken":0,"relics_obtained":["Golden Idol"],"max_hp_gain":0,"max_hp_loss":5,"event_name":"Golden Idol","floor":11,"gold_loss":0}],"is_beta":false,"boss_relics":[],"items_purged_floors":[],"is_endless":false,"potions_floor_spawned":[4,10],"killed_by":"Fading Forest","ascension_level":10}}