{"host":"o3b7ow6d1xe49css","time":1612089806,"event":{"mods":["Act Like it!","Aspiration","BaseMod","Bestiary","Better Altar","Better Match","Better Note","Better Sensory Stone","Better Skull","Better Third Choice","Colored Powertips","Conspire","Energized Spire","Force Act Four","GifTheSpireLib","Halation","Hermit","Hubris","Infinite Spire","Lobotomy","Minty Spire (QoL Compilation)","Quick Restart","Rare Cards Sparkle","Relic Filter Mod","Reliquary","Replay The Spire","Spicy Shops","Spikes Relics","Spire Arcade","StSLib","Stuff the Spire","The Blue Laboratory","Wandering Minibosses"],"gold_per_floor":[113,125,140,140,159,190,219,219,219,253,253,279,59,59,59,183,183,198,216,231,116,16,52,95,95,140,171,171,171,171,187,187,313,313,337,337,337,78,101,141,62,93,118,118,118,139,139,177,177,298,298,298,74,117,247],"floor_reached":56,"language":"ENG","playtime":2186,"items_purged":["Scorched","Injury","Strike_P","Strike_P","Defend_P"],"score":1928,"play_id":"9495eafa-f447-4667-882c-fdda75e9fbfc","local_time":"20210131014326","daily_mods":["Heirloom","Flight"],"is_ascension_mode":true,"campfire_choices":[{"floor":8,"key":"REST"},{"floor":11,"key":"REST"},{"data":"BattleHymn","floor":15,"key":"SMITH"},{"data":"CutThroughFate","floor":25,"key":"SMITH"},{"data":"StuffTheSpire:Vigor","floor":28,"key":"SMITH"},{"floor":32,"key":"RECALL"},{"data":"Defend_P","floor":45,"key":"SMITH"},{"data":"TalkToTheHand","floor":47,"key":"SMITH"},{"data":"Defend_P","floor":49,"key":"SMITH"},{"data":"Defend_P","floor":52,"key":"SMITH"}],"circlet_count":0,"master_deck":["Strike_P","Defend_P+1","Defend_P+1","Defend_P+1","Eruption+1","Vigilance","Indignation","Consecrate","OldLady","UniverseFragment","Consecrate","CutThroughFate+1","BattleHymn+1","GreedKing","Fasting2+1","OSAHOGD","StuffTheSpire:Vigor+1","infinitespire:Fortify+1","FlurryOfBlows","StuffTheSpire:Vigor+1","TalkToTheHand+1","Vault+1"],"relics":["PureWater","Ring of Chaos","CloakClasp","CogitoBucket","Mirror","Toxic Egg 2","Prayer Wheel","StuffTheSpire:Rhapsscallions","reliquary:Stiletto","Golden Idol","energizedSpire:BlackCloud","LuminousBracelet","wanderingMiniBosses:Blackblade","Replay:Bottled Steam","StuffTheSpire:Mouthbags","Replay:Purple Gloves","Replay:Towering Pillar of Hats","reliquary:RedPaperclip","Strawberry","infinitespire:BottledMercury","hubris:MysteriousPyramids","reliquary:IvoryTrinket","infinitespire:CursedDice","AtMidnight","Shuriken","Theresia","CosmicIsotope","Ring of Chaos","reliquary:SharkskinSheath"],"acts_visited":["Exordium","TheCity","TheBeyond","Exordium","TheEnding"],"potions_floor_usage":[10,10,10,10,12,12,20,23,31,33,35,42,46,54,55,55],"damage_taken":[{"damage":10,"enemies":"Small Slimes","floor":1,"turns":5},{"damage":12,"enemies":"Jaw Worm","floor":2,"turns":5},{"damage":0,"enemies":"Cultist","floor":3,"turns":2},{"damage":0,"enemies":"3 Louse","floor":5,"turns":1},{"damage":12,"enemies":"3 Sentries","floor":6,"turns":2},{"damage":34,"enemies":"Lagavulin","floor":7,"turns":3},{"damage":0,"enemies":"Gremlin Nob","floor":10,"turns":2},{"damage":1,"enemies":"Lagavulin","floor":12,"turns":3},{"damage":0,"enemies":"Slime Boss","floor":16,"turns":3},{"damage":17,"enemies":"Shell Parasite","floor":18,"turns":3},{"damage":0,"enemies":"Spheric Guardian","floor":19,"turns":2},{"damage":10,"enemies":"3 Cultists","floor":20,"turns":5},{"damage":0,"enemies":"Nightmare","floor":23,"turns":5},{"damage":4,"enemies":"Book of Stabbing","floor":24,"turns":3},{"damage":7,"enemies":"Gremlin Leader","floor":27,"turns":3},{"damage":15,"enemies":"Snake Plant","floor":31,"turns":4},{"damage":33,"enemies":"conspire:MysteriousRune","floor":33,"turns":5},{"damage":0,"enemies":"3 Shapes","floor":35,"turns":3},{"damage":0,"enemies":"3 Darklings","floor":39,"turns":3},{"damage":0,"enemies":"R_Hoarder","floor":40,"turns":5},{"damage":0,"enemies":"Giant Head","floor":42,"turns":6},{"damage":14,"enemies":"4 Shapes","floor":46,"turns":5},{"damage":0,"enemies":"Reptomancer","floor":48,"turns":4},{"damage":0,"enemies":"Replay:Hell Engine","floor":50,"turns":9},{"damage":18,"enemies":"Shield and Spear","floor":54,"turns":5},{"damage":44,"enemies":"The Heart","floor":55,"turns":7}],"seed_played":"-7291556736494139528","potions_obtained":[{"floor":3,"key":"blueLaboratory:EpiphanyPotion"},{"floor":5,"key":"Elixir"},{"floor":7,"key":"EntropicBrew"},{"floor":10,"key":"Venom Potion"},{"floor":19,"key":"blueLaboratory:StoneskinPotion"},{"floor":20,"key":"blueLaboratory:RememoryPotion"},{"floor":27,"key":"blueLaboratory:FaithlessPotion"},{"floor":33,"key":"Fire Potion"},{"floor":35,"key":"blueLaboratory:FrostheartPotion"},{"floor":39,"key":"Block Potion"},{"floor":50,"key":"ColorlessPotion"},{"floor":54,"key":"blueLaboratory:LouseDecoction"}],"is_trial":true,"path_per_floor":["M","M","M","?","M","E","E","R","T","E","R","E","$","?","R","B",null,"M","M","M","?","$","NM","E","R","T","E","R","AVR","?","M","R","B",null,"M","AVR","T","$","M","E","$","E","T","?","R","M","R","E","R","B",null,"R","$","E","B",null],"character_chosen":"WATCHER","items_purchased":["infinitespire:Satchel","hubris:MysteriousPyramids","TalkToTheHand","blueLaboratory:HeartbeatPotion"],"campfire_rested":2,"item_purchase_floors":[13,38,41,53],"current_hp_per_floor":[62,50,50,50,50,38,4,25,25,28,50,49,49,49,49,49,69,67,67,58,58,58,58,54,54,54,49,49,49,49,37,37,6,62,62,69,69,69,69,69,69,67,67,67,67,57,57,57,57,47,47,47,47,35,16],"gold":247,"neow_bonus":"","is_daily":false,"chose_seed":false,"campfire_upgraded":7,"win_rate":0.0,"timestamp":1612089806,"path_taken":["M","M","M","?","M","E","E","R","T","E","R","E","$","?","R","BOSS","M","M","?","?","$","NM","E","R","T","E","R","AVR","?","?","R","BOSS","M","AVR","?","$","M","E","$","E","T","?","R","?","R","E","R","BOSS","R","$","E","BOSS"],"items_purchased_type":["Relic","Relic","Card","Potion"],"build_version":"2020-12-22","purchased_purges":5,"victory":true,"max_hp_per_floor":[72,72,72,72,72,72,72,72,72,75,75,75,75,75,75,75,75,90,90,90,90,90,80,80,80,80,80,80,80,80,80,80,80,80,80,87,87,87,87,77,77,67,67,67,67,67,67,67,67,47,47,47,47,47,47],"card_choices":[{"not_picked":["Bloodbath","FairyFestival","Murderer"],"picked":"Singing Bowl","floor":1},{"not_picked":["CrushJoints","Sanctity"],"picked":"Indignation","floor":1},{"not_picked":["RedShoes","WallGazer"],"picked":"Scorched","floor":2},{"not_picked":["Halt","Replay:ManipulateFuture"],"picked":"Consecrate","floor":2},{"not_picked":["HappyTeddy","Murderer","CrumblingArmor"],"picked":"Singing Bowl","floor":3},{"not_picked":["Bloodbath","LongBird"],"picked":"OldLady","floor":3},{"not_picked":["Omniscience","Fasting2"],"picked":"FlurryOfBlows","floor":3},{"not_picked":["Wellcheers","QueenBee","SingingMachine"],"picked":"Singing Bowl","floor":5},{"not_picked":["MentalFortress","Crescendo","SashWhip"],"picked":"SKIP","floor":5},{"not_picked":["ShyLook","CrumblingArmor"],"picked":"UniverseFragment","floor":6},{"not_picked":["JustLucky","ThirdEye"],"picked":"Consecrate","floor":6},{"not_picked":["Replay:ManipulateFuture+1","CarveReality"],"picked":"CutThroughFate","floor":7},{"not_picked":["VoidDream","WhitesApple","QueenBee"],"picked":"Singing Bowl","floor":7},{"not_picked":["WallGazer","Wellcheers","Bloodbath"],"picked":"Singing Bowl","floor":10},{"not_picked":["CrushJoints","Perseverance+1","EmptyMind+1"],"picked":"SKIP","floor":10},{"not_picked":["Freischutz","MHz","VoidDream"],"picked":"Singing Bowl","floor":12},{"not_picked":["Prostrate+1","Replay:DivineShield+1"],"picked":"BattleHymn","floor":12},{"not_picked":["PunishingBird","LaLuna","WhitesApple"],"picked":"Singing Bowl","floor":16},{"not_picked":["CherryBlossoms","FieryBird","DespairKnight"],"picked":"Singing Bowl","floor":18},{"not_picked":["SandsOfTime","ThirdEye+1","Replay:DivineShield+1"],"picked":"SKIP","floor":18},{"not_picked":["Perseverance+1","Indignation+1","DeceiveReality+1"],"picked":"SKIP","floor":18},{"not_picked":["Murderer","Alriune"],"picked":"GreedKing","floor":19},{"not_picked":["Pray+1","Replay:Battleflow+1"],"picked":"Fasting2+1","floor":19},{"not_picked":["TalkToTheHand","Consecrate+1","Evaluate+1"],"picked":"SKIP","floor":19},{"not_picked":["GalaxyChild","PunishingBird"],"picked":"OSAHOGD","floor":20},{"not_picked":["wanderingMiniBosses:FinaleOfPromise"],"picked":"SKIP","floor":20},{"not_picked":["Evaluate+1","Vengeance+1","Replay:BluntJabs+1"],"picked":"SKIP","floor":20},{"not_picked":["EmptyMind+1","SashWhip+1","EmptyBody+1"],"picked":"SKIP","floor":20},{"not_picked":["infinitespire:Gouge","infinitespire:Oblivion"],"picked":"infinitespire:Fortify","floor":23},{"not_picked":["VoidDream","QueenBee","Bloodbath"],"picked":"Singing Bowl","floor":23},{"not_picked":["FearNoEvil","ConjureBlade+1","ForeignInfluence+1"],"picked":"SKIP","floor":23},{"not_picked":["NothingThere","SnowQueen","LaLuna"],"picked":"Singing Bowl","floor":24},{"not_picked":["BowlingBash","Collect+1","Judgement+1"],"picked":"SKIP","floor":24},{"not_picked":["SpiderBud","Scorched","NakedNest"],"picked":"Singing Bowl","floor":27},{"not_picked":["LikeWater","Replay:ManipulateFuture+1","Replay:LoomingThreat"],"picked":"SKIP","floor":27},{"not_picked":["Woodsman","SingingMachine","LongBird"],"picked":"Singing Bowl","floor":31},{"not_picked":["EmptyBody+1","ReachHeaven","FollowUp"],"picked":"SKIP","floor":31},{"not_picked":["Replay:BluntJabs","BattleHymn","FollowUp+1"],"picked":"SKIP","floor":31},{"not_picked":["LongBird","QueenOfHatred","Scorched"],"picked":"Singing Bowl","floor":33},{"not_picked":["Laetitia","BlackArmy","BlueStar"],"picked":"Singing Bowl","floor":35},{"not_picked":["PathToVictory+1","CrushJoints+1","Consecrate+1"],"picked":"SKIP","floor":35},{"not_picked":["FlurryOfBlows","Study+1","EmptyFist+1"],"picked":"SKIP","floor":35},{"not_picked":["BodiesMountain","HeroicMonk","QueenBee"],"picked":"Singing Bowl","floor":39},{"not_picked":["Evaluate+1","Study+1","Pray+1"],"picked":"SKIP","floor":39},{"not_picked":["FollowUp","Pray+1","Tantrum"],"picked":"SKIP","floor":39},{"not_picked":["Replay:Battleflow+1","Replay:LoomingThreat","Halt+1"],"picked":"SKIP","floor":40},{"not_picked":["Replay:Battleflow+1","Replay:LoomingThreat","Halt+1"],"picked":"SKIP","floor":40},{"not_picked":["Replay:Battleflow+1","Replay:LoomingThreat","Halt+1"],"picked":"SKIP","floor":40},{"not_picked":["Replay:Hum+1","ClearTheMind+1","Swivel+1"],"picked":"SKIP","floor":42},{"not_picked":["Meditate+1","FollowUp+1"],"picked":"Vault+1","floor":46},{"not_picked":["Adaptation+1","TalkToTheHand","WheelKick+1"],"picked":"SKIP","floor":46},{"not_picked":["Weave+1","Evaluate+1","WheelKick"],"picked":"SKIP","floor":48},{"not_picked":["Woodsman","HeroicMonk","QueenBee"],"picked":"Singing Bowl","floor":50},{"not_picked":["Mercenary","BlueStar","SilentOrchestra"],"picked":"Singing Bowl","floor":54},{"not_picked":["DeceiveReality+1","Pray+1","Study"],"picked":"SKIP","floor":54},{"not_picked":["DeceiveReality+1","Pray+1","Study"],"picked":"SKIP","floor":54}],"player_experience":1223309,"relics_obtained":[{"floor":6,"key":"Mirror"},{"floor":7,"key":"Toxic Egg 2"},{"floor":9,"key":"Prayer Wheel"},{"floor":10,"key":"StuffTheSpire:Rhapsscallions"},{"floor":12,"key":"reliquary:Stiletto"},{"floor":20,"key":"wanderingMiniBosses:Blackblade"},{"floor":23,"key":"Replay:Bottled Steam"},{"floor":24,"key":"infinitespire:ShieldingShard"},{"floor":26,"key":"StuffTheSpire:Mouthbags"},{"floor":27,"key":"Replay:Purple Gloves"},{"floor":37,"key":"infinitespire:BottledMercury"},{"floor":40,"key":"reliquary:IvoryTrinket"},{"floor":42,"key":"infinitespire:CursedDice"},{"floor":46,"key":"AtMidnight"},{"floor":48,"key":"Shuriken"},{"floor":54,"key":"reliquary:SharkskinSheath"}],"event_choices":[{"damage_healed":0,"gold_gain":0,"player_choice":"Grow","damage_taken":0,"max_hp_gain":0,"max_hp_loss":0,"event_name":"Living Wall","floor":4,"gold_loss":0,"cards_upgraded":["Eruption"]},{"damage_healed":0,"gold_gain":0,"player_choice":"Take Wound","damage_taken":0,"relics_obtained":["Golden Idol"],"max_hp_gain":0,"max_hp_loss":0,"event_name":"Golden Idol","floor":14,"gold_loss":0,"cards_obtained":["Injury"]},{"damage_healed":0,"gold_gain":0,"player_choice":"Copied","damage_taken":0,"max_hp_gain":0,"max_hp_loss":0,"event_name":"Duplicator","floor":30,"gold_loss":0,"cards_obtained":["StuffTheSpire:Vigor"]}],"is_beta":false,"boss_relics":[{"not_picked":["Tiny House","Ectoplasm"],"picked":"energizedSpire:BlackCloud"},{"not_picked":["halation:HeavySnake","Replay:Ancient Bell"],"picked":"reliquary:RedPaperclip"},{"not_picked":["energizedSpire:HugeHouse","Black Star"],"picked":"CosmicIsotope"}],"items_purged_floors":[13,22,29,36,53],"is_endless":true,"potions_floor_spawned":[3,5,7,10,19,20,27,33,35,39,50,54],"ascension_level":5}}