{"host":"6xsbn6ynqlzwllfm","time":1612083069,"event":{"mods":["2.2 Compatiblity","BaseMod","Bestiary","Colored Map","Colored Powertips","Curses Come First","Highlight Path","Keyboard Shortcuts","Minty Spire (QoL Compilation)","Relic Stats","Slay the Relics Exporter","StSLib","SuperFastMode"],"gold_per_floor":[114,164,182,194,194,194,194],"floor_reached":6,"language":"ENG","playtime":122,"items_purged":[],"score":72,"play_id":"e52977e7-e83a-4af2-9125-ca7edb72f7fd","local_time":"20210131035109","is_ascension_mode":true,"campfire_choices":[],"circlet_count":0,"master_deck":["AscendersBane","Strike_P","Strike_P","Strike_P","Strike_P","Defend_P","Defend_P","Defend_P","Defend_P","Eruption","Vigilance","FlurryOfBlows","DeceiveReality","CrushJoints","Pain"],"relics":["PureWater","WarpedTongs"],"acts_visited":["Exordium"],"potions_floor_usage":[],"damage_taken":[{"damage":0.0,"enemies":"Cultist","floor":1.0,"turns":2.0},{"damage":8.0,"enemies":"Small Slimes","floor":3.0,"turns":5.0},{"damage":0.0,"enemies":"Jaw Worm","floor":4.0,"turns":4.0},{"damage":60,"enemies":"Gremlin Nob","floor":6,"turns":4}],"seed_played":"-5089589955240227085","potions_obtained":[],"is_trial":false,"path_per_floor":["M","?","M","M","?","E"],"character_chosen":"WATCHER","items_purchased":[],"campfire_rested":0,"item_purchase_floors":[],"current_hp_per_floor":[67,67,59,59,59,0,0],"gold":194,"neow_bonus":"TEN_PERCENT_HP_BONUS","is_daily":false,"chose_seed":false,"campfire_upgraded":0,"win_rate":0.0,"timestamp":1612083069,"path_taken":["M","?","?","M","?","E"],"items_purchased_type":[],"build_version":"2020-12-22","purchased_purges":0,"victory":false,"max_hp_per_floor":[74,74,74,74,74,74,74],"relic_stats":{"counters":[4,15],"obtain_stats":[{"PureWater":0,"WarpedTongs":5},{"PureWater":0,"WarpedTongs":3},{"PureWater":0,"WarpedTongs":11}],"WarpedTongs":[4]},"card_choices":[{"not_picked":["Evaluate","Crescendo"],"picked":"FlurryOfBlows","floor":1.0},{"not_picked":["SashWhip","Meditate"],"picked":"DeceiveReality","floor":3.0},{"not_picked":["FollowUp","MentalFortress"],"picked":"CrushJoints","floor":4.0}],"player_experience":1335146,"relics_obtained":[],"event_choices":[{"damage_healed":0.0,"max_hp_gain":0.0,"max_hp_loss":0.0,"gold_gain":50.0,"event_name":"Golden Shrine","player_choice":"Pray","floor":2.0,"gold_loss":0.0,"damage_taken":0.0},{"damage_healed":0.0,"max_hp_gain":0.0,"max_hp_loss":0.0,"gold_gain":0.0,"event_name":"Accursed Blacksmith","player_choice":"Rummage","floor":5.0,"gold_loss":0.0,"damage_taken":0.0,"relics_obtained":["WarpedTongs"],"cards_obtained":["Pain"]}],"is_beta":false,"boss_relics":[],"items_purged_floors":[],"is_endless":false,"potions_floor_spawned":[],"killed_by":"Gremlin Nob","ascension_level":20}}