{"host":"v54ek091sdz7ha6h","time":1612069835,"event":{"mods":["BaseMod","Better Vampires","Colored Map","Colored Powertips","Custom Start","DeckTracker","Highlight Path","KOR Keyword Fix","Minty Spire (QoL Compilation)","Rare Cards Sparkle","Relic Stats","StSLib","SuperFastMode","everything is the same but u backflip on backflip"],"gold_per_floor":[109,109,34,34,34,65,65,98,166,22,22,52,69,88,88,165,165,180,200,251,267,137,162,162,175,202,202,213,213,232,249,249,323,323,336,336,1335,1037,1037,1037,1047,1047,1047,517,529,540,569,579,579,579,579],"floor_reached":50,"language":"KOR","playtime":1482,"items_purged":["Defend_B","Normality","Normality"],"score":1170,"play_id":"e28a8818-6bf4-4e1c-9797-a6d187ffacd9","local_time":"20210131141035","is_ascension_mode":true,"campfire_choices":[{"data":"Dualcast","floor":7.0,"key":"SMITH"},{"data":"Zap","floor":15.0,"key":"SMITH"},{"data":"Turbo","floor":24.0,"key":"SMITH"},{"floor":27.0,"key":"REST"},{"data":"Biased Cognition","floor":29.0,"key":"SMITH"},{"data":"Auto Shields","floor":32.0,"key":"SMITH"},{"data":"Creative AI","floor":40.0,"key":"SMITH"},{"data":"Heatsinks","floor":42.0,"key":"SMITH"},{"floor":49.0,"key":"RECALL"}],"circlet_count":0,"master_deck":["AscendersBane","Defend_B","Defend_B","Defend_B+1","Zap+1","Dualcast+1","Compile Driver","Meteor Strike","Undo","Defragment+1","Ball Lightning","Glacier","Auto Shields+1","Biased Cognition+1","Leap+1","Turbo+1","Echo Form","Creative AI+1","Master of Strategy","Panacea","Heatsinks+1","Master of Strategy","Heatsinks","Go for the Eyes"],"relics":["Cracked Core","NeowsBlessing","DataDisk","Vajra","Pear","Ornamental Fan","Empty Cage","Cables","Strawberry","Inserter","DollysMirror","Oddly Smooth Stone","Ancient Tea Set","Centennial Puzzle","The Courier"],"acts_visited":["Exordium","TheCity","TheBeyond"],"potions_floor_usage":[50,50],"damage_taken":[{"damage":0.0,"enemies":"2 Louse","floor":1.0,"turns":1.0},{"damage":0.0,"enemies":"Lagavulin","floor":6.0,"turns":1.0},{"damage":0.0,"enemies":"Gremlin Nob","floor":8.0,"turns":1.0},{"damage":10.0,"enemies":"Lagavulin","floor":12.0,"turns":6.0},{"damage":7.0,"enemies":"Small Slimes","floor":13.0,"turns":2.0},{"damage":0.0,"enemies":"Cultist","floor":14.0,"turns":3.0},{"damage":15.0,"enemies":"Hexaghost","floor":16.0,"turns":10.0},{"damage":18.0,"enemies":"Shell Parasite","floor":18.0,"turns":6.0},{"damage":24.0,"enemies":"Chosen","floor":19.0,"turns":4.0},{"damage":1.0,"enemies":"Centurion and Healer","floor":21.0,"turns":9.0},{"damage":9.0,"enemies":"Gremlin Leader","floor":23.0,"turns":10.0},{"damage":5.0,"enemies":"Snecko","floor":25.0,"turns":4.0},{"damage":4.0,"enemies":"Sentry and Sphere","floor":28.0,"turns":6.0},{"damage":0.0,"enemies":"Snake Plant","floor":30.0,"turns":5.0},{"damage":7.0,"enemies":"Centurion and Healer","floor":31.0,"turns":9.0},{"damage":4.0,"enemies":"Champ","floor":33.0,"turns":15.0},{"damage":39.0,"enemies":"3 Darklings","floor":35.0,"turns":5.0},{"damage":4.0,"enemies":"Orb Walker","floor":41.0,"turns":4.0},{"damage":0.0,"enemies":"Maw","floor":45.0,"turns":5.0},{"damage":0.0,"enemies":"4 Shapes","floor":46.0,"turns":7.0},{"damage":7.0,"enemies":"Giant Head","floor":47.0,"turns":9.0},{"damage":0.0,"enemies":"Sphere and 2 Shapes","floor":48.0,"turns":5.0},{"damage":28,"enemies":"Awakened One","floor":50,"turns":2}],"seed_played":"-7216546476241231187","potions_obtained":[{"floor":8.0,"key":"LiquidBronze"},{"floor":13.0,"key":"DuplicationPotion"},{"floor":16.0,"key":"Dexterity Potion"},{"floor":25.0,"key":"FocusPotion"},{"floor":33.0,"key":"FocusPotion"},{"floor":47.0,"key":"GamblersBrew"}],"is_trial":false,"path_per_floor":["M","?","?","?","$","E","R","E","T","$","?","E","M","M","R","B",null,"M","M","T","M","$","E","R","M","T","R","M","R","M","M","R","B",null,"M","?","?","$","?","R","M","R","T","$","M","M","E","M","R","B"],"character_chosen":"DEFECT","items_purchased":["Defragment","Ball Lightning","Turbo","Heatsinks","DollysMirror","Ancient Tea Set","Centennial Puzzle","DistilledChaos"],"campfire_rested":1,"item_purchase_floors":[10,10,22,38,38,44,44,44],"current_hp_per_floor":[64,69,69,46,46,46,46,46,56,56,56,46,39,39,39,24,71,53,29,29,28,28,19,19,14,21,48,44,44,44,37,37,33,78,39,29,29,29,29,29,25,25,25,25,25,25,18,18,18,0,0],"gold":579,"neow_bonus":"THREE_ENEMY_KILL","is_daily":false,"chose_seed":false,"campfire_upgraded":7,"win_rate":0.0,"timestamp":1612069835,"path_taken":["M","?","?","?","$","E","R","E","T","$","?","E","M","?","R","BOSS","M","?","?","M","$","E","R","M","T","R","M","R","M","M","R","BOSS","M","?","?","$","?","R","M","R","T","$","M","?","E","M","R","BOSS"],"items_purchased_type":["Card","Card","Card","Card","Relic","Relic","Relic","Potion"],"build_version":"2020-12-22","purchased_purges":3,"victory":false,"max_hp_per_floor":[71,76,76,76,76,76,76,76,86,86,86,86,86,86,86,86,86,86,86,86,86,86,86,86,86,93,93,93,93,93,93,93,93,93,93,93,93,93,93,93,93,93,93,93,93,93,93,93,93,93,93],"relic_stats":{"Centennial Puzzle":[6],"Inserter":[18],"counters":[23,129],"Ornamental Fan":[60],"obtain_stats":[{"Pear":9,"Inserter":34,"NeowsBlessing":0,"Vajra":8,"Oddly Smooth Stone":43,"The Courier":47,"Empty Cage":17,"Ancient Tea Set":44,"Cables":23,"DataDisk":6,"Centennial Puzzle":44,"Ornamental Fan":12,"DollysMirror":38,"Strawberry":26,"Cracked Core":0},{"Pear":3,"Inserter":16,"NeowsBlessing":0,"Vajra":3,"Oddly Smooth Stone":18,"The Courier":21,"Empty Cage":7,"Ancient Tea Set":18,"Cables":11,"DataDisk":2,"Centennial Puzzle":18,"Ornamental Fan":4,"DollysMirror":17,"Strawberry":12,"Cracked Core":0},{"Pear":3,"Inserter":92,"NeowsBlessing":0,"Vajra":3,"Oddly Smooth Stone":101,"The Courier":122,"Empty Cage":24,"Ancient Tea Set":101,"Cables":53,"DataDisk":2,"Centennial Puzzle":101,"Ornamental Fan":9,"DollysMirror":97,"Strawberry":57,"Cracked Core":0}],"Cables":[73,39,24,0,10]},"card_choices":[{"not_picked":["Conserve Battery","Fusion"],"picked":"Compile Driver","floor":1.0},{"not_picked":["Reinforced Body","Melter","Meteor Strike"],"picked":"SKIP","floor":6.0},{"not_picked":["Reinforced Body","Melter"],"picked":"Meteor Strike","floor":6.0},{"not_picked":["Doom and Gloom","Aggregate"],"picked":"Undo","floor":8.0},{"not_picked":["Stack","Force Field"],"picked":"Glacier","floor":12.0},{"not_picked":["Rebound","Barrage","Cold Snap"],"picked":"SKIP","floor":13.0},{"not_picked":["Steam","Hello World"],"picked":"Auto Shields","floor":14.0},{"not_picked":["Reboot","Machine Learning"],"picked":"Biased Cognition","floor":16.0},{"not_picked":["Conserve Battery","Glacier","Redo"],"picked":"SKIP","floor":18.0},{"not_picked":["Gash+1","Force Field+1"],"picked":"Leap+1","floor":19.0},{"not_picked":["Darkness","Conserve Battery","Gash"],"picked":"SKIP","floor":21.0},{"not_picked":["Tempest","Beam Cell"],"picked":"Echo Form","floor":23.0},{"not_picked":["Sweeping Beam","Steam","Barrage"],"picked":"SKIP","floor":25.0},{"not_picked":["Steam","Cold Snap","Barrage"],"picked":"SKIP","floor":28.0},{"not_picked":["Tempest","Leap","Redo"],"picked":"SKIP","floor":30.0},{"not_picked":["Rainbow","Rebound+1","Steam+1"],"picked":"SKIP","floor":31.0},{"not_picked":["Reboot","Multi-Cast"],"picked":"Creative AI","floor":33.0},{"not_picked":["Leap","Ball Lightning","Rebound"],"picked":"SKIP","floor":35.0},{"not_picked":["Good Instincts","Impatience"],"picked":"Master of Strategy","floor":36.0},{"not_picked":["Dark Shackles","Mayhem"],"picked":"Panacea","floor":36.0},{"not_picked":["Sweeping Beam","Beam Cell"],"picked":"Heatsinks","floor":41.0},{"not_picked":["Darkness","Melter"],"picked":"Go for the Eyes","floor":45.0},{"not_picked":["Conserve Battery","Ball Lightning","Genetic Algorithm+1"],"picked":"SKIP","floor":46.0},{"not_picked":["Cold Snap","Barrage","Conserve Battery"],"picked":"SKIP","floor":47.0},{"not_picked":["Sweeping Beam","Reprogram","Go for the Eyes+1"],"picked":"SKIP","floor":48.0}],"player_experience":1464684,"relics_obtained":[{"floor":6.0,"key":"DataDisk"},{"floor":8.0,"key":"Vajra"},{"floor":9.0,"key":"Pear"},{"floor":12.0,"key":"Ornamental Fan"},{"floor":23.0,"key":"Cables"},{"floor":26.0,"key":"Strawberry"},{"floor":43.0,"key":"Oddly Smooth Stone"},{"floor":47.0,"key":"The Courier"}],"event_choices":[{"damage_healed":0.0,"max_hp_gain":5.0,"max_hp_loss":0.0,"gold_gain":0.0,"event_name":"Big Fish","player_choice":"Donut","floor":2.0,"gold_loss":0.0,"damage_taken":0.0},{"cards_removed":["Strike_B"],"damage_healed":0.0,"max_hp_gain":0.0,"max_hp_loss":0.0,"gold_gain":0.0,"event_name":"The Cleric","player_choice":"Card Removal","floor":3.0,"gold_loss":75.0,"damage_taken":0.0},{"damage_healed":0.0,"max_hp_gain":0.0,"max_hp_loss":0.0,"gold_gain":0.0,"event_name":"Shining Light","player_choice":"Entered Light","floor":4.0,"gold_loss":0.0,"damage_taken":23.0,"cards_upgraded":["Defend_B","Strike_B"]},{"damage_healed":0.0,"max_hp_gain":0.0,"max_hp_loss":0.0,"gold_gain":0.0,"event_name":"Accursed Blacksmith","player_choice":"Forge","floor":11.0,"gold_loss":0.0,"damage_taken":0.0,"cards_upgraded":["Defragment"]},{"damage_healed":0.0,"max_hp_gain":0.0,"max_hp_loss":0.0,"gold_gain":0.0,"event_name":"SensoryStone","player_choice":"Memory 3","floor":36.0,"gold_loss":0.0,"damage_taken":10.0},{"damage_healed":0.0,"max_hp_gain":0.0,"max_hp_loss":0.0,"gold_gain":999.0,"event_name":"MindBloom","player_choice":"Gold","floor":37.0,"gold_loss":0.0,"damage_taken":0.0,"cards_obtained":["Normality","Normality"]},{"cards_removed":["Strike_B"],"damage_healed":0.0,"max_hp_gain":0.0,"max_hp_loss":0.0,"gold_gain":0.0,"event_name":"Falling","player_choice":"Removed Attack","floor":39.0,"gold_loss":0.0,"damage_taken":0.0}],"is_beta":false,"boss_relics":[{"not_picked":["Tiny House","SlaversCollar"],"picked":"Empty Cage"},{"not_picked":["Pandora\u0027s Box","Runic Pyramid"],"picked":"Inserter"}],"items_purged_floors":[22,38,44],"is_endless":false,"potions_floor_spawned":[8,13,14,16,18,25,30,31,33,47,48],"killed_by":"Awakened One","ascension_level":20}}