{"host":"6jrd8fn9k88n08be","time":1612068629,"event":{"mods":["BaseMod","Minty Spire (QoL Compilation)","StSLib"],"gold_per_floor":[116,133,150,176,176,176,201,216,243,259,300,375,375,74,83,188,188,213,213,235,259,259,259,259],"floor_reached":23,"language":"ENG","playtime":1045,"items_purged":["Strike_B"],"score":289,"play_id":"d1ec7817-e54f-4036-bc28-8db9e1ea60d1","local_time":"20210130235029","is_ascension_mode":true,"campfire_choices":[{"data":"Darkness","floor":6.0,"key":"SMITH"},{"floor":15.0,"key":"REST"}],"circlet_count":0,"master_deck":["Strike_B","Strike_B","Defend_B","Defend_B","Zap","Dualcast","Leap","Darkness+1","Capacitor","Buffer","Streamline","Barrage+1","Multi-Cast","Force Field","Glacier","Rainbow","Lockon+1","Conserve Battery","Barrage"],"relics":["Cracked Core","NeowsBlessing","Oddly Smooth Stone","Dream Catcher","Regal Pillow","CeramicFish","Meat on the Bone","OrangePellets","Empty Cage"],"acts_visited":["Exordium","TheCity"],"potions_floor_usage":[],"damage_taken":[{"damage":0.0,"enemies":"Cultist","floor":1.0,"turns":1.0},{"damage":0.0,"enemies":"Jaw Worm","floor":2.0,"turns":1.0},{"damage":0.0,"enemies":"Small Slimes","floor":3.0,"turns":1.0},{"damage":18.0,"enemies":"Lagavulin","floor":7.0,"turns":7.0},{"damage":1.0,"enemies":"Looter","floor":8.0,"turns":3.0},{"damage":16.0,"enemies":"Exordium Thugs","floor":10.0,"turns":5.0},{"damage":20.0,"enemies":"Gremlin Nob","floor":11.0,"turns":4.0},{"damage":0.0,"enemies":"Slime Boss","floor":16.0,"turns":11.0},{"damage":22.0,"enemies":"Spheric Guardian","floor":18.0,"turns":6.0},{"damage":16,"enemies":"Chosen","floor":20,"turns":5},{"damage":22,"enemies":"Snake Plant","floor":21,"turns":4},{"damage":50,"enemies":"Gremlin Leader","floor":23,"turns":4}],"seed_played":"2867136359705936272","potions_obtained":[{"floor":1.0,"key":"BlessingOfTheForge"},{"floor":2.0,"key":"FearPotion"},{"floor":5.0,"key":"EssenceOfDarkness"},{"floor":5.0,"key":"PotionOfCapacity"},{"floor":11.0,"key":"SkillPotion"},{"floor":16.0,"key":"FearPotion"},{"floor":18,"key":"Dexterity Potion"},{"floor":20,"key":"Fire Potion"}],"is_trial":false,"path_per_floor":["M","M","M","T","?","R","E","M","T","M","E","?","?","$","R","B",null,"M","?","M","M","?","E"],"character_chosen":"DEFECT","items_purchased":["OrangePellets","Force Field"],"campfire_rested":1,"item_purchase_floors":[14,14],"current_hp_per_floor":[75,75,75,75,75,75,57,56,56,40,20,9,2,2,39,39,75,53,53,49,39,39,0,0],"gold":259,"neow_bonus":"THREE_ENEMY_KILL","is_daily":false,"chose_seed":false,"campfire_upgraded":1,"win_rate":0.0,"timestamp":1612068629,"path_taken":["M","M","M","?","?","R","E","?","T","M","E","?","?","$","R","BOSS","M","?","?","M","?","E"],"items_purchased_type":["Relic","Card"],"build_version":"2020-12-22","purchased_purges":1,"victory":false,"max_hp_per_floor":[75,75,75,75,75,75,75,75,75,75,75,75,75,75,75,75,75,75,75,75,75,75,75,75],"card_choices":[{"not_picked":["FTL","Consume"],"picked":"Leap","floor":1.0},{"not_picked":["Streamline","Compile Driver"],"picked":"Darkness","floor":2.0},{"not_picked":["Fusion","Reprogram"],"picked":"Capacitor","floor":3.0},{"not_picked":["Fusion","Streamline"],"picked":"Buffer","floor":7.0},{"not_picked":["Heatsinks","Scrape"],"picked":"Streamline","floor":8.0},{"not_picked":["Beam Cell","Doom and Gloom"],"picked":"Barrage","floor":10.0},{"not_picked":["Conserve Battery","Cold Snap"],"picked":"Multi-Cast","floor":11.0},{"not_picked":["Barrage","Beam Cell"],"picked":"Glacier","floor":15.0},{"not_picked":["Buffer","Seek"],"picked":"Rainbow","floor":16.0},{"not_picked":["Leap","Chaos"],"picked":"Lockon+1","floor":18},{"not_picked":["Sweeping Beam","Ball Lightning"],"picked":"Conserve Battery","floor":20},{"not_picked":["Gash","Redo"],"picked":"Barrage","floor":21}],"player_experience":137812,"relics_obtained":[{"floor":4.0,"key":"Oddly Smooth Stone"},{"floor":7.0,"key":"Dream Catcher"},{"floor":9.0,"key":"Regal Pillow"},{"floor":11.0,"key":"CeramicFish"}],"event_choices":[{"damage_healed":0.0,"max_hp_gain":0.0,"max_hp_loss":0.0,"gold_gain":0.0,"event_name":"Lab","player_choice":"Got Potions","floor":5.0,"gold_loss":0.0,"damage_taken":0.0},{"damage_healed":0.0,"max_hp_gain":0.0,"max_hp_loss":0.0,"gold_gain":75.0,"event_name":"World of Goop","player_choice":"Gather Gold","floor":12.0,"gold_loss":0.0,"damage_taken":11.0},{"damage_healed":0.0,"max_hp_gain":0.0,"max_hp_loss":0.0,"gold_gain":0.0,"event_name":"Scrap Ooze","player_choice":"Success","floor":13.0,"gold_loss":0.0,"damage_taken":7.0,"relics_obtained":["Meat on the Bone"]},{"damage_healed":0,"gold_gain":0,"player_choice":"Upgraded","damage_taken":0,"max_hp_gain":0,"max_hp_loss":0,"event_name":"Upgrade Shrine","floor":19,"gold_loss":0,"cards_upgraded":["Barrage"]},{"cards_removed":["Strike_B"],"damage_healed":0,"gold_gain":0,"player_choice":"Purged","damage_taken":0,"max_hp_gain":0,"max_hp_loss":0,"event_name":"Purifier","floor":22,"gold_loss":0}],"is_beta":false,"boss_relics":[{"not_picked":["Pandora\u0027s Box","Coffee Dripper"],"picked":"Empty Cage"}],"items_purged_floors":[14],"is_endless":false,"potions_floor_spawned":[1,2,11,16,18,20,21],"killed_by":"Gremlin Leader","ascension_level":3}}