{"host":"3a1ypf1irl30q4k8","time":1612097209,"event":{"mods":["AchievementEnabler","BaseMod","Bestiary","Colored Map","Minty Spire (QoL Compilation)","Relic Stats"],"gold_per_floor":[363,383,383,0,14,14,39,39,110,136,136,161,172,183,183,278,278,296,296,309,309,319,349,349,375,426,97,97,109,109,109,109,205,205,222,71,71,85,96,96,114,139,210,210,220,220,220,220,220,220,220,220,18,53,53,53],"floor_reached":55,"language":"ENG","playtime":3481,"items_purged":["Strike_P","Defend_P"],"score":1035,"play_id":"7d35ea29-5c0d-44df-8004-13eaf4bbd55a","local_time":"20210131124649","is_ascension_mode":true,"campfire_choices":[{"data":"Worship","floor":6,"key":"SMITH"},{"data":"Consecrate","floor":11,"key":"SMITH"},{"floor":15,"key":"REST"},{"floor":24,"key":"REST"},{"floor":30,"key":"REST"},{"data":"Halt","floor":32,"key":"SMITH"},{"floor":40,"key":"RECALL"},{"floor":47,"key":"REST"},{"data":"LikeWater","floor":49,"key":"SMITH"},{"data":"Vigilance","floor":52,"key":"SMITH"}],"circlet_count":0,"master_deck":["Strike_P+1","Defend_P","Defend_P","Eruption+1","Vigilance+1","Consecrate+1","Worship+1","Prostrate+1","CutThroughFate+1","WreathOfFlame+1","Tantrum+1","FlurryOfBlows+1","Conclude+1","ClearTheMind+1","Consecrate+1","LessonLearned+1","EmptyBody+1","EmptyBody+1","Worship+1","BowlingBash+1","ClearTheMind+1","Fasting2+1","Halt+1","EmptyFist+1","LikeWater+1","Devotion","BattleHymn+1","FollowUp+1","ConjureBlade","MentalFortress+1","ThirdEye+1","ClearTheMind+1","LikeWater","Crescendo"],"relics":["PureWater","Damaru","Membership Card","Molten Egg 2","PreservedInsect","HornCleat","Potion Belt","Juzu Bracelet","Empty Cage","CultistMask","Bag of Preparation","Gremlin Horn","Whetstone","Pear","Busted Crown","Bag of Marbles","War Paint","Thread and Needle","Kunai"],"acts_visited":["Exordium","TheCity","TheBeyond","TheEnding"],"potions_floor_usage":[10,13,13,20,23,25,33,33,33,41,50,50,55],"damage_taken":[{"damage":0,"enemies":"2 Louse","floor":1,"turns":2},{"damage":0,"enemies":"Small Slimes","floor":2,"turns":2},{"damage":0,"enemies":"Cultist","floor":5,"turns":2},{"damage":0,"enemies":"Lagavulin","floor":7,"turns":3},{"damage":4,"enemies":"Gremlin Nob","floor":10,"turns":3},{"damage":2,"enemies":"3 Sentries","floor":12,"turns":2},{"damage":8,"enemies":"3 Louse","floor":13,"turns":2},{"damage":1,"enemies":"Looter","floor":14,"turns":2},{"damage":0,"enemies":"Slime Boss","floor":16,"turns":3},{"damage":23,"enemies":"Shell Parasite","floor":18,"turns":3},{"damage":0,"enemies":"Spheric Guardian","floor":20,"turns":3},{"damage":15,"enemies":"Cultist and Chosen","floor":22,"turns":4},{"damage":9,"enemies":"Gremlin Leader","floor":23,"turns":3},{"damage":0,"enemies":"Slavers","floor":25,"turns":3},{"damage":12,"enemies":"Snake Plant","floor":29,"turns":2},{"damage":0,"enemies":"Collector","floor":33,"turns":4},{"damage":8,"enemies":"Orb Walker","floor":35,"turns":2},{"damage":11,"enemies":"3 Darklings","floor":38,"turns":4},{"damage":0,"enemies":"Sphere and 2 Shapes","floor":39,"turns":2},{"damage":0,"enemies":"Spire Growth","floor":41,"turns":3},{"damage":0,"enemies":"Reptomancer","floor":42,"turns":2},{"damage":8,"enemies":"4 Shapes","floor":45,"turns":5},{"damage":28,"enemies":"Time Eater","floor":50,"turns":6},{"damage":35,"enemies":"Shield and Spear","floor":54,"turns":4},{"damage":141,"enemies":"The Heart","floor":55,"turns":6}],"seed_played":"-8797438193984031975","potions_obtained":[{"floor":2,"key":"BlessingOfTheForge"},{"floor":7,"key":"ColorlessPotion"},{"floor":10,"key":"BottledMiracle"},{"floor":13,"key":"FearPotion"},{"floor":14,"key":"Fire Potion"},{"floor":18,"key":"ColorlessPotion"},{"floor":22,"key":"Ancient Potion"},{"floor":31,"key":"Explosive Potion"},{"floor":35,"key":"Strength Potion"},{"floor":39,"key":"SmokeBomb"},{"floor":54,"key":"SteroidPotion"}],"is_trial":false,"path_per_floor":["M","M","?","$","M","R","E","?","T","E","R","E","M","M","R","B",null,"M","?","M","?","M","E","R","E","T","$","?","M","R","?","R","B",null,"M","$","?","M","M","R","M","E","T","?","M","?","R","?","R","B",null,"R","$","E","B"],"character_chosen":"WATCHER","items_purchased":["Membership Card","Prostrate","Molten Egg 2","CutThroughFate+1","WreathOfFlame","Pear","Halt","EmptyFist+1","Explosive Potion","Fire Potion","FairyPotion","Bag of Marbles","Fruit Juice","FollowUp+1","LikeWater","Thread and Needle","Crescendo"],"campfire_rested":4,"item_purchase_floors":[4,4,4,4,4,27,27,27,27,27,27,36,36,36,53,53,53],"current_hp_per_floor":[65,65,40,40,40,40,40,40,40,36,36,34,26,25,44,44,65,42,42,42,42,27,18,37,37,37,47,33,21,45,45,45,45,80,72,72,72,61,61,61,66,66,66,66,58,58,83,83,83,55,85,85,85,50,0,0],"gold":53,"neow_bonus":"TWO_FIFTY_GOLD","is_daily":false,"chose_seed":false,"campfire_upgraded":5,"win_rate":0.0,"timestamp":1612097209,"path_taken":["M","M","?","$","M","R","E","?","T","E","R","E","M","M","R","BOSS","M","?","M","?","M","E","R","E","T","$","?","M","R","?","R","BOSS","M","$","?","M","M","R","M","E","T","?","M","?","R","?","R","BOSS","R","$","E","BOSS"],"items_purchased_type":["Relic","Card","Relic","Card","Card","Relic","Card","Card","Potion","Potion","Potion","Relic","Potion","Card","Card","Relic","Card"],"build_version":"2020-12-22","purchased_purges":2,"victory":false,"max_hp_per_floor":[65,65,65,65,65,65,65,65,65,65,65,65,65,65,65,65,65,65,65,65,65,65,65,65,65,65,75,80,80,80,80,80,80,80,80,80,80,80,80,80,85,85,85,85,85,85,85,85,85,85,85,85,85,85,85,85],"relic_stats":{"Busted Crown":14,"Gremlin Horn":[13,13],"counters":[25,77],"PreservedInsect":281,"Juzu Bracelet":2,"Bag of Preparation":[24],"Whetstone":[],"Kunai":[6],"War Paint":["Prostrate","Prostrate"],"obtain_stats":[{"Potion Belt":10,"Pear":27,"Gremlin Horn":25,"Damaru":3,"Thread and Needle":53,"PreservedInsect":7,"Juzu Bracelet":12,"Bag of Preparation":23,"Whetstone":26,"War Paint":42,"Empty Cage":17,"HornCleat":9,"Busted Crown":34,"Molten Egg 2":4,"CultistMask":19,"Bag of Marbles":36,"Membership Card":4,"Kunai":54,"PureWater":0},{"Potion Belt":5,"Pear":14,"Gremlin Horn":14,"Damaru":2,"Thread and Needle":23,"PreservedInsect":4,"Juzu Bracelet":6,"Bag of Preparation":13,"Whetstone":14,"War Paint":21,"Empty Cage":9,"HornCleat":4,"Busted Crown":16,"Molten Egg 2":2,"CultistMask":10,"Bag of Marbles":17,"Membership Card":2,"Kunai":24,"PureWater":0},{"Potion Belt":12,"Pear":37,"Gremlin Horn":37,"Damaru":4,"Thread and Needle":67,"PreservedInsect":9,"Juzu Bracelet":14,"Bag of Preparation":34,"Whetstone":37,"War Paint":56,"Empty Cage":21,"HornCleat":9,"Busted Crown":43,"Molten Egg 2":4,"CultistMask":24,"Bag of Marbles":45,"Membership Card":4,"Kunai":71,"PureWater":0}]},"card_choices":[{"not_picked":["Vengeance","FlurryOfBlows"],"picked":"Consecrate","floor":1},{"not_picked":["LikeWater","Meditate"],"picked":"Worship","floor":2},{"not_picked":["Perseverance","Crescendo"],"picked":"Tantrum+1","floor":5},{"not_picked":["Crescendo","Study"],"picked":"FlurryOfBlows+1","floor":7},{"not_picked":["FlurryOfBlows+1","Crescendo"],"picked":"Conclude+1","floor":10},{"not_picked":["BattleHymn","SashWhip+1"],"picked":"ClearTheMind","floor":12},{"not_picked":["BowlingBash+1","EmptyFist+1"],"picked":"Prostrate","floor":13},{"not_picked":["Protect","JustLucky+1"],"picked":"Consecrate+1","floor":14},{"not_picked":["Devotion","DevaForm"],"picked":"LessonLearned+1","floor":16},{"not_picked":["Crescendo+1","PathToVictory"],"picked":"EmptyBody","floor":18},{"not_picked":["FlurryOfBlows+1","ThirdEye"],"picked":"EmptyBody+1","floor":20},{"not_picked":["Evaluate","Protect+1"],"picked":"BowlingBash+1","floor":22},{"not_picked":["Crescendo","Tantrum+1"],"picked":"ClearTheMind+1","floor":23},{"not_picked":["DevaForm","FollowUp+1"],"picked":"Fasting2+1","floor":25},{"not_picked":["Consecrate+1","WreathOfFlame+1"],"picked":"LikeWater","floor":29},{"not_picked":["ConjureBlade","DeusExMachina"],"picked":"Devotion","floor":33},{"not_picked":[],"picked":"BattleHymn+1","floor":35},{"not_picked":[],"picked":"MentalFortress","floor":38},{"not_picked":[],"picked":"ThirdEye+1","floor":39},{"not_picked":[],"picked":"ClearTheMind+1","floor":41},{"not_picked":["SignatureMove+1"],"picked":"SKIP","floor":42},{"not_picked":["SignatureMove+1"],"picked":"SKIP","floor":42},{"not_picked":["CrushJoints+1"],"picked":"SKIP","floor":45},{"not_picked":["ForeignInfluence"],"picked":"SKIP","floor":54}],"player_experience":1263207,"relics_obtained":[{"floor":7,"key":"PreservedInsect"},{"floor":9,"key":"HornCleat"},{"floor":10,"key":"Potion Belt"},{"floor":12,"key":"Juzu Bracelet"},{"floor":23,"key":"Bag of Preparation"},{"floor":25,"key":"Gremlin Horn"},{"floor":26,"key":"Whetstone"},{"floor":42,"key":"War Paint"},{"floor":54,"key":"Kunai"}],"event_choices":[{"damage_healed":0,"gold_gain":0,"player_choice":"Success","damage_taken":25,"relics_obtained":["Damaru"],"max_hp_gain":0,"max_hp_loss":0,"event_name":"Scrap Ooze","floor":3,"gold_loss":0},{"damage_healed":0,"gold_gain":0,"player_choice":"Ignored","damage_taken":0,"max_hp_gain":0,"max_hp_loss":0,"event_name":"Liars Game","floor":8,"gold_loss":0},{"damage_healed":0,"gold_gain":0,"player_choice":"Trade","damage_taken":0,"relics_obtained":["CultistMask"],"max_hp_gain":0,"max_hp_loss":0,"event_name":"FaceTrader","floor":19,"gold_loss":0},{"damage_healed":0,"gold_gain":0,"player_choice":"Read","damage_taken":0,"max_hp_gain":0,"max_hp_loss":0,"event_name":"The Library","floor":21,"gold_loss":0,"cards_obtained":["Worship"]},{"damage_healed":0,"gold_gain":0,"player_choice":"Shed Blood","damage_taken":19,"max_hp_gain":5,"max_hp_loss":0,"event_name":"Forgotten Altar","floor":28,"gold_loss":0},{"damage_healed":0,"gold_gain":0,"player_choice":"Got Potions","damage_taken":0,"max_hp_gain":0,"max_hp_loss":0,"event_name":"Lab","floor":31,"gold_loss":0},{"damage_healed":0,"gold_gain":0,"cards_transformed":["Defend_P"],"player_choice":"Transformed","damage_taken":0,"max_hp_gain":0,"max_hp_loss":0,"event_name":"Transmorgrifier","floor":37,"gold_loss":0,"cards_obtained":["ConjureBlade"]},{"damage_healed":0,"gold_gain":0,"player_choice":"Ignored","damage_taken":0,"max_hp_gain":0,"max_hp_loss":0,"event_name":"Tomb of Lord Red Mask","floor":44,"gold_loss":0},{"damage_healed":0,"gold_gain":0,"player_choice":"Ignored","damage_taken":0,"max_hp_gain":0,"max_hp_loss":0,"event_name":"Mysterious Sphere","floor":46,"gold_loss":0},{"cards_removed":["Prostrate"],"damage_healed":0,"gold_gain":0,"player_choice":"Removed Skill","damage_taken":0,"max_hp_gain":0,"max_hp_loss":0,"event_name":"Falling","floor":48,"gold_loss":0}],"is_beta":false,"boss_relics":[{"not_picked":["Runic Dome","Sozu"],"picked":"Empty Cage"},{"not_picked":["VioletLotus","Calling Bell"],"picked":"Busted Crown"}],"items_purged_floors":[4,27],"is_endless":false,"potions_floor_spawned":[2,7,10,13,14,18,22,35,39,54],"killed_by":"The Heart","ascension_level":3}}