{"host":"jpcy2bclvs7juczu","time":1612134124,"event":{"mods":["Alarm Clock","BaseMod","Bestiary","Block Reminder","Colored Map","Colored Powertips","Curses Come First","Dark Map","Filter the Spire","Minty Spire (QoL Compilation)","Quick Restart","RNG Fix","Random Character Button","Relic Stats","Slay the Relics Exporter","Smile Girya","StSLib","everything is the same but u backflip on backflip","ojb\u0027s Better Paths Mod","ojb\u0027s Info Mod","slay the spire mod where everything is the same but ironclad has a cowboy hat"],"gold_per_floor":[119,139,214,2,18,344,344,344,367,367,398,415,446,456,456,529,529,544,556,556,556],"floor_reached":20,"language":"ENG","playtime":3303,"items_purged":[],"score":388,"play_id":"6143777e-3791-4cb2-b411-c65c91a8362b","local_time":"20210131180204","is_ascension_mode":true,"campfire_choices":[{"floor":7,"key":"REST"},{"data":"Finisher","floor":10,"key":"SMITH"},{"data":"Bouncing Flask","floor":15,"key":"SMITH"}],"circlet_count":0,"master_deck":["AscendersBane","Strike_G","Strike_G","Strike_G","Strike_G","Defend_G","Defend_G","Defend_G","Survivor","Neutralize","Masterful Stab+1","Caltrops+1","Bouncing Flask+1","Finisher+1","Endless Agony","Outmaneuver","All Out Attack","Storm of Steel","Deadly Poison","Corpse Explosion","Acrobatics","Dash"],"relics":["Astrolabe","Membership Card","Old Coin","Orichalcum","InkBottle","Kunai","Black Star"],"acts_visited":["Exordium","TheCity"],"potions_floor_usage":[16,20,20],"damage_taken":[{"damage":0,"enemies":"Small Slimes","floor":1,"turns":2},{"damage":0,"enemies":"Cultist","floor":2,"turns":3},{"damage":4,"enemies":"Jaw Worm","floor":5,"turns":3},{"damage":39,"enemies":"3 Sentries","floor":6,"turns":8},{"damage":23,"enemies":"Lagavulin","floor":11,"turns":5},{"damage":0,"enemies":"2 Fungi Beasts","floor":12,"turns":3},{"damage":10,"enemies":"3 Sentries","floor":13,"turns":6},{"damage":12,"enemies":"Large Slime","floor":14,"turns":5},{"damage":20,"enemies":"The Guardian","floor":16,"turns":8},{"damage":0,"enemies":"3 Byrds","floor":18,"turns":3},{"damage":21,"enemies":"Spheric Guardian","floor":19,"turns":4},{"damage":32,"enemies":"Centurion and Healer","floor":20,"turns":6}],"seed_played":"-193869865448253859","potions_obtained":[{"floor":5,"key":"Ancient Potion"},{"floor":6,"key":"Fire Potion"},{"floor":11,"key":"BlessingOfTheForge"},{"floor":18,"key":"PowerPotion"},{"floor":19,"key":"DistilledChaos"}],"is_trial":false,"path_per_floor":["M","M","?","$","M","E","R","?","T","R","E","M","E","M","R","B",null,"M","M","M"],"character_chosen":"THE_SILENT","items_purchased":["Membership Card","Finisher"],"campfire_rested":1,"item_purchase_floors":[4,4],"current_hp_per_floor":[59,59,48,48,44,5,24,66,66,66,43,43,33,21,21,1,50,50,29,0,0],"gold":556,"neow_bonus":"BOSS_RELIC","is_daily":false,"chose_seed":false,"campfire_upgraded":2,"win_rate":0.0,"timestamp":1612134124,"path_taken":["M","M","?","$","M","E","R","?","T","R","E","M","E","M","R","BOSS","M","M","M"],"items_purchased_type":["Relic","Card"],"build_version":"2020-12-22","purchased_purges":0,"victory":false,"max_hp_per_floor":[66,66,66,66,66,66,66,66,66,66,66,66,66,66,66,66,66,66,66,66,66],"relic_stats":{"counters":[12,56],"Astrolabe":["Calculated Gamble","Masterful Stab","Caltrops"],"Black Star":0,"Kunai":[11],"Orichalcum":[150],"obtain_stats":[{"Astrolabe":0,"Black Star":17,"Membership Card":4,"Kunai":13,"Orichalcum":9,"InkBottle":11,"Ring of the Snake":0,"Old Coin":6},{"Astrolabe":0,"Black Star":9,"Membership Card":2,"Kunai":7,"Orichalcum":4,"InkBottle":5,"Ring of the Snake":0,"Old Coin":4},{"Astrolabe":0,"Black Star":43,"Membership Card":5,"Kunai":30,"Orichalcum":16,"InkBottle":21,"Ring of the Snake":0,"Old Coin":16}],"InkBottle":[11]},"card_choices":[{"not_picked":["Bane","Dodge and Roll","Outmaneuver"],"picked":"SKIP","floor":1},{"not_picked":["Backflip","Deflect"],"picked":"Bouncing Flask","floor":2},{"not_picked":["Acrobatics","Bane"],"picked":"Endless Agony","floor":5},{"not_picked":["Tactician","Deflect","Blur"],"picked":"SKIP","floor":6},{"not_picked":["Terror","Backflip"],"picked":"Outmaneuver","floor":11},{"not_picked":["Bane","PiercingWail"],"picked":"All Out Attack","floor":12},{"not_picked":["Die Die Die","Deadly Poison"],"picked":"Storm of Steel","floor":13},{"not_picked":["Prepared","Acrobatics"],"picked":"Deadly Poison","floor":14},{"not_picked":["Grand Finale","Venomology"],"picked":"Corpse Explosion","floor":16},{"not_picked":["Flying Knee","Outmaneuver"],"picked":"Acrobatics","floor":18},{"not_picked":["Prepared","Phantasmal Killer"],"picked":"Dash","floor":19}],"player_experience":1522823,"relics_obtained":[{"floor":6,"key":"Old Coin"},{"floor":9,"key":"Orichalcum"},{"floor":11,"key":"InkBottle"},{"floor":13,"key":"Kunai"}],"event_choices":[{"damage_healed":0,"gold_gain":75,"player_choice":"Gather Gold","damage_taken":11,"max_hp_gain":0,"max_hp_loss":0,"event_name":"World of Goop","floor":3,"gold_loss":0},{"cards_removed":["Calculated Gamble"],"damage_healed":42,"gold_gain":0,"player_choice":"Offered Uncommon","damage_taken":0,"max_hp_gain":0,"max_hp_loss":0,"event_name":"Bonfire Elementals","floor":8,"gold_loss":0}],"is_beta":false,"boss_relics":[{"not_picked":["HoveringKite","Cursed Key"],"picked":"Black Star"}],"items_purged_floors":[],"is_endless":false,"potions_floor_spawned":[5,6,11,14,18,19],"killed_by":"Centurion and Healer","ascension_level":20}}