{"host":"y76clbnovzmw9ubx","time":1612130949,"event":{"mods":["AchievementEnabler","BaseMod","Minty Spire (QoL Compilation)","Permanent Neow","Relic Stats"],"gold_per_floor":[113,127,146,446,465,490,505,505,505,505,520,205,205,230,230,304,304,318,75,25,45,58,58,83,83,83,94,144,60,60,92,92,92,92],"floor_reached":33,"language":"ENG","playtime":2553,"items_purged":["Strike_G"],"score":640,"play_id":"b434f398-0abc-4fcc-8763-3d01eb935a30","local_time":"20210131170909","is_ascension_mode":true,"campfire_choices":[{"floor":8,"key":"REST"},{"data":"Catalyst","floor":10,"key":"SMITH"},{"data":"Burst","floor":15,"key":"SMITH"},{"floor":23,"key":"REST"},{"floor":25,"key":"REST"},{"floor":30,"key":"REST"},{"floor":32,"key":"REST"}],"circlet_count":0,"master_deck":["AscendersBane","Strike_G","Strike_G","Strike_G","Defend_G","Defend_G","Defend_G","Defend_G","Defend_G","Survivor","Neutralize","Burst+1","Poisoned Stab","Predator","Endless Agony","Catalyst+1","Dodge and Roll","Sadistic Nature+1","Dagger Spray","Backstab+1","Die Die Die+1","Slice+1","Infinite Blades","Poisoned Stab+1","Deflect+1","Footwork","Backflip","Skewer+1","Blur"],"relics":["Ring of the Snake","Old Coin","Nunchaku","Anchor","Molten Egg 2","SlaversCollar","OrangePellets","White Beast Statue","Ninja Scroll","Letter Opener"],"acts_visited":["Exordium","TheCity"],"potions_floor_usage":[6,7,16,16,18,21,24,27,31],"damage_taken":[{"damage":2,"enemies":"Small Slimes","floor":1,"turns":7},{"damage":0,"enemies":"Cultist","floor":2,"turns":4},{"damage":0,"enemies":"2 Louse","floor":3,"turns":3},{"damage":1,"enemies":"Large Slime","floor":5,"turns":6},{"damage":28,"enemies":"Gremlin Nob","floor":6,"turns":4},{"damage":14,"enemies":"Gremlin Gang","floor":7,"turns":6},{"damage":1,"enemies":"Exordium Wildlife","floor":11,"turns":5},{"damage":2,"enemies":"3 Sentries","floor":14,"turns":7},{"damage":45,"enemies":"The Guardian","floor":16,"turns":17},{"damage":0,"enemies":"2 Thieves","floor":18,"turns":2},{"damage":24,"enemies":"Spheric Guardian","floor":21,"turns":7},{"damage":7,"enemies":"3 Cultists","floor":22,"turns":4},{"damage":14,"enemies":"Gremlin Leader","floor":24,"turns":4},{"damage":38,"enemies":"Sentry and Sphere","floor":27,"turns":7},{"damage":0,"enemies":"Slavers","floor":31,"turns":4},{"damage":63,"enemies":"Automaton","floor":33,"turns":6}],"seed_played":"1644445359441309951","potions_obtained":[{"floor":1,"key":"GamblersBrew"},{"floor":3,"key":"Poison Potion"},{"floor":5,"key":"CunningPotion"},{"floor":11,"key":"EssenceOfSteel"},{"floor":14,"key":"Fire Potion"},{"floor":16,"key":"AttackPotion"},{"floor":18,"key":"ColorlessPotion"},{"floor":22,"key":"LiquidMemories"},{"floor":24,"key":"PowerPotion"},{"floor":27,"key":"FearPotion"},{"floor":31,"key":"Fruit Juice"}],"is_trial":false,"path_per_floor":["M","M","M","?","M","E","M","R","T","R","M","$","?","E","R","B",null,"M","$","?","M","M","R","E","R","T","M","?","$","R","E","R","B"],"character_chosen":"THE_SILENT","items_purchased":["Sadistic Nature","Dagger Spray","OrangePellets","Infinite Blades","Skewer+1"],"campfire_rested":5,"item_purchase_floors":[12,12,19,19,29],"current_hp_per_floor":[57,57,57,57,56,28,14,33,33,33,32,32,54,52,52,7,51,51,51,51,27,20,39,25,44,44,6,6,6,25,25,44,0,0],"gold":92,"neow_bonus":"TRANSFORM_CARD","is_daily":false,"chose_seed":false,"campfire_upgraded":2,"win_rate":0.0,"timestamp":1612130949,"path_taken":["M","M","M","?","M","E","M","R","T","R","?","$","?","E","R","BOSS","M","$","?","M","?","R","E","R","T","M","?","?","R","E","R","BOSS"],"items_purchased_type":["Card","Card","Relic","Card","Card"],"build_version":"2020-12-22","purchased_purges":1,"victory":false,"max_hp_per_floor":[66,66,66,66,66,66,66,66,66,66,66,66,66,66,66,66,66,66,66,66,66,66,66,66,66,66,66,66,66,66,66,66,66,66],"relic_stats":{"OrangePellets":[3],"Nunchaku":[17],"counters":[16,93],"Letter Opener":[10],"obtain_stats":[{"SlaversCollar":17,"OrangePellets":19,"Nunchaku":6,"Anchor":9,"Ninja Scroll":26,"Molten Egg 2":14,"Letter Opener":31,"White Beast Statue":24,"Ring of the Snake":0,"Old Coin":4},{"SlaversCollar":9,"OrangePellets":10,"Nunchaku":5,"Anchor":6,"Ninja Scroll":13,"Molten Egg 2":8,"Letter Opener":15,"White Beast Statue":13,"Ring of the Snake":0,"Old Coin":3},{"SlaversCollar":59,"OrangePellets":61,"Nunchaku":24,"Anchor":30,"Ninja Scroll":76,"Molten Egg 2":42,"Letter Opener":87,"White Beast Statue":76,"Ring of the Snake":0,"Old Coin":14}],"Ring of the Snake":[32]},"card_choices":[{"not_picked":["Flechettes","Dagger Throw"],"picked":"Poisoned Stab","floor":1},{"not_picked":["Slice","Concentrate"],"picked":"Predator","floor":2},{"not_picked":["Blade Dance","Acrobatics"],"picked":"Endless Agony","floor":3},{"not_picked":["Cloak And Dagger","Crippling Poison","Choke"],"picked":"SKIP","floor":5},{"not_picked":["Sucker Punch","Tools of the Trade","Backflip"],"picked":"SKIP","floor":6},{"not_picked":["Masterful Stab","Escape Plan"],"picked":"Catalyst","floor":7},{"not_picked":["Cloak And Dagger","Endless Agony"],"picked":"Dodge and Roll","floor":11},{"not_picked":["Heel Hook+1","Outmaneuver"],"picked":"Backstab+1","floor":14},{"not_picked":["Phantasmal Killer","Doppelganger"],"picked":"Die Die Die+1","floor":16},{"not_picked":["Blade Dance","Underhanded Strike+1"],"picked":"Slice+1","floor":18},{"not_picked":["Prepared","Cloak And Dagger"],"picked":"Poisoned Stab+1","floor":21},{"not_picked":["Reflex","PiercingWail"],"picked":"Deflect+1","floor":22},{"not_picked":["Caltrops+1","Blade Dance"],"picked":"Footwork","floor":24},{"not_picked":["Bane+1","Dodge and Roll"],"picked":"Backflip","floor":27},{"not_picked":["Acrobatics","All Out Attack+1"],"picked":"Blur","floor":31}],"player_experience":3171718,"relics_obtained":[{"floor":6,"key":"Nunchaku"},{"floor":9,"key":"Anchor"},{"floor":14,"key":"Molten Egg 2"},{"floor":24,"key":"White Beast Statue"},{"floor":26,"key":"Ninja Scroll"},{"floor":31,"key":"Letter Opener"}],"event_choices":[{"damage_healed":0,"gold_gain":0,"player_choice":"Gave Potion","damage_taken":0,"relics_obtained":["Old Coin"],"max_hp_gain":0,"max_hp_loss":0,"event_name":"WeMeetAgain","floor":4,"gold_loss":0},{"damage_healed":22,"gold_gain":0,"player_choice":"Banana","damage_taken":0,"max_hp_gain":0,"max_hp_loss":0,"event_name":"Big Fish","floor":13,"gold_loss":0},{"damage_healed":0,"gold_gain":0,"player_choice":"Upgrade","damage_taken":0,"max_hp_gain":0,"max_hp_loss":0,"event_name":"Designer","floor":20,"gold_loss":50,"cards_upgraded":["Sadistic Nature"]},{"damage_healed":0,"gold_gain":50,"player_choice":"Stole From Cult","damage_taken":0,"max_hp_gain":0,"max_hp_loss":0,"event_name":"Nest","floor":28,"gold_loss":0}],"is_beta":false,"boss_relics":[{"not_picked":["HoveringKite","Snecko Eye"],"picked":"SlaversCollar"}],"items_purged_floors":[12],"is_endless":false,"potions_floor_spawned":[1,3,5,11,14,16,18,22,24,27,31],"killed_by":"Automaton","ascension_level":20}}