{"host":"jw4qy1ihmjslahm8","time":1612093821,"event":{"mods":["Act Like it!","BaseMod","BetterRewards","Colored Map","Downfall","Gensokyo","HololiveMod","Hubris","Infinite Spire","MarisaÅiñ∂âJÅ@ñÇóùçπÅj","Minty Spire (QoL Compilation)","Replay The Spire","StSLib","The Animator"],"gold_per_floor":[371,371,410,433,433,433,433,472,472,488,525,550,550,583,583,686,686,714,714,739,563,585,585,612,612,648,648,648,648,700,700,813,813,861,861,627,627,647,647,667,667,694,712,762,772,372,372,372],"floor_reached":51,"language":"ENG","playtime":3219,"items_purged":[],"score":694,"play_id":"9930a9a6-6ce8-4dd3-b85f-91d4519d89b6","local_time":"20210131035021","is_ascension_mode":false,"campfire_choices":[{"data":"animator:Jibril","floor":6,"key":"SMITH"},{"floor":13,"key":"REST"},{"data":"animator:CrowleyEusford","floor":15,"key":"SMITH"},{"data":"animator:Kira","floor":23,"key":"SMITH"},{"floor":28,"key":"REST"},{"data":"animator:Berserker","floor":30,"key":"SMITH"},{"data":"animator:RoryMercury","floor":32,"key":"SMITH"},{"data":"animator:Saber","floor":40,"key":"SMITH"},{"floor":42,"key":"REST"},{"floor":49,"key":"REST"}],"circlet_count":0,"master_deck":["animator:Defend_Kancolle","animator:Defend","animator:Shimakaze","animator:EmiyaShirou","animator:Rena","animator:Jibril+1","animator:Kuribayashi","animator:RoryMercury+1","animator:Chung","animator:CrowleyEusford+1","animator:Lu+1","animator:Guren","Replay:Sluggish","animator:YaoHaDucy","animator:Berserker+1","animator:Witch+1","animator:Kira+1","animator:Yoichi","animator:Ara","animator:ShinjiMatou","Slimebound:Tackle+1","Slimebound:Tackle+1","Slimebound:Tackle+1","animator:Albedo+1","animator:Ciel","Gensokyo:Shovel","Gensokyo:HAARP","animator:Saber+1","animator:Illya+1","animator:Cocytus+1","animator:Aisha","animator:ItamiYouji","animator:Berserker","animator:Witch"],"relics":["animator:TheMissingPiece","animator:PurgingStone","Replay:Wanted Poster","hubris:Icosahedron","Gensokyo:PortableGap","hubris:TinFlute","Kintsugi","Hololive_LightStick","Red Mask","ReplayFunnel","hubris:GrandSneckoEye","Anchor","ReplayTheSpireMod:Lightbulb","Happy Flower","Whetstone"],"acts_visited":["Gensokyo:Gensokyo","TheCity","Gensokyo:Gensokyoest"],"potions_floor_usage":[16,16,16,33,44,45,46,50],"damage_taken":[{"damage":3,"enemies":"Gensokyo:Python","floor":1,"turns":4},{"damage":1,"enemies":"Gensokyo:2_Kodama","floor":3,"turns":4},{"damage":0,"enemies":"Gensokyo:3_Fairies","floor":4,"turns":4},{"damage":6,"enemies":"Gensokyo:3_Kodama","floor":8,"turns":5},{"damage":3,"enemies":"Gensokyo:Gryphon_and_Rabbit","floor":10,"turns":3},{"damage":0,"enemies":"Gensokyo:5_Fairies","floor":11,"turns":4},{"damage":2,"enemies":"Gensokyo:VengefulSpirit","floor":12,"turns":4},{"damage":4,"enemies":"Gensokyo:2_Rabbits","floor":14,"turns":3},{"damage":45,"enemies":"Gensokyo:Reimu","floor":16,"turns":10},{"damage":0,"enemies":"Chosen","floor":18,"turns":4},{"damage":0,"enemies":"Spheric Guardian","floor":20,"turns":3},{"damage":2,"enemies":"Centurion and Healer","floor":22,"turns":5},{"damage":13,"enemies":"Snake Plant","floor":24,"turns":4},{"damage":0,"enemies":"Masked Bandits","floor":27,"turns":3},{"damage":41,"enemies":"hubris:MusketHawk","floor":33,"turns":7},{"damage":0,"enemies":"Gensokyo:3_Bats","floor":35,"turns":3},{"damage":12,"enemies":"Gensokyo:3_Boulders","floor":39,"turns":4},{"damage":2,"enemies":"Gensokyo:Dusk_and_Dawn","floor":41,"turns":4},{"damage":13,"enemies":"Gensokyo:Rafflesia","floor":44,"turns":5},{"damage":14,"enemies":"Gensokyo:Kasen","floor":45,"turns":6},{"damage":27,"enemies":"Gensokyo:3_Boulders","floor":46,"turns":3},{"damage":0,"enemies":"Gensokyo:Yuyuko","floor":50,"turns":6}],"seed_played":"6844933818349483612","potions_obtained":[{"floor":1,"key":"Reflective Coating"},{"floor":4,"key":"Regen Potion"},{"floor":11,"key":"PowerPotion"},{"floor":22,"key":"Toxic Potion"},{"floor":24,"key":"Elixir"},{"floor":39,"key":"champ:CounterPotion"},{"floor":45,"key":"GamblersBrew"}],"is_trial":false,"path_per_floor":["M","?","M","M","?","R","?","M","T","M","M","M","R","M","R","B",null,"M","?","M","$","M","R","M","T","?","R","?","R","T","R_BF","B",null,"M","?","COS","?","M","R","M","R","T","M","E","M","$","R","B",null],"character_chosen":"THE_ANIMATOR","items_purchased":["animator:Kira","Happy Flower","Whetstone","Block Potion","animator:Witch"],"campfire_rested":4,"item_purchase_floors":[21,48,48,48,48],"current_hp_per_floor":[63,63,62,62,60,60,60,54,54,52,52,50,58,54,54,18,58,59,59,60,60,58,58,46,46,46,58,58,58,58,58,17,58,58,58,58,58,46,46,44,55,55,44,30,3,3,19,19],"gold":372,"neow_bonus":"BOSS_RELIC","is_daily":false,"chose_seed":false,"campfire_upgraded":6,"win_rate":0.0,"timestamp":1612093821,"path_taken":["M","?","?","M","?","R","?","M","T","M","?","M","R","?","R","BOSS","M","?","M","$","M","R","M","T","?","R","?","R","?","R_BF","BOSS","M","?","COS","?","M","R","M","R","T","M","E","?","?","R","BOSS"],"items_purchased_type":["Card","Relic","Relic","Potion","Card"],"build_version":"2020-12-22","purchased_purges":0,"victory":true,"max_hp_per_floor":[66,66,66,66,60,60,60,60,60,61,61,61,58,58,58,58,58,59,59,60,60,60,60,58,58,58,58,58,58,58,58,58,58,58,58,58,58,58,58,58,55,55,57,57,54,54,54,54],"card_choices":[{"not_picked":["animator:Rider","animator:Melzalgald"],"picked":"animator:EmiyaShirou","floor":1},{"not_picked":["animator:DolaCouronne","animator:EmiyaShirou"],"picked":"animator:Rena","floor":3},{"not_picked":["animator:Arpeggio","animator:Ara"],"picked":"animator:Jibril","floor":4},{"not_picked":["animator:Kuribayashi","animator:Tyuule"],"picked":"animator:RoryMercury","floor":8},{"not_picked":["animator:Kyubey","animator:Cocytus"],"picked":"animator:Chung","floor":10},{"not_picked":["animator:NarberalGamma","animator:EmiyaShirou"],"picked":"animator:CowGirl","floor":11},{"not_picked":["animator:ChlammyZell","animator:Mikaela"],"picked":"animator:CrowleyEusford","floor":12},{"not_picked":["animator:Ain","animator:Elsword"],"picked":"animator:Lu","floor":14},{"not_picked":["animator:Elesis","animator:Ainz"],"picked":"animator:Guren","floor":16},{"not_picked":["animator:Mitsuba","animator:Evileye"],"picked":"animator:YaoHaDucy","floor":18},{"not_picked":["animator:Rider","animator:Tatsumaki"],"picked":"animator:Witch+1","floor":20},{"not_picked":["animator:Berserker","animator:YaoHaDucy"],"picked":"animator:Yoichi","floor":22},{"not_picked":["animator:Raven","animator:Add"],"picked":"animator:Ara","floor":24},{"not_picked":["animator:DolaRiku","animator:FeridBathory"],"picked":"animator:ShinjiMatou","floor":27},{"not_picked":["animator:MadokaKaname","animator:Shiro"],"picked":"animator:Albedo","floor":33},{"not_picked":["animator:HiiragiShinya","animator:Tatsumaki+1"],"picked":"animator:Ciel","floor":35},{"not_picked":["animator:HiiragiShinya","animator:Tatsumaki+1"],"picked":"animator:Illya+1","floor":39},{"not_picked":["animator:Entoma","animator:Demiurge+1"],"picked":"animator:Cocytus+1","floor":41},{"not_picked":["animator:Ciel","animator:Ain"],"picked":"animator:Aisha","floor":44},{"not_picked":["animator:Entoma","animator:Kuribayashi"],"picked":"animator:ItamiYouji","floor":45},{"not_picked":["animator:Melzalgald","animator:Caster+1"],"picked":"animator:Berserker","floor":46}],"player_experience":45156,"relics_obtained":[{"floor":9,"key":"hubris:TinFlute"},{"floor":26,"key":"Hololive_LightStick"},{"floor":27,"key":"Red Mask"},{"floor":31,"key":"ReplayFunnel"},{"floor":43,"key":"Anchor"},{"floor":45,"key":"ReplayTheSpireMod:Lightbulb"}],"event_choices":[{"damage_healed":0,"gold_gain":0,"player_choice":"Read","damage_taken":0,"max_hp_gain":0,"max_hp_loss":0,"event_name":"The Library","floor":19,"gold_loss":0,"cards_obtained":["animator:Berserker"]},{"damage_healed":0,"gold_gain":0,"player_choice":"Fought Bandits","damage_taken":0,"max_hp_gain":0,"max_hp_loss":0,"event_name":"Masked Bandits","floor":27,"gold_loss":0}],"is_beta":false,"boss_relics":[{"not_picked":["Painkiller Herb","Ectoplasm"],"picked":"Kintsugi"},{"not_picked":["Ring of Chaos","Sozu"],"picked":"hubris:GrandSneckoEye"}],"items_purged_floors":[],"is_endless":false,"potions_floor_spawned":[1,4,11,12,14,22,24,39,45],"ascension_level":0}}