{"host":"wkq136ike0ligh15","time":1612053072,"event":{"mods":["Bard","BaseMod","Clockwork Mod","Minty Spire (QoL Compilation)","StSLib","The Bug Knight","The Runesmith"],"gold_per_floor":[118,137,137,37,37,55,73,73,73,101,101,114,128,14,14,14,14],"floor_reached":16,"language":"ENG","playtime":566,"items_purged":["Regret"],"score":102,"play_id":"4a355bfa-ab39-41e2-af0f-04c45b1f6e2e","local_time":"20210130193112","is_ascension_mode":false,"campfire_choices":[{"floor":8,"key":"REST"},{"floor":11,"key":"REST"},{"floor":15,"key":"REST"}],"circlet_count":0,"master_deck":["Strike_B","Strike_B","Strike_B","Strike_B","Defend_B","Defend_B","Defend_B","Defend_B","Zap","Dualcast","Creative AI","Chaos","Cold Snap","Loop","Streamline","Ball Lightning","Static Discharge","Rebound","BootSequence","Capacitor"],"relics":["Cracked Core","Sundial","Blood Vial","Gremlin Horn"],"acts_visited":["Exordium"],"potions_floor_usage":[10],"damage_taken":[{"damage":0,"enemies":"2 Louse","floor":1,"turns":3},{"damage":12,"enemies":"Jaw Worm","floor":2,"turns":4},{"damage":7,"enemies":"Cultist","floor":6,"turns":4},{"damage":18,"enemies":"3 Louse","floor":7,"turns":5},{"damage":10,"enemies":"HollowMod:MossKnight","floor":10,"turns":8},{"damage":20,"enemies":"Exordium Thugs","floor":12,"turns":4},{"damage":11,"enemies":"Looter","floor":13,"turns":3},{"damage":70,"enemies":"The Guardian","floor":16,"turns":9}],"seed_played":"4694672776958842376","potions_obtained":[{"floor":1,"key":"DistilledChaos"},{"floor":6,"key":"Strength Potion"},{"floor":13,"key":"LiquidMemories"}],"is_trial":false,"path_per_floor":["M","M","?","$","?","M","M","R","T","E","R","M","M","$","R","B"],"character_chosen":"DEFECT","items_purchased":["Cold Snap","BootSequence","Capacitor"],"campfire_rested":3,"item_purchase_floors":[4,14,14],"current_hp_per_floor":[75,63,63,63,63,58,42,64,64,56,75,55,46,46,68,0,0],"gold":14,"neow_bonus":"ONE_RANDOM_RARE_CARD","is_daily":false,"chose_seed":false,"campfire_upgraded":0,"win_rate":0.0,"timestamp":1612053072,"path_taken":["M","M","?","$","?","M","M","R","T","E","R","M","?","$","R","BOSS"],"items_purchased_type":["Card","Card","Card"],"build_version":"2020-12-22","purchased_purges":1,"victory":false,"max_hp_per_floor":[75,75,75,75,75,75,75,75,75,75,75,75,75,75,75,75,75],"card_choices":[{"not_picked":["Leap","Force Field"],"picked":"Chaos","floor":1},{"not_picked":["Hologram","Coolheaded"],"picked":"All For One","floor":2},{"not_picked":["Hologram","Go for the Eyes"],"picked":"Loop","floor":6},{"not_picked":["Conserve Battery","Hologram"],"picked":"Streamline","floor":7},{"not_picked":["White Noise","Capacitor"],"picked":"Ball Lightning","floor":10},{"not_picked":["Redo","Aggregate"],"picked":"Static Discharge","floor":12},{"not_picked":["Stack","Streamline"],"picked":"Rebound","floor":13}],"player_experience":252812,"relics_obtained":[{"floor":10,"key":"Gremlin Horn"}],"event_choices":[{"damage_healed":0,"gold_gain":0,"player_choice":"Box","damage_taken":0,"relics_obtained":["Sundial"],"max_hp_gain":0,"max_hp_loss":0,"event_name":"Big Fish","floor":3,"gold_loss":0,"cards_obtained":["Regret"]},{"cards_removed":["All For One"],"damage_healed":0,"gold_gain":0,"player_choice":"Gave Card","damage_taken":0,"relics_obtained":["Blood Vial"],"max_hp_gain":0,"max_hp_loss":0,"event_name":"WeMeetAgain","floor":5,"gold_loss":0}],"is_beta":false,"boss_relics":[],"items_purged_floors":[4],"is_endless":false,"potions_floor_spawned":[1,6,13],"killed_by":"The Guardian","ascension_level":0}}