{"host":"6a9c3xws62y7efyw","time":1612075748,"event":{"mods":["BaseMod","Colored Map","Minty Spire (QoL Compilation)","Relic Stats","StSLib"],"gold_per_floor":[118,131,151,151,17,60,78,153,178,38,51,94,106,118,130,237,249,281,293,5,29,29,29,63,63,63,63,94,94,94,94,94,190,190,215,548,253,273,291,320,336,366,366,379,379,409,275,300,300,300,300,300],"floor_reached":51,"language":"ENG","playtime":3354,"items_purged":["Strike_G","Strike_G"],"score":1733,"play_id":"fc4e8f92-716c-46e8-be34-12dbe014b1be","local_time":"20210130224908","is_ascension_mode":true,"campfire_choices":[{"data":"Malaise","floor":13.0,"key":"SMITH"},{"data":"Catalyst","floor":15.0,"key":"SMITH"},{"data":"Burst","floor":23.0,"key":"SMITH"},{"data":"Noxious Fumes","floor":25.0,"key":"SMITH"},{"data":"Crippling Poison","floor":30.0,"key":"SMITH"},{"data":"Bouncing Flask","floor":32.0,"key":"SMITH"},{"floor":49.0,"key":"RECALL"}],"circlet_count":0,"master_deck":["AscendersBane","Strike_G","Defend_G","Defend_G","Defend_G","Defend_G","Defend_G+1","Survivor","Neutralize","Underhanded Strike","Dagger Spray","Deadly Poison+1","Unload","Malaise+1","Die Die Die","Catalyst+1","Bane","Burst+1","PiercingWail","Bouncing Flask+1","Noxious Fumes+1","Dash","Ghostly+1","Ghostly","Ghostly","Dash","Crippling Poison+1","Crippling Poison+1","Noxious Fumes+1","Quick Slash+1","Corpse Explosion","Catalyst+1"],"relics":["Ring of the Snake","Pocketwatch","Lantern","Ancient Tea Set","MawBank","Coffee Dripper","Lee\u0027s Waffle","Juzu Bracelet","Ornamental Fan","Mummified Hand","Velvet Choker","War Paint","Meat on the Bone","Smiling Mask","Pen Nib","Tingsha"],"acts_visited":["Exordium","TheCity","TheBeyond"],"potions_floor_usage":[],"damage_taken":[{"damage":3.0,"enemies":"Jaw Worm","floor":1.0,"turns":6.0},{"damage":0.0,"enemies":"2 Louse","floor":2.0,"turns":2.0},{"damage":0.0,"enemies":"Cultist","floor":3.0,"turns":3.0},{"damage":29.0,"enemies":"Lagavulin","floor":6.0,"turns":8.0},{"damage":7.0,"enemies":"Large Slime","floor":7.0,"turns":6.0},{"damage":3.0,"enemies":"Blue Slaver","floor":11.0,"turns":4.0},{"damage":5.0,"enemies":"3 Sentries","floor":12.0,"turns":5.0},{"damage":0.0,"enemies":"The Guardian","floor":16.0,"turns":9.0},{"damage":6.0,"enemies":"Shell Parasite","floor":18.0,"turns":5.0},{"damage":19.0,"enemies":"3 Byrds","floor":21.0,"turns":5.0},{"damage":13.0,"enemies":"Gremlin Leader","floor":24.0,"turns":5.0},{"damage":2.0,"enemies":"Slavers","floor":28.0,"turns":5.0},{"damage":25.0,"enemies":"Collector","floor":33.0,"turns":8.0},{"damage":1.0,"enemies":"Orb Walker","floor":35.0,"turns":3.0},{"damage":0.0,"enemies":"3 Shapes","floor":38.0,"turns":4.0},{"damage":0.0,"enemies":"Transient","floor":39.0,"turns":6.0},{"damage":4.0,"enemies":"Giant Head","floor":40.0,"turns":6.0},{"damage":7.0,"enemies":"Writhing Mass","floor":41.0,"turns":4.0},{"damage":1.0,"enemies":"Reptomancer","floor":42.0,"turns":4.0},{"damage":0.0,"enemies":"Maw","floor":44.0,"turns":5.0},{"damage":1.0,"enemies":"Giant Head","floor":46.0,"turns":5.0},{"damage":0.0,"enemies":"Mind Bloom Boss Battle","floor":48.0,"turns":4.0},{"damage":0.0,"enemies":"Time Eater","floor":50.0,"turns":3.0},{"damage":21,"enemies":"Awakened One","floor":51,"turns":8}],"seed_played":"720722014827752762","potions_obtained":[{"floor":3.0,"key":"ColorlessPotion"},{"floor":6.0,"key":"Regen Potion"},{"floor":12.0,"key":"EssenceOfSteel"},{"floor":18.0,"key":"Ancient Potion"},{"floor":24.0,"key":"Swift Potion"},{"floor":39.0,"key":"AttackPotion"}],"is_trial":false,"path_per_floor":["M","M","M","?","$","E","M","?","T","$","M","E","R","?","R","B",null,"M","?","$","M","?","R","E","R","T","?","E","?","R","?","R","B",null,"M","?","$","M","M","E","M","E","T","M","?","E","$","?","R","B","B"],"character_chosen":"THE_SILENT","items_purchased":["SpeedPotion","Unload","Die Die Die","SkillPotion","Lee\u0027s Waffle","Bouncing Flask","Noxious Fumes","War Paint","Swift Potion","DuplicationPotion"],"campfire_rested":0,"item_purchase_floors":[5,5,10,10,20,20,20,37,37,47],"current_hp_per_floor":[56,56,56,54,54,25,33,22,22,22,19,14,14,14,14,14,44,38,38,61,42,42,42,29,29,29,29,27,27,27,27,27,2,23,22,22,22,22,22,18,23,22,22,22,22,21,21,21,21,21,0,0],"gold":300,"neow_bonus":"ONE_RARE_RELIC","is_daily":false,"chose_seed":false,"campfire_upgraded":6,"win_rate":0.0,"timestamp":1612075748,"path_taken":["M","M","M","?","$","E","M","?","T","?","?","E","R","?","R","BOSS","M","?","$","?","?","R","E","R","T","?","E","?","R","?","R","BOSS","M","?","$","M","M","E","M","E","T","M","?","E","$","?","R","BOSS","BOSS"],"items_purchased_type":["Potion","Card","Card","Potion","Relic","Card","Card","Relic","Potion","Potion"],"build_version":"2020-12-22","purchased_purges":2,"victory":false,"max_hp_per_floor":[60,60,60,54,54,54,54,54,54,54,54,54,54,54,54,54,54,54,54,61,61,61,61,61,61,61,30,30,30,30,30,30,30,30,30,30,30,30,30,30,30,30,30,30,30,30,30,30,30,30,30,30],"relic_stats":{"Lee\u0027s Waffle":23,"counters":[24,123],"Tingsha":[6],"Pen Nib":[0],"Juzu Bracelet":2,"War Paint":["Ghostly","Defend_G"],"MawBank":96,"Smiling Mask":50,"Ornamental Fan":[16],"Mummified Hand":[10],"obtain_stats":[{"Lantern":6,"Lee\u0027s Waffle":20,"Golden Idol":4,"Velvet Choker":34,"Tingsha":48,"Pen Nib":46,"Juzu Bracelet":24,"War Paint":37,"Ancient Tea Set":9,"MawBank":12,"Smiling Mask":42,"Ornamental Fan":26,"Mummified Hand":28,"Coffee Dripper":17,"Ring of the Snake":0,"Pocketwatch":0,"Meat on the Bone":40},{"Lantern":4,"Lee\u0027s Waffle":9,"Golden Idol":3,"Velvet Choker":13,"Tingsha":22,"Pen Nib":21,"Juzu Bracelet":11,"War Paint":14,"Ancient Tea Set":5,"MawBank":7,"Smiling Mask":19,"Ornamental Fan":11,"Mummified Hand":12,"Coffee Dripper":8,"Ring of the Snake":0,"Pocketwatch":0,"Meat on the Bone":17},{"Lantern":19,"Lee\u0027s Waffle":48,"Golden Idol":11,"Velvet Choker":71,"Tingsha":112,"Pen Nib":108,"Juzu Bracelet":58,"War Paint":74,"Ancient Tea Set":25,"MawBank":34,"Smiling Mask":98,"Ornamental Fan":58,"Mummified Hand":63,"Coffee Dripper":43,"Ring of the Snake":0,"Pocketwatch":0,"Meat on the Bone":90}],"Ring of the Snake":[48],"Pocketwatch":[189],"Meat on the Bone":12},"card_choices":[{"not_picked":["Dodge and Roll","Well Laid Plans"],"picked":"Underhanded Strike","floor":1.0},{"not_picked":["Acrobatics","Catalyst"],"picked":"Dagger Spray","floor":2.0},{"not_picked":["Well Laid Plans","Deflect"],"picked":"Deadly Poison","floor":3.0},{"not_picked":["Caltrops","Finisher","Riddle With Holes"],"picked":"SKIP","floor":6.0},{"not_picked":["Deadly Poison","All Out Attack"],"picked":"Malaise","floor":7.0},{"not_picked":["Backflip","Acrobatics"],"picked":"Catalyst","floor":11.0},{"not_picked":["Cloak And Dagger","Terror"],"picked":"Bane","floor":12.0},{"not_picked":["Die Die Die","After Image"],"picked":"Burst","floor":16.0},{"not_picked":["Deadly Poison","Cloak And Dagger","Bane"],"picked":"SKIP","floor":18.0},{"not_picked":["Eviscerate","Underhanded Strike","Acrobatics"],"picked":"SKIP","floor":21.0},{"not_picked":["Infinite Blades","Dagger Throw"],"picked":"Dash","floor":24.0},{"not_picked":["Outmaneuver","Dodge and Roll"],"picked":"Dash","floor":28.0},{"not_picked":["Quick Slash","Poisoned Stab"],"picked":"Crippling Poison","floor":35.0},{"not_picked":["Bane","Slice+1"],"picked":"Noxious Fumes+1","floor":38.0},{"not_picked":["Dodge and Roll","Accuracy"],"picked":"Quick Slash+1","floor":39.0},{"not_picked":["Backflip","Underhanded Strike"],"picked":"Corpse Explosion","floor":40.0},{"not_picked":["Deadly Poison","Underhanded Strike","Acrobatics+1"],"picked":"SKIP","floor":41.0},{"not_picked":["Blade Dance","Escape Plan"],"picked":"Catalyst+1","floor":42.0},{"not_picked":["Deflect+1","Sucker Punch","Flechettes"],"picked":"SKIP","floor":44.0},{"not_picked":["Backstab","Dagger Spray","Acrobatics+1"],"picked":"SKIP","floor":46.0}],"player_experience":1447518,"relics_obtained":[{"floor":6.0,"key":"Lantern"},{"floor":9.0,"key":"Ancient Tea Set"},{"floor":12.0,"key":"MawBank"},{"floor":24.0,"key":"Juzu Bracelet"},{"floor":26.0,"key":"Ornamental Fan"},{"floor":28.0,"key":"Mummified Hand"},{"floor":40.0,"key":"Meat on the Bone"},{"floor":42.0,"key":"Smiling Mask"},{"floor":46.0,"key":"Pen Nib"},{"floor":48.0,"key":"Tingsha"}],"event_choices":[{"damage_healed":0.0,"max_hp_gain":0.0,"max_hp_loss":6.0,"gold_gain":0.0,"event_name":"Golden Idol","player_choice":"Lose Max HP","floor":4.0,"gold_loss":0.0,"damage_taken":0.0,"relics_obtained":["Golden Idol"]},{"damage_healed":0.0,"max_hp_gain":0.0,"max_hp_loss":0.0,"gold_gain":75.0,"event_name":"World of Goop","player_choice":"Gather Gold","floor":8.0,"gold_loss":0.0,"damage_taken":11.0},{"damage_healed":0.0,"max_hp_gain":0.0,"max_hp_loss":0.0,"gold_gain":0.0,"event_name":"Living Wall","player_choice":"Grow","floor":14.0,"gold_loss":0.0,"damage_taken":0.0,"cards_upgraded":["Deadly Poison"]},{"damage_healed":0.0,"max_hp_gain":0.0,"max_hp_loss":0.0,"gold_gain":0.0,"cards_transformed":["Strike_G"],"event_name":"Transmorgrifier","player_choice":"Transformed","floor":19.0,"gold_loss":0.0,"damage_taken":0.0,"cards_obtained":["PiercingWail"]},{"damage_healed":0.0,"max_hp_gain":0.0,"max_hp_loss":0.0,"gold_gain":0.0,"event_name":"The Mausoleum","player_choice":"Ignored","floor":22.0,"gold_loss":0.0,"damage_taken":0.0},{"damage_healed":0.0,"max_hp_gain":0.0,"max_hp_loss":31.0,"gold_gain":0.0,"event_name":"Ghosts","player_choice":"Became a Ghost","floor":27.0,"gold_loss":0.0,"damage_taken":0.0,"cards_obtained":["Ghostly","Ghostly","Ghostly"]},{"damage_healed":0.0,"max_hp_gain":0.0,"max_hp_loss":0.0,"gold_gain":0.0,"event_name":"The Library","player_choice":"Read","floor":29.0,"gold_loss":0.0,"damage_taken":0.0,"cards_obtained":["Crippling Poison"]},{"cards_removed":["Strike_G"],"damage_healed":0.0,"max_hp_gain":0.0,"max_hp_loss":0.0,"gold_gain":0.0,"event_name":"Purifier","player_choice":"Purged","floor":31.0,"gold_loss":0.0,"damage_taken":0.0},{"damage_healed":0.0,"max_hp_gain":0.0,"max_hp_loss":0.0,"gold_gain":333.0,"event_name":"The Moai Head","player_choice":"Gave Idol","floor":36.0,"relics_lost":["Golden Idol"],"gold_loss":0.0,"damage_taken":0.0},{"damage_healed":0.0,"max_hp_gain":0.0,"max_hp_loss":0.0,"gold_gain":0.0,"event_name":"Upgrade Shrine","player_choice":"Upgraded","floor":45.0,"gold_loss":0.0,"damage_taken":0.0,"cards_upgraded":["Crippling Poison"]},{"damage_healed":0.0,"max_hp_gain":0.0,"max_hp_loss":0.0,"gold_gain":0.0,"event_name":"MindBloom","player_choice":"Fight","floor":48.0,"gold_loss":0.0,"damage_taken":0.0}],"is_beta":false,"boss_relics":[{"not_picked":["Ectoplasm","Astrolabe"],"picked":"Coffee Dripper"},{"not_picked":["Philosopher\u0027s Stone","HoveringKite"],"picked":"Velvet Choker"}],"items_purged_floors":[37,47],"is_endless":false,"potions_floor_spawned":[3,6,12,18,24,28,38,39,41,44,48],"killed_by":"Awakened One","ascension_level":20}}