{"host":"yecadp3kwkksam5a","time":1612072949,"event":{"mods":["100% Spire Juice","Arknights","BaseMod","Minty Spire (QoL Compilation)","StSLib","SuperFastMode","The Cursed","WarShipGirlsR/??á´Ò³R mod"],"gold_per_floor":[112,112,128,148,158,158,191,191,270,270,128,157,157,173,173,173,173],"floor_reached":16,"language":"KOR","playtime":541,"items_purged":["Strike_R"],"score":230,"play_id":"1a9c505d-1c36-4e11-87e4-3b8b46e61cb4","local_time":"20210131150229","is_ascension_mode":true,"campfire_choices":[{"data":"Armaments","floor":6.0,"key":"SMITH"},{"floor":10.0,"key":"DIG"},{"floor":13,"key":"DIG"},{"floor":15,"key":"DIG"}],"circlet_count":0,"master_deck":["AscendersBane","Strike_R","Strike_R","Strike_R","Defend_R","Defend_R","Defend_R","Defend_R","Bash","Deep Breath","Armaments+1","Cleave","Evolve","Shockwave","Shrug It Off","Whirlwind","Second Wind"],"relics":["Burning Blood","Shovel","Akabeko","Champion Belt","Darkstone Periapt","Smiling Mask"],"acts_visited":["Exordium"],"potions_floor_usage":[12],"damage_taken":[{"damage":2.0,"enemies":"2 Louse","floor":1.0,"turns":4.0},{"damage":2.0,"enemies":"Jaw Worm","floor":3.0,"turns":6.0},{"damage":1.0,"enemies":"Cultist","floor":4.0,"turns":4.0},{"damage":21.0,"enemies":"Blue Slaver","floor":5.0,"turns":5.0},{"damage":29.0,"enemies":"Lagavulin","floor":7.0,"turns":9.0},{"damage":0,"enemies":"3 Sentries","floor":12,"turns":2},{"damage":0,"enemies":"2 Fungi Beasts","floor":14,"turns":3},{"damage":52,"enemies":"Slime Boss","floor":16,"turns":10}],"seed_played":"5764174946915706062","potions_obtained":[{"floor":1.0,"key":"BlessingOfTheForge"},{"floor":7.0,"key":"SteroidPotion"}],"is_trial":false,"path_per_floor":["M","?","M","M","M","R","E","?","T","R","$","E","R","M","R","B"],"character_chosen":"IRONCLAD","items_purchased":["Second Wind"],"campfire_rested":0,"item_purchase_floors":[11],"current_hp_per_floor":[72,72,75,75,60,60,37,37,37,37,37,43,43,49,49,0,0],"gold":173,"neow_bonus":"RANDOM_COLORLESS","is_daily":false,"chose_seed":false,"campfire_upgraded":1,"win_rate":0.0,"timestamp":1612072949,"path_taken":["M","?","M","M","?","R","E","?","T","R","$","E","R","M","R","BOSS"],"items_purchased_type":["Card"],"build_version":"2020-12-22","purchased_purges":1,"victory":false,"max_hp_per_floor":[75,75,75,75,75,75,75,75,75,75,75,75,75,75,75,75,75],"card_choices":[{"not_picked":["Impatience","Trip"],"picked":"Deep Breath","floor":0.0},{"not_picked":["Pommel Strike","Body Slam"],"picked":"Armaments","floor":1.0},{"not_picked":["Clothesline","Iron Wave"],"picked":"Cleave","floor":3.0},{"not_picked":["Wild Strike","Anger"],"picked":"Evolve","floor":4.0},{"not_picked":["Headbutt","Cleave"],"picked":"Shockwave","floor":5.0},{"not_picked":["Corruption","Wild Strike"],"picked":"Shrug It Off","floor":7.0},{"not_picked":["Searing Blow","Sever Soul","Clothesline"],"picked":"SKIP","floor":12},{"not_picked":["Twin Strike","Metallicize","Warcry"],"picked":"SKIP","floor":14}],"player_experience":569473,"relics_obtained":[{"floor":7.0,"key":"Shovel"},{"floor":10.0,"key":"Akabeko"},{"floor":12,"key":"Champion Belt"},{"floor":13,"key":"Darkstone Periapt"},{"floor":15,"key":"Smiling Mask"}],"event_choices":[{"damage_healed":0.0,"max_hp_gain":0.0,"max_hp_loss":0.0,"gold_gain":0.0,"cards_transformed":["Strike_R"],"event_name":"Living Wall","player_choice":"Change","floor":8.0,"gold_loss":0.0,"damage_taken":0.0,"cards_obtained":["Whirlwind"]}],"is_beta":false,"boss_relics":[],"items_purged_floors":[11],"is_endless":false,"potions_floor_spawned":[1,7],"killed_by":"Slime Boss","ascension_level":14}}