{"host":"u9h06qdlnp3wgzsw","time":1612117248,"event":{"mods":["Act Like it!","BaseMod","Conspire","Curses Come First","Downfall","Hallownest","Hermit","Hubris","Minty Spire (QoL Compilation)","Quick Restart","Rare Cards Sparkle","Replay The Spire","Shop Mod","StSLib","The Disciple","The Hierophant","The Servant 0.9.4"],"gold_per_floor":[199,212,21,40,51,63,90,90,90,110,129,147,47,62,79,178,178,178,193,213,236,256,256,279,290,45,71,98,98,129,96,106,204,204,204,218,218,229,229,249,301,332,350,362,388,388,388,401,418,418,418,418],"floor_reached":50,"language":"ENG","playtime":4201,"items_purged":[],"score":633,"play_id":"3f2d0363-5cf0-49b7-ba02-bdf64bbee253","local_time":"20210131132048","is_ascension_mode":false,"campfire_choices":[{"floor":1,"key":"RECALL"},{"data":"hexamod:SoulSteal","floor":9,"key":"SMITH"},{"floor":13,"key":"REST"},{"data":"hexamod:Defend","floor":18,"key":"SMITH"},{"floor":23,"key":"REST"},{"floor":29,"key":"REST"},{"floor":35,"key":"DIG"}],"circlet_count":0,"master_deck":["hexamod:Strike+1","hexamod:Strike+1","hexamod:Strike+1","hexamod:Strike+1","hexamod:Defend+1","hexamod:Defend+1","hexamod:Defend+1","hexamod:Defend+1","hexamod:Sear+1","hexamod:Float+1","hexamod:SoulSteal+1","hexamod:RadiantFlame+1","hexamod:AdvancingGuard+1","hexamod:BurningTouch+1","hexamod:Firestarter+1","hexamod:AdvancingGuard+1","hexamod:TimeWarp","Poisoned Strike","hexamod:Toasty","hexamod:StepThrough+1","hexamod:PhantomCloak+1","ReplayTheSpireMod:Doomed","Voices","hexamod:PhantomCloak+1","hexamod:DynamicBlow","hexamod:DynamicBlow","hexamod:Hexaguard","Parasite"],"relics":["hexamod:SpiritBrand","Membership Card","Regal Pillow","downfall:HeartBlessingRed","Velvet Choker","MealTicket","Ancient Tea Set","Centennial Puzzle","Darkstone Periapt","hexamod:TheBrokenSeal","Cursed Key","Toy Ornithopter","ReplayTheSpireMod:Ring of Exchange","Ring of Hypnosis","Strawberry","hexamod:CandleOfCauterizing","Replay:Bottled Steam","Blue Candle"],"acts_visited":["Exordium","TheCity","TheBeyond"],"potions_floor_usage":[6,10,15,16,16,21,25,27,27,28,30,30,33,33,33,42,42,50],"damage_taken":[{"damage":0,"enemies":"Jaw Worm","floor":2,"turns":4},{"damage":5,"enemies":"downfall:FleeingMerchant","floor":3,"turns":4},{"damage":0,"enemies":"Cultist","floor":4,"turns":4},{"damage":3,"enemies":"Small Slimes","floor":5,"turns":4},{"damage":2,"enemies":"2 Fungi Beasts","floor":6,"turns":3},{"damage":11,"enemies":"Exordium Thugs","floor":10,"turns":3},{"damage":13,"enemies":"3 Louse","floor":11,"turns":3},{"damage":9,"enemies":"Lots of Slimes","floor":12,"turns":4},{"damage":0,"enemies":"Gremlin Gang","floor":14,"turns":3},{"damage":8,"enemies":"Lots of Slimes","floor":15,"turns":3},{"damage":0,"enemies":"IC_STATUS_ARCHETYPE","floor":16,"turns":6},{"damage":7,"enemies":"Shell Parasite","floor":19,"turns":6},{"damage":23,"enemies":"Snake Plant","floor":20,"turns":4},{"damage":1,"enemies":"Centurion and Healer","floor":21,"turns":6},{"damage":20,"enemies":"Shelled Parasite and Fungi","floor":22,"turns":6},{"damage":48,"enemies":"Chosen and Byrds","floor":25,"turns":7},{"damage":2,"enemies":"downfall:FleeingMerchant","floor":26,"turns":4},{"damage":24,"enemies":"Snake Plant","floor":27,"turns":6},{"damage":5,"enemies":"Shelled Parasite and Fungi","floor":28,"turns":5},{"damage":23,"enemies":"conspire:MimicChest","floor":30,"turns":6},{"damage":4,"enemies":"downfall:FleeingMerchant","floor":31,"turns":4},{"damage":0,"enemies":"Sentry and Sphere","floor":32,"turns":4},{"damage":24,"enemies":"DF_ARCHETYPE_CLAW","floor":33,"turns":7},{"damage":0,"enemies":"Orb Walker","floor":36,"turns":3},{"damage":11,"enemies":"3 Shapes","floor":38,"turns":4},{"damage":13,"enemies":"Spire Growth","floor":40,"turns":3},{"damage":8,"enemies":"Giant Head","floor":42,"turns":7},{"damage":0,"enemies":"Jaw Worm Horde","floor":43,"turns":4},{"damage":1,"enemies":"Maw","floor":44,"turns":6},{"damage":6,"enemies":"R_Hoarder","floor":45,"turns":9},{"damage":0,"enemies":"Writhing Mass","floor":48,"turns":5},{"damage":8,"enemies":"4 Shapes","floor":49,"turns":3},{"damage":110,"enemies":"WA_ARCHETYPE_DIVINITY","floor":50,"turns":7}],"seed_played":"3512246262150584908","potions_obtained":[{"floor":2,"key":"Explosive Potion"},{"floor":5,"key":"Dexterity Potion"},{"floor":6,"key":"Regen Potion"},{"floor":12,"key":"Swift Potion"},{"floor":14,"key":"SkillPotion"},{"floor":20,"key":"PowerPotion"},{"floor":25,"key":"Fruit Juice"},{"floor":25,"key":"SpeedPotion"},{"floor":26,"key":"Swift Potion"},{"floor":27,"key":"Strength Potion"},{"floor":28,"key":"ColorlessPotion"},{"floor":28,"key":"PowerPotion"},{"floor":30,"key":"Explosive Potion"},{"floor":32,"key":"DistilledChaos"},{"floor":38,"key":"Adrenaline Potion"},{"floor":40,"key":"SteroidPotion"},{"floor":49,"key":"champ:CounterPotion"}],"is_trial":false,"path_per_floor":["R","M","$","M","M","M","T","?","R","M","M","M","R","M","M","B",null,"R","M","M","M","M","R","T","M","$","M","M","R","?","$","M","B",null,"R","M","?","M","?","M","T","E","M","M","E","?","?","M","M","B"],"character_chosen":"THE_SPIRIT","items_purchased":["Membership Card","hexamod:AdvancingGuard","Ancient Tea Set","Poisoned Strike","Centennial Puzzle","PowerPotion"],"campfire_rested":3,"item_purchase_floors":[3,3,26,26,26,31],"current_hp_per_floor":[70,70,65,65,62,60,60,60,60,61,48,39,70,70,62,62,70,70,63,40,39,19,55,55,12,32,15,17,54,38,85,85,61,85,85,85,85,74,80,67,80,82,82,81,76,76,71,77,69,0,0,0],"gold":418,"neow_bonus":"HUNDRED_GOLD","is_daily":false,"chose_seed":false,"campfire_upgraded":2,"win_rate":0.0,"timestamp":1612117248,"path_taken":["R","M","$","M","M","M","T","?","R","M","?","M","R","M","M","BOSS","R","M","?","M","M","R","T","M","$","M","M","R","?","$","M","BOSS","R","M","?","M","?","?","T","E","M","M","E","?","?","M","M","BOSS"],"items_purchased_type":["Relic","Card","Relic","Card","Relic","Potion"],"build_version":"2020-12-22","purchased_purges":0,"victory":false,"max_hp_per_floor":[70,70,70,70,70,70,70,70,70,70,70,70,70,70,70,70,70,70,70,70,70,70,70,70,75,75,75,75,75,75,85,85,85,85,85,85,85,85,91,91,104,104,104,104,105,105,105,111,111,111,111,111],"card_choices":[{"not_picked":["hexamod:Rewind","hexamod:HeatMetal"],"picked":"hexamod:SoulSteal","floor":2},{"not_picked":["hexamod:CatchUp","hexamod:PhantomFireball"],"picked":"hexamod:RadiantFlame","floor":3},{"not_picked":["hexamod:SwordOfDarkness","hexamod:SuperheatedStrike"],"picked":"hexamod:BurningTouch","floor":4},{"not_picked":["hexamod:HauntingEcho","hexamod:GhostLash","hexamod:AdvancingGuard"],"picked":"SKIP","floor":5},{"not_picked":["hexamod:InspiringFlames","hexamod:DynamicBlow","hexamod:BacktrackSmack"],"picked":"SKIP","floor":6},{"not_picked":["hexamod:SuperheatedStrike","hexamod:Again","hexamod:HeatMetal"],"picked":"SKIP","floor":10},{"not_picked":["hexamod:GhostShield","hexamod:GhostflameBarrier","hexamod:SuperheatedStrike"],"picked":"SKIP","floor":11},{"not_picked":["hexamod:RecurringNightmare","hexamod:ShieldOfDarkness","hexamod:HexaLevel"],"picked":"SKIP","floor":12},{"not_picked":["hexamod:HeatMetal","hexamod:AdvancingGuard"],"picked":"hexamod:Firestarter","floor":14},{"not_picked":["hexamod:BacktrackSmack","hexamod:SpectralSpark"],"picked":"hexamod:SecondSeal","floor":15},{"not_picked":["hexamod:SixthSeal","hexamod:VolcanoVisage"],"picked":"hexamod:FifthSeal","floor":16},{"not_picked":["hexamod:FirstSeal","hexamod:SixthSeal"],"picked":"hexamod:ThirdSeal","floor":19},{"not_picked":["hexamod:SkipABeat","hexamod:Again+1","hexamod:NightmareGuise"],"picked":"SKIP","floor":19},{"not_picked":["hexamod:SixthSeal","hexamod:ThirdSeal"],"picked":"hexamod:FourthSeal","floor":20},{"not_picked":["hexamod:HeatMetal","hexamod:Hexaguard+1","hexamod:FlamesFromBeyond"],"picked":"SKIP","floor":20},{"not_picked":["hexamod:StepThrough+1","hexamod:SoulSteal+1","hexamod:SuperheatedStrike+1"],"picked":"SKIP","floor":21},{"not_picked":["hexamod:BurningTouch","hexamod:HeatMetal","hexamod:RetreatToShadows"],"picked":"SKIP","floor":21},{"not_picked":["hexamod:GhostLash+1","hexamod:SuperheatedStrike"],"picked":"hexamod:AdvancingGuard","floor":22},{"not_picked":["hexamod:BacktrackSmack+1","hexamod:WildfireWeapon","hexamod:DynamicBlow"],"picked":"SKIP","floor":22},{"not_picked":["hexamod:FourthSeal","hexamod:ThirdSeal"],"picked":"hexamod:FirstSeal","floor":25},{"not_picked":["hexamod:Hexaguard","hexamod:PowerFromBeyond"],"picked":"hexamod:TimeWarp","floor":25},{"not_picked":["hexamod:AdvancingGuard","hexamod:InspiringFlames","hexamod:BurningTouch"],"picked":"SKIP","floor":25},{"not_picked":["hexamod:HeatMetal","hexamod:SwordOfDarkness","hexamod:StepThrough+1"],"picked":"SKIP","floor":26},{"not_picked":["hexamod:Hexaguard","hexamod:SpectersWail","hexamod:HeatCrush"],"picked":"SKIP","floor":26},{"not_picked":["hexamod:NightmareStrike","hexamod:HeatShield","hexamod:PhantomFireball"],"picked":"SKIP","floor":27},{"not_picked":["hexamod:FastForward","hexamod:NecessarySacrifice","hexamod:BacktrackSmack+1"],"picked":"SKIP","floor":27},{"not_picked":["hexamod:Hexaguard","hexamod:PhantomFireball","hexamod:FirstSeal"],"picked":"SKIP","floor":28},{"not_picked":["hexamod:Firestarter","hexamod:EmpoweredFlame","hexamod:RecurringNightmare+1"],"picked":"SKIP","floor":31},{"not_picked":["hexamod:SpectersWail+1","hexamod:AdvancingGuard","hexamod:GhostOfSpirePast+1"],"picked":"SKIP","floor":32},{"not_picked":["hexamod:FifthSeal","hexamod:GhostflameInferno"],"picked":"hexamod:Toasty","floor":33},{"not_picked":["hexamod:SpectersWail","hexamod:SuperheatedStrike"],"picked":"hexamod:StepThrough+1","floor":36},{"not_picked":["hexamod:NightmareGuise+1","hexamod:ShieldOfDarkness"],"picked":"hexamod:PhantomCloak+1","floor":38},{"not_picked":["hexamod:SuperheatedStrike","hexamod:ShieldOfDarkness+1","hexamod:RecurringNightmare+1"],"picked":"SKIP","floor":40},{"not_picked":["hexamod:GhostOfSpirePast+1","hexamod:HexaLevel"],"picked":"hexamod:PhantomCloak+1","floor":42},{"not_picked":["hexamod:GhostShield","hexamod:SpectersWail"],"picked":"hexamod:DynamicBlow","floor":43},{"not_picked":["hexamod:HeatMetal+1","hexamod:ShieldOfDarkness"],"picked":"hexamod:DynamicBlow","floor":44},{"not_picked":["hexamod:SpectralAdrenaline+1","hexamod:EmpoweredFlame"],"picked":"hexamod:Hexaguard","floor":45},{"not_picked":["hexamod:ThermalTransfer","hexamod:BurningTouch","hexamod:ShieldOfDarkness+1"],"picked":"SKIP","floor":48},{"not_picked":["hexamod:ShieldOfDarkness","hexamod:HeatMetal","hexamod:EtherealExpedition+1"],"picked":"SKIP","floor":49}],"player_experience":966417,"relics_obtained":[{"floor":7,"key":"Regal Pillow"},{"floor":24,"key":"MealTicket"},{"floor":30,"key":"Darkstone Periapt"},{"floor":35,"key":"Toy Ornithopter"},{"floor":39,"key":"ReplayTheSpireMod:Ring of Exchange"},{"floor":39,"key":"Ring of Hypnosis"},{"floor":41,"key":"Strawberry"},{"floor":42,"key":"hexamod:CandleOfCauterizing"},{"floor":45,"key":"Replay:Bottled Steam"}],"event_choices":[{"damage_healed":0,"gold_gain":0,"player_choice":"Ignored","damage_taken":0,"max_hp_gain":0,"max_hp_loss":0,"event_name":"NoteForYourself","floor":8,"gold_loss":0}],"is_beta":false,"boss_relics":[{"not_picked":["conspire:SeveredTorchhead","Empty Cage"],"picked":"Velvet Choker"},{"not_picked":["hubris:GrandSneckoEye","Astrolabe"],"picked":"Cursed Key"}],"items_purged_floors":[],"is_endless":false,"potions_floor_spawned":[2,5,6,12,14,20,25,28,30,32,38,40,49],"killed_by":"WA_ARCHETYPE_DIVINITY","ascension_level":0}}