{"host":"q6r63elxu27obe7v","time":1612071447,"event":{"mods":["2.2 Compatiblity","AchievementEnabler","BaseMod","CapriCore","DeckTracker","Keyboard Shortcuts","Minty Spire (QoL Compilation)","Permanent Neow","Quick Restart","StSLib","SuperFastMode","¡¼?Úª?ø«¡½REMEMod"],"gold_per_floor":[112,112,131,131,146,146,186,186],"floor_reached":7,"language":"KOR","playtime":1240,"items_purged":[],"score":54,"play_id":"51eed3f0-bd59-4c30-b87a-4e0e19ac5aeb","local_time":"20210131143727","is_ascension_mode":true,"campfire_choices":[{"floor":6,"key":"RECALL"}],"circlet_count":0,"master_deck":["Strike_B","Strike_B","Strike_B","Strike_B","Defend_B","Defend_B","Defend_B","Defend_B","Zap","Dualcast","Sadistic Nature","Hologram","Stack","Cold Snap","Chrysalis","REME_Whirling"],"relics":["Cracked Core","REME_ComplimentaryCards","Golden Idol","Darkstone Periapt"],"acts_visited":["Exordium"],"potions_floor_usage":[],"damage_taken":[{"damage":4,"enemies":"2 Louse","floor":1,"turns":3},{"damage":0,"enemies":"Cultist","floor":3,"turns":4},{"damage":4,"enemies":"Small Slimes","floor":5,"turns":5},{"damage":46,"enemies":"Lagavulin","floor":7,"turns":11}],"seed_played":"3472684327270839818","potions_obtained":[{"floor":1,"key":"EssenceOfDarkness"}],"is_trial":false,"path_per_floor":["M","?","M","?","M","R","E"],"character_chosen":"DEFECT","items_purchased":[],"campfire_rested":0,"item_purchase_floors":[],"current_hp_per_floor":[50,32,32,57,53,53,7,7],"gold":186,"neow_bonus":"RANDOM_COLORLESS_2","is_daily":false,"chose_seed":false,"campfire_upgraded":0,"win_rate":0.0,"timestamp":1612071447,"path_taken":["M","?","M","?","M","R","E"],"items_purchased_type":[],"build_version":"2020-12-22","purchased_purges":0,"victory":false,"max_hp_per_floor":[75,75,75,75,75,75,75,75],"card_choices":[{"not_picked":["HandOfGreed","Magnetism"],"picked":"Sadistic Nature","floor":0},{"not_picked":["Barrage","Force Field"],"picked":"Hologram","floor":1},{"not_picked":["Gash","Skim"],"picked":"Stack","floor":3},{"not_picked":["Blizzard","Static Discharge"],"picked":"Cold Snap","floor":5},{"not_picked":["Stack","Rebound"],"picked":"REME_Whirling","floor":7}],"player_experience":63138,"relics_obtained":[{"floor":7,"key":"Darkstone Periapt"}],"event_choices":[{"damage_healed":0,"gold_gain":0,"player_choice":"Take Damage","damage_taken":18,"relics_obtained":["Golden Idol"],"max_hp_gain":0,"max_hp_loss":0,"event_name":"Golden Idol","floor":2,"gold_loss":0},{"damage_healed":25,"gold_gain":0,"player_choice":"Banana","damage_taken":0,"max_hp_gain":0,"max_hp_loss":0,"event_name":"Big Fish","floor":4,"gold_loss":0}],"is_beta":false,"boss_relics":[],"items_purged_floors":[],"is_endless":false,"potions_floor_spawned":[1],"killed_by":"Lagavulin","ascension_level":1}}