{"host":"4c7m9tuvqombcnjj","time":1612080757,"event":{"mods":["Act Like it!","Aspiration","Astrologer","BaseMod","Conspire","Dota2Spire","Gensokyo","GungeonMod","Hallownest","HololiveMod","Jedi Mod","Jorbs\u0027s Wanderer Trilogy","Koishi","KomeijiMod","Lobotomy","LobotomyExtend","Minty Spire (QoL Compilation)","MostiFishMod","Prisma Mod","Reimu（博丽灵梦）","Reliquary","Remilia（蕾米莉亚）","Replay The Spire","RumiaBox-露米娅的神秘盒子","Smile Girya","StSLib","TestMod","The Alterego","The Animator","The Bug Knight","The Construct","The Cursed","The Hierophant","The Jungle","The Runesmith","WarShipGirlsR/战舰少女R mod","Yuyuko","[IsaacMod]以撒尖塔","【功能Mod】混沌之环修复补丁","【遗物卡牌】REMEMod"],"gold_per_floor":[114,124,138,158,112,143,143,161,186,206,219,235,268,37,37,138,138,151,164,183,110,124,124,124,144,198,198,214,252,281,311,311,410,410,427,443,292,307,325,325,356,383,395,407,454,478,490,328,328,328,328,328,328,4,31,31],"floor_reached":57,"language":"ZHS","playtime":3059,"items_purged":[],"score":1577,"play_id":"21ef5338-1088-4378-b159-2ae49c326111","local_time":"20210131161237","is_ascension_mode":false,"campfire_choices":[{"floor":15,"key":"RECALL"},{"data":"MostiFishMod:VineMother","floor":32,"key":"SMITH"},{"data":"REME_ShadowForm","floor":40,"key":"SMITH"},{"data":"Infinite Blades","floor":44,"key":"SMITH"},{"data":"ReplayTheSpireMod:Shiv Toss","floor":47,"key":"SMITH"},{"data":"Finisher","floor":49,"key":"SMITH"},{"data":"Die Die Die","floor":53,"key":"SMITH"}],"circlet_count":0,"master_deck":["Strike_G","Strike_G","Strike_G","Strike_G","Strike_G","Defend_G","Defend_G","Defend_G","Defend_G","Defend_G","Survivor","Neutralize","SuicideKing","stsjorbsmod:MirrorImage","Hidden Blade","MostiFishMod:VineMother+1","Flying Knee","Terror","Flying Knee","Poisoned Stab","PiercingWail","Flechettes","Leg Sweep","Masterful Stab","ReplayTheSpireMod:Exploit Weakness","REME_ShadowForm+1","Poisoned Stab+1","Fluid Movement","Outmaneuver","MostiFishMod:ShivMaster","Riddle With Holes+1","Blade Dance","ReplayTheSpireMod:Shiv Toss+1","Hidden Blade","Infinite Blades+1","Sucker Punch","Die Die Die+1","Finisher+1","MostiFishMod:FrostNova+1","Deflect+1","Blade Dance","Choke","MostiFishMod:VineMother+1","ReplayTheSpireMod:The Works","testmod-HandmadeProducts","MostiFishMod:VineMother","MostiFishMod:PerfectParry"],"relics":["Ring of the Serpent","HushsDoor","REME_ComplimentaryCards","DaveBox","testmod-TestBox","testmod-EqualTreatment","ExusiaiGun","GnawedLeaf","aspiration:Nostalgia","Koishi:ImaginaryFriend","SynthV:TestCard","Ice Cream","Hololive_LightStick","SynthV","LetterFromLob","testmod-Fanaticism","Potion Belt","Tea:ReiMu","DemoMod:Antibody","Civilization","RedMistMask","MawBank","aspiration:FrozenJewel","HollowMod:PaleOreRelic","jedi:heavyjacket","Replay:Multitool","DemoMod:GlassGuonStoneRelic"],"acts_visited":["Exordium","TheCity","TheBeyond","TheEnding"],"potions_floor_usage":[6,25,30],"damage_taken":[{"damage":9,"enemies":"conspire:RoseBush","floor":1,"turns":2},{"damage":0,"enemies":"Cultist","floor":2,"turns":3},{"damage":6,"enemies":"Jaw Worm","floor":3,"turns":2},{"damage":11,"enemies":"Exordium Thugs","floor":4,"turns":2},{"damage":6,"enemies":"HollowMod:MossKnight","floor":6,"turns":2},{"damage":0,"enemies":"Red Slaver","floor":8,"turns":1},{"damage":5,"enemies":"3 Louse","floor":10,"turns":2},{"damage":2,"enemies":"conspire:2 RoseBushes","floor":11,"turns":2},{"damage":10,"enemies":"Looter","floor":12,"turns":2},{"damage":0,"enemies":"Lagavulin","floor":13,"turns":2},{"damage":0,"enemies":"Fading Forest","floor":16,"turns":11},{"damage":0,"enemies":"Shell Parasite","floor":18,"turns":2},{"damage":0,"enemies":"Centurion and Healer","floor":19,"turns":1},{"damage":0,"enemies":"3 Cultists","floor":20,"turns":2},{"damage":0,"enemies":"Snecko","floor":22,"turns":4},{"damage":0,"enemies":"Centurion and Healer","floor":25,"turns":2},{"damage":0,"enemies":"Cultist and Chosen","floor":28,"turns":1},{"damage":0,"enemies":"Snake Plant","floor":29,"turns":2},{"damage":0,"enemies":"Snake Plant","floor":30,"turns":1},{"damage":0,"enemies":"Book of Stabbing","floor":31,"turns":2},{"damage":0,"enemies":"Collector","floor":33,"turns":2},{"damage":7,"enemies":"3 Shapes","floor":35,"turns":2},{"damage":0,"enemies":"3 Darklings","floor":36,"turns":1},{"damage":0,"enemies":"Writhing Mass","floor":38,"turns":2},{"damage":0,"enemies":"Spire Growth","floor":39,"turns":2},{"damage":0,"enemies":"Reptomancer","floor":41,"turns":2},{"damage":0,"enemies":"Jaw Worm Horde","floor":42,"turns":1},{"damage":0,"enemies":"R_Hoarder","floor":45,"turns":2},{"damage":0,"enemies":"Transient","floor":46,"turns":4},{"damage":13,"enemies":"Time Eater","floor":50,"turns":4},{"damage":12,"enemies":"Shield and Spear","floor":55,"turns":2},{"damage":18,"enemies":"The Heart","floor":56,"turns":4}],"seed_played":"7240168370095958526","potions_obtained":[{"floor":4,"key":"Dota2Spire:Clarity"},{"floor":6,"key":"testmod-SpacePotion"},{"floor":8,"key":"Adrenaline Potion"},{"floor":11,"key":"Death Potion"},{"floor":16,"key":"ZuzhouPotion:ReiMu"},{"floor":27,"key":"REME_GoldPotion"},{"floor":27,"key":"Venom Potion"},{"floor":27,"key":"FairyPotion"},{"floor":30,"key":"CunningPotion"}],"is_trial":false,"path_per_floor":["M","M","M","M","$","E","?","M","T","M","M","M","E","$","R","B",null,"M","M","M","$","M","E","$","M","T","?","M","?","M","E","R","B",null,"M","M","$","M","M","R","E","M","T","R","E","M","R","$","R","B",null,null,"R","$","E","B",null],"character_chosen":"THE_SILENT","items_purchased":["Flying Knee","SynthV","ReplayTheSpireMod:Exploit Weakness","MostiFishMod:ShivMaster","Finisher","Civilization","ReplayTheSpireMod:The Works","testmod-HandmadeProducts","jedi:heavyjacket","MostiFishMod:VineMother"],"campfire_rested":0,"item_purchase_floors":[5,14,14,21,34,37,48,48,54,54],"current_hp_per_floor":[61,61,55,44,44,38,38,38,38,33,31,21,21,21,21,49,70,70,70,70,70,70,70,70,70,70,70,70,70,70,70,70,70,67,60,60,60,62,64,64,70,78,78,78,83,88,88,88,88,93,93,93,93,93,95,100],"gold":31,"neow_bonus":"NOSTALGIA","is_daily":false,"chose_seed":false,"campfire_upgraded":6,"win_rate":0.0,"timestamp":1612080757,"path_taken":["M","M","M","M","$","E","?","M","T","M","M","M","E","$","R","BOSS","M","M","M","$","M","E","$","M","T","?","M","?","M","E","R","BOSS","M","M","$","M","M","R","E","?","T","R","E","M","R","$","R","BOSS","R","$","E","BOSS"],"items_purchased_type":["Card","Relic","Card","Card","Card","Relic","Card","Card","Relic","Card"],"build_version":"2020-12-22","purchased_purges":0,"victory":true,"max_hp_per_floor":[70,70,70,70,70,70,70,70,70,70,70,70,70,70,70,70,70,70,70,70,70,70,70,70,70,70,70,70,70,70,70,70,70,67,67,67,67,68,70,70,73,78,78,78,83,88,88,88,88,93,93,93,93,93,95,100],"card_choices":[{"not_picked":[],"picked":"SuicideKing","floor":0},{"not_picked":["ReplayTheSpireMod:The Works","Deflect"],"picked":"Hidden Blade","floor":1},{"not_picked":["Acrobatics","Backflip","PiercingWail","Eviscerate"],"picked":"MostiFishMod:VineMother","floor":2},{"not_picked":["jedi:pocketpoison","Dodge and Roll","Backflip","Bullet Time"],"picked":"Flying Knee","floor":3},{"not_picked":["Underhanded Strike","Replay:Poison Smokescreen","Eviscerate","MostiFishMod:FrostNova"],"picked":"Terror","floor":4},{"not_picked":["Dash","Deflect","MostiFishMod:Opportunism","jedi:pocketpoison"],"picked":"Poisoned Stab","floor":6},{"not_picked":["Hidden Blade","Heel Hook","Prepared","Flechettes"],"picked":"PiercingWail","floor":8},{"not_picked":["Bouncing Flask","Calculated Gamble","Slice","ReplayTheSpireMod:Scrap Shanks","ReplayTheSpireMod:Speed Training"],"picked":"SKIP","floor":10},{"not_picked":["ReplayTheSpireMod:Shiv Toss","Choke","Well Laid Plans","Underhanded Strike"],"picked":"Flechettes","floor":11},{"not_picked":["Poisoned Stab","Prepared","Dagger Throw","Blade Dance"],"picked":"Leg Sweep","floor":12},{"not_picked":["Bullet Time","Deflect","conspire:DoublingDagger","MostiFishMod:PreservedThorns"],"picked":"Masterful Stab","floor":13},{"not_picked":["Unload","Doppelganger","MostiFishMod:Listen","Bullet Time"],"picked":"REME_ShadowForm","floor":16},{"not_picked":["Outmaneuver+1","Underhanded Strike","Flying Knee+1","PiercingWail"],"picked":"Poisoned Stab+1","floor":18},{"not_picked":["jedi:collectorvenom","Sucker Punch+1","ReplayTheSpireMod:Exploit Weakness","Dodge and Roll+1"],"picked":"Fluid Movement","floor":19},{"not_picked":["Acrobatics","MostiFishMod:Dislodge","Dodge and Roll+1","Flying Knee"],"picked":"Outmaneuver","floor":20},{"not_picked":["Deadly Poison","PiercingWail","Draining Mist","Calculated Gamble+1"],"picked":"Riddle With Holes+1","floor":22},{"not_picked":["Dagger Spray","ReplayTheSpireMod:Speed Training+1","jedi:studypoison","PiercingWail"],"picked":"Blade Dance","floor":25},{"not_picked":["Prepared","Quick Slash","Endless Agony","Poisoned Stab"],"picked":"ReplayTheSpireMod:Shiv Toss","floor":28},{"not_picked":["Escape Plan","Sucker Punch","Slice+1","Underhanded Strike"],"picked":"Hidden Blade","floor":29},{"not_picked":["Poisoned Stab","PiercingWail","jedi:poisonivy","Dodge and Roll"],"picked":"Infinite Blades","floor":30},{"not_picked":["Sneak Up","Underhanded Strike+1","Poisoned Stab+1","jedi:pocketpoison"],"picked":"Sucker Punch","floor":31},{"not_picked":["MostiFishMod:AdrenalineArouse","REME_CopyPotion","jedi:rejectivetoxin","MostiFishMod:Wind"],"picked":"Die Die Die","floor":33},{"not_picked":["Sneak Up+1","Leg Sweep+1","Poisoned Stab+1","Quick Slash+1","Slice+1"],"picked":"SKIP","floor":35},{"not_picked":["Sucker Punch","Dodge and Roll","Calculated Gamble+1","MostiFishMod:PerfectParry"],"picked":"MostiFishMod:FrostNova+1","floor":36},{"not_picked":["ReplayTheSpireMod:Exploit Weakness","Reflex","Flying Knee+1","ReplayTheSpireMod:Speed Training+1"],"picked":"Deflect+1","floor":38},{"not_picked":["Fluid Movement+1","Dagger Spray+1","Deflect","Outmaneuver"],"picked":"Blade Dance","floor":39},{"not_picked":["jedi:acidrain","jedi:unstablefumes+1","Hidden Blade+1","Burst"],"picked":"Choke","floor":41},{"not_picked":["jedi:pocketpoison","Deflect","Poisoned Stab+1","Replay:Poison Smokescreen","Infinite Blades+1"],"picked":"SKIP","floor":42},{"not_picked":["Underhanded Strike","Dagger Throw+1","MostiFishMod:PerfectParry+1","MostiFishMod:Opportunism"],"picked":"MostiFishMod:VineMother+1","floor":45},{"not_picked":["Quick Slash+1","Deadly Poison","Dagger Spray","Infinite Blades+1","jedi:unstablefumes+1"],"picked":"SKIP","floor":46},{"not_picked":["Acrobatics","ReplayTheSpireMod:Exploit Weakness+1","Flying Knee+1","Backflip+1"],"picked":"MostiFishMod:PerfectParry","floor":55}],"player_experience":65984,"relics_obtained":[{"floor":1,"key":"SynthV:TestCard"},{"floor":6,"key":"Ice Cream"},{"floor":13,"key":"Hololive_LightStick"},{"floor":16,"key":"LetterFromLob"},{"floor":26,"key":"Potion Belt"},{"floor":29,"key":"Tea:ReiMu"},{"floor":31,"key":"DemoMod:Antibody"},{"floor":39,"key":"RedMistMask"},{"floor":41,"key":"MawBank"},{"floor":43,"key":"aspiration:FrozenJewel"},{"floor":45,"key":"HollowMod:PaleOreRelic"},{"floor":55,"key":"Replay:Multitool"}],"event_choices":[{"damage_healed":0,"gold_gain":0,"player_choice":"Got Potions","damage_taken":0,"max_hp_gain":0,"max_hp_loss":0,"event_name":"Lab","floor":27,"gold_loss":0}],"is_beta":false,"boss_relics":[{"not_picked":["Replay:Grab Bag","Dota2Spire:Bloodstone"],"picked":"testmod-Fanaticism"},{"not_picked":[]},{"not_picked":["REME_DemonsWealth","testmod-StringDisintegrator"],"picked":"Ring of the Serpent"},{"not_picked":[]}],"items_purged_floors":[],"is_endless":false,"potions_floor_spawned":[4,6,8,11,16,19,30,31,33,35,36,39,41,46,55],"ascension_level":0}}