{"host":"8am31i0j9qpslrrv","time":1612059429,"event":{"mods":["BaseMod","Curses Come First","Minty Spire (QoL Compilation)","Quick Restart","Replay The Spire","StSLib"],"gold_per_floor":[110,128,53,53,53,53,53,80,80,80,94,94,94,114,114,219,219,274,287,212,223,173,173,123,123,147,147,97,112,129,143,143,243,243,255,305,255,268,268,268],"floor_reached":39,"language":"ENG","playtime":1717,"items_purged":["Defend_R","Defend_R","Defend_R","Strike_R","Strike_R"],"score":279,"play_id":"9ad5cab7-dd69-49a0-a360-6a636a4b4e26","local_time":"20210130211709","is_ascension_mode":false,"campfire_choices":[{"data":"Bash","floor":6.0,"key":"SMITH"},{"data":"Feel No Pain","floor":10.0,"key":"SMITH"},{"floor":15.0,"key":"DIG"},{"data":"True Grit","floor":23.0,"key":"SMITH"},{"data":"Fiend Fire","floor":25.0,"key":"SMITH"},{"data":"ReplayTheSpireMod:Strike From Hell","floor":32.0,"key":"SMITH"}],"circlet_count":0,"master_deck":["Strike_R","Defend_R","Bash+1","Exhume","Feel No Pain+1","Fiend Fire+1","True Grit+1","Corruption","ReplayTheSpireMod:Strike From Hell+1","Dropkick","AbeCurse","Exhume","Defy Death+1"],"relics":["Burning Blood","Smiling Mask","ReplayTheSpireMod:Ring of Addiction","SacredBark","White Beast Statue","StrikeDummy","Mummified Hand","Centennial Puzzle","Snecko Eye","Replay:Rubber Ducky","Runic Cube","Pondfish Scales"],"acts_visited":["TheCity","TheBeyond"],"potions_floor_usage":[38],"damage_taken":[{"damage":2.0,"enemies":"2 Louse","floor":1.0,"turns":2.0},{"damage":6.0,"enemies":"Jaw Worm","floor":2.0,"turns":3.0},{"damage":6.0,"enemies":"3 Sentries","floor":8.0,"turns":12.0},{"damage":0.0,"enemies":"Small Slimes","floor":11.0,"turns":3.0},{"damage":0.0,"enemies":"3 Louse","floor":14.0,"turns":3.0},{"damage":48.0,"enemies":"Hexaghost","floor":16.0,"turns":9.0},{"damage":8.0,"enemies":"3 Byrds","floor":18.0,"turns":4.0},{"damage":10.0,"enemies":"Shell Parasite","floor":19.0,"turns":3.0},{"damage":23.0,"enemies":"Centurion and Healer","floor":21.0,"turns":6.0},{"damage":2.0,"enemies":"Snake Plant","floor":29.0,"turns":3.0},{"damage":5.0,"enemies":"Shelled Parasite and Fungi","floor":30.0,"turns":2.0},{"damage":17.0,"enemies":"Chosen and Byrds","floor":31.0,"turns":6.0},{"damage":44.0,"enemies":"Pondfish","floor":33.0,"turns":8.0},{"damage":0,"enemies":"Orb Walker","floor":35,"turns":3},{"damage":3,"enemies":"Mind Bloom Boss Battle","floor":36,"turns":5},{"damage":51,"enemies":"3 Darklings","floor":38,"turns":7},{"damage":28,"enemies":"Maw","floor":39,"turns":9}],"seed_played":"5408319174043405691","potions_obtained":[{"floor":1.0,"key":"AttackPotion"},{"floor":7.0,"key":"SteroidPotion"},{"floor":7.0,"key":"Adrenaline Potion"},{"floor":8.0,"key":"SpeedPotion"},{"floor":11.0,"key":"Block Potion"},{"floor":14.0,"key":"Adrenaline Potion"},{"floor":16.0,"key":"ColorlessPotion"},{"floor":18.0,"key":"Regen Potion"},{"floor":19.0,"key":"Swift Potion"},{"floor":30.0,"key":"Block Potion"},{"floor":33,"key":"Elixir"},{"floor":35,"key":"SteroidPotion"},{"floor":38,"key":"SneckoOil"}],"is_trial":false,"path_per_floor":["M","M","$","?","?","R","?","E","T","R","M","?","?","M","R","B",null,"M","M","?","M","$","R","$","R","T","?","$","M","M","M","R","B",null,"M","?","$","M","M"],"character_chosen":"IRONCLAD","items_purchased":[],"campfire_rested":0,"item_purchase_floors":[],"current_hp_per_floor":[80,80,80,80,68,68,68,68,68,68,74,74,74,78,78,36,78,76,72,72,55,55,55,55,55,55,55,55,59,60,49,49,11,72,72,72,70,25,0,0],"gold":268,"neow_bonus":"ONE_RANDOM_RARE_CARD","is_daily":false,"chose_seed":false,"campfire_upgraded":5,"win_rate":0.0,"timestamp":1612059429,"path_taken":["M","M","$","?","?","R","?","E","T","R","M","?","?","M","R","BOSS","M","?","?","M","$","R","$","R","T","?","?","M","M","?","R","BOSS","BOSS","M","?","?","M","M"],"items_purchased_type":[],"build_version":"2020-12-22","purchased_purges":5,"victory":false,"max_hp_per_floor":[80,80,80,80,80,80,80,80,80,80,80,78,78,78,78,78,78,78,78,78,78,76,76,76,74,74,74,72,72,72,72,72,72,72,72,72,70,70,70,70],"card_choices":[{"not_picked":["Perfected Strike","Havoc","Iron Wave"],"picked":"SKIP","floor":1.0},{"not_picked":["Rage","Havoc"],"picked":"Feel No Pain","floor":2.0},{"not_picked":["Spot Weakness","Bloodletting","Flame Barrier"],"picked":"SKIP","floor":8.0},{"not_picked":["Dropkick","Perfected Strike","Cleave"],"picked":"SKIP","floor":11.0},{"not_picked":["Metallicize","Combust","Life Link"],"picked":"SKIP","floor":14.0},{"not_picked":["Exhume","Immolate"],"picked":"Fiend Fire","floor":16.0},{"not_picked":["Clash+1","Run Through","Iron Wave"],"picked":"SKIP","floor":18.0},{"not_picked":["Rage","Cleave"],"picked":"True Grit","floor":19.0},{"not_picked":["Headbutt","Flex+1","Bloodletting"],"picked":"SKIP","floor":21.0},{"not_picked":["Body Slam","Armaments"],"picked":"ReplayTheSpireMod:Strike From Hell","floor":29.0},{"not_picked":["ReplayTheSpireMod:Corrosion Curse","ReplayTheSpireMod:Strike From Hell","Cleave"],"picked":"SKIP","floor":30.0},{"not_picked":["Burning Pact","Battle Trance"],"picked":"Dropkick","floor":31.0},{"not_picked":["Fiend Fire","Juggernaut"],"picked":"Exhume","floor":33},{"not_picked":["Headbutt","Anger"],"picked":"Defy Death+1","floor":35},{"not_picked":["Ghostly Armor","Perfected Strike","Body Slam+1"],"picked":"SKIP","floor":38}],"player_experience":782577,"relics_obtained":[{"floor":7.0,"key":"ReplayTheSpireMod:Ring of Addiction"},{"floor":7.0,"key":"SacredBark"},{"floor":7.0,"key":"White Beast Statue"},{"floor":8.0,"key":"StrikeDummy"},{"floor":9.0,"key":"Mummified Hand"},{"floor":15.0,"key":"Centennial Puzzle"},{"floor":26.0,"key":"Replay:Rubber Ducky"},{"floor":36,"key":"Pondfish Scales"}],"event_choices":[{"damage_healed":0.0,"max_hp_gain":0.0,"max_hp_loss":0.0,"gold_gain":0.0,"event_name":"Liars Game","player_choice":"Ignored","floor":4.0,"gold_loss":0.0,"damage_taken":0.0},{"damage_healed":0.0,"max_hp_gain":0.0,"max_hp_loss":0.0,"gold_gain":0.0,"event_name":"Scrap Ooze","player_choice":"Success","floor":5.0,"gold_loss":0.0,"damage_taken":12.0,"relics_obtained":["Smiling Mask"]},{"cards_removed":["Strike_R"],"damage_healed":0.0,"max_hp_gain":0.0,"max_hp_loss":0.0,"gold_gain":0.0,"event_name":"Living Wall","player_choice":"Forget","floor":12.0,"gold_loss":0.0,"damage_taken":0.0},{"damage_healed":0.0,"max_hp_gain":0.0,"max_hp_loss":0.0,"gold_gain":0.0,"event_name":"The Woman in Blue","player_choice":"Bought 0 Potions","floor":13.0,"gold_loss":0.0,"damage_taken":0.0},{"cards_removed":["Strike_R"],"damage_healed":0.0,"max_hp_gain":0.0,"max_hp_loss":0.0,"gold_gain":0.0,"event_name":"Beggar","player_choice":"Gave Gold","floor":20.0,"gold_loss":75.0,"damage_taken":0.0},{"damage_healed":0.0,"max_hp_gain":0.0,"max_hp_loss":0.0,"gold_gain":0.0,"event_name":"The Library","player_choice":"Read","floor":27.0,"gold_loss":0.0,"damage_taken":0.0,"cards_obtained":["Corruption"]},{"damage_healed":0,"gold_gain":0,"player_choice":"Fight","damage_taken":0,"max_hp_gain":0,"max_hp_loss":0,"event_name":"MindBloom","floor":36,"gold_loss":0}],"is_beta":false,"boss_relics":[{"not_picked":["Ectoplasm","Black Star"],"picked":"Snecko Eye"},{"not_picked":["Painkiller Herb","Replay:Wanted Poster"],"picked":"Runic Cube"}],"items_purged_floors":[3,22,24,28,37],"is_endless":false,"potions_floor_spawned":[1,8,11,14,16,18,19,21,29,30,31,33,35,36,38],"killed_by":"Maw","ascension_level":0}}