{"host":"61r95uy0hn86b9iu","time":1612056370,"event":{"mods":["AchievementEnabler","BaseMod","Better Vampires","BetterRewards","Colored Powertips","Hubris","Minty Spire (QoL Compilation)","Shop Mod","StSLib"],"gold_per_floor":[110,121,138,148,148,178,198,213,213,227,227,244,244,244,244,318,318,334,334,309,56,56,56,56],"floor_reached":23,"language":"ENG","playtime":1844,"items_purged":["Apotheosis"],"score":673,"play_id":"4e4ddd62-9050-4b40-92d7-45a222a49bec","local_time":"20210130192610","is_ascension_mode":true,"campfire_choices":[{"floor":13,"key":"REST"},{"floor":15,"key":"REST"}],"circlet_count":0,"master_deck":["AscendersBane","Apotheosis","Strike_B","Strike_B","Defend_B","Defend_B","Defend_B","Defend_B","Dualcast","Defragment","Darkness","Consume","Conserve Battery","Buffer+1","Reinforced Body","Self Repair","Defragment","FTL","Glacier","Reboot","Lockon","HandOfGreed"],"relics":["Cracked Core","Unceasing Top","Lee\u0027s Waffle","Peace Pipe","Shuriken","MerchantsRug"],"acts_visited":["Exordium","TheCity"],"potions_floor_usage":[16,20],"damage_taken":[{"damage":10.0,"enemies":"Small Slimes","floor":1.0,"turns":3.0},{"damage":0.0,"enemies":"Cultist","floor":2.0,"turns":3.0},{"damage":0.0,"enemies":"2 Louse","floor":3.0,"turns":2.0},{"damage":6.0,"enemies":"Large Slime","floor":4.0,"turns":5.0},{"damage":0.0,"enemies":"Lagavulin","floor":6.0,"turns":6.0},{"damage":18.0,"enemies":"Exordium Thugs","floor":7.0,"turns":6.0},{"damage":22.0,"enemies":"Gremlin Gang","floor":8.0,"turns":5.0},{"damage":10,"enemies":"Exordium Wildlife","floor":10,"turns":4},{"damage":11,"enemies":"Exordium Thugs","floor":12,"turns":5},{"damage":8,"enemies":"The Guardian","floor":16,"turns":11},{"damage":16,"enemies":"3 Byrds","floor":18,"turns":6},{"damage":10,"enemies":"2 Thieves","floor":20,"turns":4},{"damage":84,"enemies":"Book of Stabbing","floor":23,"turns":8}],"seed_played":"-4859827261119507927","potions_obtained":[{"floor":5.0,"key":"Strength Potion"},{"floor":5.0,"key":"FearPotion"},{"floor":6.0,"key":"Dexterity Potion"},{"floor":7.0,"key":"Fruit Juice"},{"floor":8.0,"key":"DuplicationPotion"},{"floor":18,"key":"Fire Potion"}],"is_trial":false,"path_per_floor":["M","M","M","M","?","E","M","M","T","M","?","M","R","?","R","B",null,"M","?","M","$","?","E"],"character_chosen":"DEFECT","items_purchased":["Defragment","Lee\u0027s Waffle","Darkness","MerchantsRug","HandOfGreed"],"campfire_rested":2,"item_purchase_floors":[0,0,0,21,21],"current_hp_per_floor":[68,68,68,62,62,62,49,27,27,17,17,16,40,45,71,73,84,78,78,78,78,78,0,0],"gold":56,"neow_bonus":"","is_daily":false,"chose_seed":false,"campfire_upgraded":0,"win_rate":0.0,"timestamp":1612056370,"path_taken":["M","M","M","M","?","E","?","M","T","M","?","M","R","?","R","BOSS","M","?","M","$","?","E"],"items_purchased_type":["Card","Relic","Card","Relic","Card"],"build_version":"2020-12-22","purchased_purges":1,"victory":false,"max_hp_per_floor":[78,78,78,78,78,78,83,83,83,83,83,83,83,88,88,88,88,88,88,88,88,88,88,88],"card_choices":[{"not_picked":["Go for the Eyes","Heatsinks"],"picked":"Consume","floor":1.0},{"not_picked":["Streamline","Gash"],"picked":"Conserve Battery","floor":2.0},{"not_picked":["Steam","Rebound"],"picked":"Buffer","floor":3.0},{"not_picked":["Hello World","Consume"],"picked":"Reinforced Body","floor":4.0},{"not_picked":["Compile Driver","Hologram","Force Field"],"picked":"SKIP","floor":6.0},{"not_picked":["Stack","Redo","Recycle"],"picked":"SKIP","floor":7.0},{"not_picked":["hubris:PowerSurge","Compile Driver"],"picked":"Self Repair","floor":8.0},{"not_picked":["Stack","Go for the Eyes"],"picked":"Defragment","floor":10},{"not_picked":["Auto Shields","Rebound"],"picked":"Glacier","floor":12},{"not_picked":["Amplify","Meteor Strike"],"picked":"Reboot","floor":16},{"not_picked":["Double Energy","Conserve Battery"],"picked":"Lockon","floor":18},{"not_picked":["Conserve Battery","Hologram","Turbo"],"picked":"SKIP","floor":20}],"player_experience":3334573,"relics_obtained":[{"floor":6.0,"key":"Peace Pipe"},{"floor":9.0,"key":"Shuriken"}],"event_choices":[{"damage_healed":0.0,"max_hp_gain":0.0,"max_hp_loss":0.0,"gold_gain":0.0,"event_name":"Lab","player_choice":"Got Potions","floor":5.0,"gold_loss":0.0,"damage_taken":0.0},{"damage_healed":0,"gold_gain":0,"cards_transformed":["Strike_B"],"player_choice":"Change","damage_taken":0,"max_hp_gain":0,"max_hp_loss":0,"event_name":"Living Wall","floor":11,"gold_loss":0,"cards_obtained":["FTL"]},{"damage_healed":0,"gold_gain":0,"player_choice":"Donut","damage_taken":0,"max_hp_gain":5,"max_hp_loss":0,"event_name":"Big Fish","floor":14,"gold_loss":0},{"cards_removed":["Strike_B"],"damage_healed":0,"gold_gain":0,"player_choice":"Offered Basic","damage_taken":0,"max_hp_gain":0,"max_hp_loss":0,"event_name":"Bonfire Elementals","floor":19,"gold_loss":0},{"damage_healed":0,"gold_gain":0,"player_choice":"Upgraded","damage_taken":0,"max_hp_gain":0,"max_hp_loss":0,"event_name":"Upgrade Shrine","floor":22,"gold_loss":0,"cards_upgraded":["Buffer"]}],"is_beta":false,"boss_relics":[{"not_picked":["Snecko Eye","Runic Pyramid","Philosopher\u0027s Stone"]}],"items_purged_floors":[0],"is_endless":false,"potions_floor_spawned":[6,7,8,10,12,18],"killed_by":"Book of Stabbing","ascension_level":19}}