{"host":"agdto6ifbg57aw9m","time":1612076037,"event":{"mods":["2.2 Compatiblity","Aspiration","BaseMod","BetterRewards","Duelist Mod","Friendly Minions","GifTheSpireLib","Halation","Infinite Spire","Minty Spire (QoL Compilation)","Replay The Spire","Spikes Relics","StSLib","Stuff the Spire","The Spell Scribe"],"gold_per_floor":[144,163,178,193,193,219,219,245,245,264,264,264,308,327,327,456,456,475,385,7,32,32,63,77,116,116,156,156,156,156,169,169,295,295,313,327,345,361,361,361,404,424,505,523,523,561,52,70,70,191,191,191,191],"floor_reached":52,"language":"ENG","playtime":4118,"items_purged":["Injury","theDuelist:Sparks"],"score":1629,"play_id":"dcd96c90-e680-445d-b32a-d4081f5964a1","local_time":"20210131015357","is_ascension_mode":true,"campfire_choices":[{"data":"theDuelist:DupeFrog","floor":7,"key":"SMITH"},{"data":"theDuelist:FutureFusion","floor":12,"key":"SMITH"},{"data":"theDuelist:Umi","floor":15,"key":"SMITH"},{"data":"theDuelist:GishkiMarker","floor":28,"key":"SMITH"},{"data":"theDuelist:WaterHazard","floor":32,"key":"SMITH"},{"floor":40,"key":"REST"},{"floor":49,"key":"REST"}],"circlet_count":1,"master_deck":["theDuelist:SevenColoredFish","theDuelist:SevenColoredFish","theDuelist:AquaSpirit+1","AscendersBane","theDuelist:CastleWalls","theDuelist:CastleWalls","theDuelist:IslandTurtle","theDuelist:IslandTurtle","theDuelist:RevivalJam","theDuelist:Sparks","theDuelist:GishkiMarker+1","theDuelist:FutureFusion+1","theDuelist:DupeFrog+1","theDuelist:Umi+1","theDuelist:GraydleEagle","theDuelist:SharkStickers+1","theDuelist:Unifrog","theDuelist:MermaidKnight","theDuelist:MermailAbyssalacia","theDuelist:AmphibiousBugroth","theDuelist:SangaWater+1","theDuelist:DepthShark","theDuelist:ImperialCustom","theDuelist:RevivalJam","theDuelist:ImperialCustom","theDuelist:WaterHazard+1","theDuelist:MorayGreed","theDuelist:Dorover","theDuelist:SmashingGround+1","theDuelist:GishkiEmilia","theDuelist:DewlorenTigerKing+1","theDuelist:Umi+1","theDuelist:TripodFish+1","theDuelist:AegisOceanDragon+1","theDuelist:SpearfishSoldier+1","theDuelist:SummoningCurse","theDuelist:AegisOceanDragon+1","theDuelist:OhFish","theDuelist:SwampFrog+1","theDuelist:EvigishkiSoulOgre+1"],"relics":["theDuelist:MillenniumPuzzle","theDuelist:CardPoolRelic","theDuelist:CardPoolBasicRelic","theDuelist:BoosterPackPoolRelic","theDuelist:CardPoolAddRelic","theDuelist:CardPoolMinusRelic","theDuelist:CardPoolSaveRelic","theDuelist:CardPoolOptionsRelic","StuffTheSpire:DarkSteelAnvil","theDuelist:ElectricToken","halation:PromiseList","StuffTheSpire:EmeraldSignet","Golden Idol","Replay:WaspNest","StuffTheSpire:RunicHypercube","theDuelist:MillenniumSymbol","Happy Flower","Iron Hammer","Replay:Bottled Flurry","theDuelist:GoldenSail","theDuelist:DuelistTeaSet","CosmicIsotope","StuffTheSpire:Nightcore","Fusion Hammer","Kunai","aspiration:SeaSaltIceCream","Circlet","theDuelist:ResummonBranch","Oddly Smooth Stone","FossilizedHelix","theDuelist:ZoneToken","halation:Prosthetics"],"acts_visited":["Exordium","TheCity","TheBeyond","Exordium"],"potions_floor_usage":[16,18,25],"damage_taken":[{"damage":7,"enemies":"Jaw Worm","floor":1,"turns":4},{"damage":1,"enemies":"2 Louse","floor":2,"turns":2},{"damage":0,"enemies":"Small Slimes","floor":3,"turns":4},{"damage":14,"enemies":"Exordium Thugs","floor":4,"turns":7},{"damage":0,"enemies":"Lagavulin","floor":6,"turns":5},{"damage":0,"enemies":"3 Sentries","floor":8,"turns":4},{"damage":0,"enemies":"Blue Slaver","floor":10,"turns":2},{"damage":0,"enemies":"Lagavulin","floor":13,"turns":4},{"damage":0,"enemies":"3 Louse","floor":14,"turns":3},{"damage":12,"enemies":"Fading Forest","floor":16,"turns":11},{"damage":0,"enemies":"Spheric Guardian","floor":18,"turns":3},{"damage":2,"enemies":"Chosen","floor":21,"turns":2},{"damage":1,"enemies":"Book of Stabbing","floor":23,"turns":3},{"damage":0,"enemies":"3 Cultists","floor":24,"turns":3},{"damage":7,"enemies":"Gremlin Leader","floor":25,"turns":3},{"damage":0,"enemies":"Book of Stabbing","floor":27,"turns":3},{"damage":0,"enemies":"Snake Plant","floor":31,"turns":2},{"damage":0,"enemies":"Automaton","floor":33,"turns":5},{"damage":0,"enemies":"Orb Walker","floor":35,"turns":2},{"damage":0,"enemies":"3 Shapes","floor":36,"turns":3},{"damage":11,"enemies":"Jaw Worm Horde","floor":37,"turns":2},{"damage":1,"enemies":"Sphere and 2 Shapes","floor":38,"turns":3},{"damage":0,"enemies":"Nightmare","floor":41,"turns":3},{"damage":7,"enemies":"Spire Growth","floor":42,"turns":2},{"damage":0,"enemies":"Writhing Mass","floor":44,"turns":2},{"damage":0,"enemies":"Reptomancer","floor":46,"turns":2},{"damage":0,"enemies":"3 Darklings","floor":48,"turns":3},{"damage":0,"enemies":"Time Eater","floor":50,"turns":7},{"damage":0,"enemies":"Jaw Worm","floor":52,"turns":1}],"seed_played":"7229258608153346893","potions_obtained":[{"floor":1,"key":"Elixir"},{"floor":10,"key":"theDuelist:FusionPotion"},{"floor":14,"key":"AttackPotion"},{"floor":16,"key":"theDuelist:BurningPotionB"},{"floor":18,"key":"theDuelist:BurningPotion"},{"floor":21,"key":"Adrenaline Potion"},{"floor":25,"key":"theDuelist:BurningPotion"}],"is_trial":false,"path_per_floor":["M","M","M","M","?","E","R","E","T","M","?","R","E","M","R","B",null,"M","?","$","M","?","E","M","E","T","E","R","?","AVR","M","R","B",null,"M","M","M","M","?","R","NM","M","T","M","?","E","$","M","R","B",null,"M"],"character_chosen":"THE_DUELIST","items_purchased":["theDuelist:MillenniumSymbol","Happy Flower","FossilizedHelix","theDuelist:ZoneToken","theDuelist:OhFish"],"campfire_rested":2,"item_purchase_floors":[20,20,47,47,47],"current_hp_per_floor":[65,64,64,50,38,38,38,38,38,40,40,40,40,40,40,38,70,70,70,70,68,68,67,67,60,60,60,60,80,80,80,80,80,80,80,80,69,68,68,80,80,73,73,75,75,75,75,75,80,80,45,45,45],"gold":191,"neow_bonus":"UPGRADE_CARD","is_daily":false,"chose_seed":false,"campfire_upgraded":5,"win_rate":0.0,"timestamp":1612076037,"path_taken":["M","M","M","M","?","E","R","E","T","M","?","R","E","M","R","BOSS","M","?","?","M","?","E","M","E","T","E","R","?","AVR","M","R","BOSS","M","M","M","M","?","R","NM","?","T","M","?","E","$","M","R","BOSS","M"],"items_purchased_type":["Relic","Relic","Relic","Relic","Card"],"build_version":"2020-12-22","purchased_purges":2,"victory":false,"max_hp_per_floor":[80,80,80,80,80,80,80,80,80,80,80,80,80,80,80,80,80,80,80,80,80,80,80,80,80,80,80,80,80,80,80,80,80,80,80,80,80,80,80,80,80,80,80,80,80,80,80,80,80,80,45,45,45],"card_choices":[{"not_picked":["theDuelist:BattleOx","theDuelist:Fissure","theDuelist:GilfordLegend","theDuelist:SolemnStrike"],"picked":"theDuelist:GishkiMarker","floor":1},{"not_picked":["theDuelist:HammerShot","theDuelist:BigEye","theDuelist:GilfordLegend","theDuelist:Fissure"],"picked":"theDuelist:FutureFusion","floor":2},{"not_picked":["theDuelist:BattleOx","theDuelist:PoseidonWave","theDuelist:FutureFusion","theDuelist:PotAvarice"],"picked":"theDuelist:DupeFrog","floor":3},{"not_picked":["theDuelist:DiamondDust","theDuelist:ColdWave","theDuelist:WaterHazard","theDuelist:CallAtlanteans"],"picked":"theDuelist:Umi","floor":4},{"not_picked":["theDuelist:EvigishkiTetrogre","theDuelist:GraydleDragon","theDuelist:ImperialCustom","theDuelist:Submarineroid"],"picked":"theDuelist:GraydleEagle","floor":6},{"not_picked":["theDuelist:ToadallyAwesome","theDuelist:NimbleAngler","theDuelist:LegendaryOcean"],"picked":"theDuelist:SharkStickers","floor":8},{"not_picked":["theDuelist:GraydleCombat","theDuelist:ColdWave","theDuelist:BubbleBringer","theDuelist:GishkiPsychelone"],"picked":"theDuelist:Unifrog","floor":10},{"not_picked":["theDuelist:BattleOx","theDuelist:BlizzardDefender","theDuelist:HammerShot","theDuelist:Fissure"],"picked":"theDuelist:SolemnStrike","floor":13},{"not_picked":["theDuelist:AquaSpirit","theDuelist:NimbleSunfish","theDuelist:EvigishkiMerrowgeist","theDuelist:ArmoredStarfish"],"picked":"theDuelist:MermaidKnight","floor":14},{"not_picked":["theDuelist:SplashCapture","theDuelist:SeaLordAmulet","theDuelist:LostBlueBreaker","theDuelist:AtlanteanAttackSquad"],"picked":"theDuelist:MermailAbyssalacia","floor":16},{"not_picked":["theDuelist:GemKnightAmethyst","theDuelist:NimbleManta","theDuelist:CyberShark","theDuelist:CannonballSpearShellfish"],"picked":"theDuelist:AmphibiousBugroth","floor":18},{"not_picked":["theDuelist:LightningVortex","theDuelist:BlizzardDefender","theDuelist:HammerShot+1","theDuelist:Fissure"],"picked":"theDuelist:SangaWater+1","floor":21},{"not_picked":["theDuelist:Dewdark","theDuelist:KoakiMeiruIce","theDuelist:ArmoredStarfish+1","theDuelist:WaterSpirit"],"picked":"theDuelist:DepthShark","floor":23},{"not_picked":["theDuelist:OhFish","theDuelist:GraydleParasite","theDuelist:FishDepthCharge","theDuelist:BubbleBringer"],"picked":"theDuelist:ImperialCustom","floor":24},{"not_picked":["theDuelist:CannonballSpearShellfish","theDuelist:FrillerRabca","theDuelist:EvigishkiMerrowgeist","theDuelist:DrillBarnacle"],"picked":"theDuelist:RevivalJam","floor":25},{"not_picked":["theDuelist:MermaidKnight","theDuelist:KoakiMeiruIce+1","theDuelist:GraydleSlimeJr","theDuelist:GiantRedSeasnake"],"picked":"theDuelist:ImperialCustom","floor":27},{"not_picked":["theDuelist:FishKicks","theDuelist:NimbleManta","theDuelist:Submarineroid","theDuelist:IceHand"],"picked":"theDuelist:WaterHazard","floor":31},{"not_picked":["theDuelist:SplashCapture+1","theDuelist:SeaLordAmulet","theDuelist:GishkiPsychelone","theDuelist:AtlanteanAttackSquad"],"picked":"theDuelist:MorayGreed","floor":33},{"not_picked":["theDuelist:AbyssWarrior+1","theDuelist:GiantTurtle","theDuelist:BlizzardThunderbird+1","theDuelist:GemKnightAmethyst"],"picked":"theDuelist:Dorover","floor":35},{"not_picked":["theDuelist:BattleOx","theDuelist:Fissure+1","theDuelist:GilfordLegend+1","theDuelist:HammerShot+1"],"picked":"theDuelist:SmashingGround+1","floor":36},{"not_picked":["theDuelist:GishkiZielgigas","theDuelist:GishkiReliever+1","theDuelist:GishkiAriel+1","theDuelist:GishkiPsychelone+1"],"picked":"theDuelist:GishkiEmilia","floor":37},{"not_picked":["theDuelist:AtlanteanHeavyInfantry+1","theDuelist:AtlanteanAttackSquad"],"picked":"theDuelist:DewlorenTigerKing+1","floor":38},{"not_picked":["theDuelist:TorrentialReborn","theDuelist:SeaLordAmulet","theDuelist:LostBlueBreaker","theDuelist:AtlanteanAttackSquad+1"],"picked":"theDuelist:TripodFish+1","floor":41},{"not_picked":["theDuelist:WaterHazard","theDuelist:Umi","theDuelist:SharkStickers+1","theDuelist:ColdEnchanter"],"picked":"theDuelist:AegisOceanDragon+1","floor":42},{"not_picked":["theDuelist:AquaSpirit","theDuelist:GiantTurtle+1","theDuelist:HydraViper","theDuelist:DiamondDust"],"picked":"theDuelist:SpearfishSoldier+1","floor":44},{"not_picked":["theDuelist:WaterHazard+1","theDuelist:SharkStickers","theDuelist:CatapultTurtle","theDuelist:ToadallyAwesome+1"],"picked":"theDuelist:AegisOceanDragon+1","floor":46},{"not_picked":["theDuelist:MermaidKnight","theDuelist:GraydleSlimeJr+1","theDuelist:GishkiBeast+1","theDuelist:CannonballSpearShellfish+1"],"picked":"theDuelist:SwampFrog+1","floor":48},{"not_picked":["theDuelist:SeaLordAmulet","theDuelist:MermailAbyssalacia+1","theDuelist:ColdEnchanter","theDuelist:AtlanteanAttackSquad+1"],"picked":"theDuelist:EvigishkiSoulOgre+1","floor":50}],"player_experience":573113,"relics_obtained":[{"floor":6,"key":"theDuelist:ElectricToken"},{"floor":8,"key":"halation:PromiseList"},{"floor":9,"key":"StuffTheSpire:EmeraldSignet"},{"floor":13,"key":"Replay:WaspNest"},{"floor":23,"key":"Iron Hammer"},{"floor":25,"key":"Replay:Bottled Flurry"},{"floor":26,"key":"theDuelist:GoldenSail"},{"floor":27,"key":"theDuelist:DuelistTeaSet"},{"floor":41,"key":"Kunai"},{"floor":43,"key":"aspiration:SeaSaltIceCream"},{"floor":46,"key":"Oddly Smooth Stone"}],"event_choices":[{"damage_healed":0,"gold_gain":0,"player_choice":"Success","damage_taken":12,"relics_obtained":["StuffTheSpire:DarkSteelAnvil"],"max_hp_gain":0,"max_hp_loss":0,"event_name":"Scrap Ooze","floor":5,"gold_loss":0},{"damage_healed":0,"gold_gain":0,"player_choice":"Take Wound","damage_taken":0,"relics_obtained":["Golden Idol"],"max_hp_gain":0,"max_hp_loss":0,"event_name":"Golden Idol","floor":11,"gold_loss":0,"cards_obtained":["Injury"]},{"cards_removed":["theDuelist:SolemnStrike"],"damage_healed":0,"gold_gain":0,"player_choice":"Upgrade and Remove","damage_taken":0,"max_hp_gain":0,"max_hp_loss":0,"event_name":"Designer","floor":19,"gold_loss":90,"cards_upgraded":["theDuelist:SharkStickers"]},{"damage_healed":26,"gold_gain":0,"player_choice":"Heal","damage_taken":0,"max_hp_gain":0,"max_hp_loss":0,"event_name":"The Library","floor":29,"gold_loss":0},{"damage_healed":0,"gold_gain":0,"player_choice":"Copied","damage_taken":0,"max_hp_gain":0,"max_hp_loss":0,"event_name":"Duplicator","floor":39,"gold_loss":0,"cards_obtained":["theDuelist:Umi"]},{"damage_healed":0,"gold_gain":0,"player_choice":"Took item - Received: Millennium Branch","duelist":true,"damage_taken":0,"max_hp_gain":0,"max_hp_loss":0,"event_name":"Millennium Items","floor":45,"gold_loss":0}],"is_beta":false,"boss_relics":[{"not_picked":["Snecko Eye","Runic Cube"],"picked":"StuffTheSpire:RunicHypercube"},{"not_picked":["Honey Jar","Sozu"],"picked":"Fusion Hammer"},{"not_picked":["Replay:Grab Bag","halation:CatFaceCupcake"],"picked":"halation:Prosthetics"}],"items_purged_floors":[20,30],"is_endless":true,"potions_floor_spawned":[1,10,14,16,18,21,25,35,38,42,44,50],"killed_by":"Jaw Worm","ascension_level":10}}