{"host":"sian7qp8a9pc9xwd","time":1612104230,"event":{"mods":["BaseMod","Minty Spire (QoL Compilation)","StSLib","SuperFastMode"],"gold_per_floor":[112,131,406,425,439,439,453,453,453,453,468,483,499,533,533,533,533],"floor_reached":16,"language":"ENG","playtime":1061,"items_purged":[],"score":164,"play_id":"c86ee73e-9f35-4bad-8a52-cdb2c6d03b59","local_time":"20210131094350","is_ascension_mode":true,"campfire_choices":[{"data":"Clothesline","floor":6.0,"key":"SMITH"},{"data":"Rage","floor":8.0,"key":"SMITH"},{"data":"Wild Strike","floor":15,"key":"SMITH"}],"circlet_count":0,"master_deck":["AscendersBane","Strike_R","Strike_R","Strike_R","Strike_R","Strike_R","Defend_R","Defend_R","Defend_R","Defend_R","Bash","Wild Strike+1","Regret","Clothesline+1","Shrug It Off","Rage+1","Offering+1","Shrug It Off+1"],"relics":["Burning Blood","Bag of Preparation","Toxic Egg 2","Golden Idol","Pantograph"],"acts_visited":["Exordium"],"potions_floor_usage":[16],"damage_taken":[{"damage":6.0,"enemies":"Cultist","floor":1.0,"turns":4.0},{"damage":15.0,"enemies":"Small Slimes","floor":2.0,"turns":3.0},{"damage":8.0,"enemies":"2 Louse","floor":4.0,"turns":3.0},{"damage":21.0,"enemies":"Blue Slaver","floor":5.0,"turns":4.0},{"damage":19.0,"enemies":"Gremlin Gang","floor":7.0,"turns":6.0},{"damage":5.0,"enemies":"Large Slime","floor":11.0,"turns":5.0},{"damage":10.0,"enemies":"Blue Slaver","floor":12.0,"turns":4.0},{"damage":3.0,"enemies":"Looter","floor":13.0,"turns":3.0},{"damage":17.0,"enemies":"Lagavulin","floor":14.0,"turns":6.0},{"damage":45,"enemies":"Hexaghost","floor":16,"turns":14}],"seed_played":"7242190707225445456","potions_obtained":[{"floor":2.0,"key":"Dexterity Potion"},{"floor":7.0,"key":"PowerPotion"},{"floor":14.0,"key":"FearPotion"}],"is_trial":false,"path_per_floor":["M","M","?","M","M","R","M","R","T","?","M","M","M","E","R","B"],"character_chosen":"IRONCLAD","items_purchased":[],"campfire_rested":0,"item_purchase_floors":[],"current_hp_per_floor":[72,63,63,61,46,46,33,33,33,33,34,30,33,22,22,2,2],"gold":533,"neow_bonus":"RANDOM_COMMON_RELIC","is_daily":false,"chose_seed":false,"campfire_upgraded":3,"win_rate":0.0,"timestamp":1612104230,"path_taken":["M","?","?","M","?","R","M","R","T","?","M","M","M","E","R","BOSS"],"items_purchased_type":[],"build_version":"2020-12-22","purchased_purges":0,"victory":false,"max_hp_per_floor":[80,80,80,80,80,80,80,80,80,74,74,74,74,74,74,74,74],"card_choices":[{"not_picked":["Shockwave","Headbutt"],"picked":"Wild Strike","floor":1.0},{"not_picked":["Clash","Pummel","Headbutt"],"picked":"SKIP","floor":2.0},{"not_picked":["Heavy Blade","Sword Boomerang"],"picked":"Clothesline","floor":4.0},{"not_picked":["Havoc","Anger"],"picked":"Shrug It Off","floor":5.0},{"not_picked":["Thunderclap","Clash"],"picked":"Rage","floor":7.0},{"not_picked":["Second Wind+1","Sentinel+1","Heavy Blade"],"picked":"SKIP","floor":11.0},{"not_picked":["Hemokinesis","Shockwave+1","Reckless Charge"],"picked":"SKIP","floor":12.0},{"not_picked":["Sword Boomerang","Clothesline"],"picked":"Offering+1","floor":13.0},{"not_picked":["Whirlwind","Armaments+1"],"picked":"Shrug It Off+1","floor":14.0}],"player_experience":838558,"relics_obtained":[{"floor":9.0,"key":"Toxic Egg 2"},{"floor":14.0,"key":"Pantograph"}],"event_choices":[{"damage_healed":0.0,"max_hp_gain":0.0,"max_hp_loss":0.0,"gold_gain":275.0,"event_name":"Golden Shrine","player_choice":"Desecrate","floor":3.0,"gold_loss":0.0,"damage_taken":0.0,"cards_obtained":["Regret"]},{"damage_healed":0.0,"max_hp_gain":0.0,"max_hp_loss":6.0,"gold_gain":0.0,"event_name":"Golden Idol","player_choice":"Lose Max HP","floor":10.0,"gold_loss":0.0,"damage_taken":0.0,"relics_obtained":["Golden Idol"]}],"is_beta":false,"boss_relics":[],"items_purged_floors":[],"is_endless":false,"potions_floor_spawned":[2,7,12,14],"killed_by":"Hexaghost","ascension_level":11}}