{"host":"ohzd90ieay82el1q","time":1612086574,"event":{"mods":["Act Like it!","Arknights","Aspiration","BaseMod","Chen","Colored Map","Colored Powertips","DeckTracker","Gensokyo","Highlight Path","Hubris","Infinite Spire","Koishi","Marisa£®ÏF”Í°°ƒß¿Ì…≥£©","Minty Spire (QoL Compilation)","Quick Restart","Random Character Button","Reimu£®≤©¿ˆ¡È√Œ£©","Relic Sorter","Remilia£®¿Ÿ√◊¿Ú—«£©","Replay The Spire","StSLib","SuperFastMode","Synergy Search","The Cursed","The Gatherer","The Jungle","The Runesmith","The Servant 0.9.4","Youmu£®ªÍ∆«—˝√Œ£©","[IsaacMod]“‘»ˆº‚À˛","[JumpMod]ŒË∂Øº‚À˛","°æ“≈ŒÔø®≈∆°øREMEMod"],"gold_per_floor":[128,128,160,172,19,19,19,19,19,103,159,197,208,234,234,334,334,372,40,58,94,194,236,291,291,343,396,49,95,115,189,189,333,333,365,401,401,462,536,563,293,293,293,293,365,365,475,0,12,24],"floor_reached":51,"language":"ZHS","playtime":4090,"items_purged":["Defend_RM","Defend_RM","Strike_RM"],"score":1125,"play_id":"ba2f3319-0e3c-4930-a7b3-385a2ee6628b","local_time":"20210131174934","is_ascension_mode":true,"campfire_choices":[{"data":"CharismaGuard","floor":6,"key":"SMITH"},{"data":"RedMoon","floor":8,"key":"SMITH"},{"data":"NightDance","floor":15,"key":"SMITH"},{"data":"HeartBreak","floor":25,"key":"SMITH"},{"data":"MiserableFate","floor":25,"key":"SMITH"},{"data":"ScarletImprint","floor":32,"key":"SMITH"},{"data":"BettingIsNotGood","floor":32,"key":"SMITH"},{"data":"BatForm","floor":42,"key":"SMITH"},{"data":"Poisoned Strike","floor":42,"key":"SMITH"},{"data":"Flash of Steel","floor":44,"key":"SMITH"},{"data":"CharismaGuard","floor":44,"key":"SMITH"},{"data":"CharismaGuard","floor":49,"key":"SMITH"},{"data":"RedRainbow","floor":49,"key":"SMITH"}],"circlet_count":0,"master_deck":["Strike_RM","Strike_RM","Defend_RM","Defend_RM","RedMoon+1","ScarletShoot+1","BettingIsNotGood+1","ScarletImprint+1","LeisurelyOfLord+1","CharismaGuard+1","NightDance+1","RedRainbow+1","FavorOfDestiny","HeartBreak+1","CharismaGuard+1","CharismaGuard+1","MastersStateliness+1","MiserableFate+1","CharismaGuard+1","VampireKiss","ScarletImprint+1","BettingIsNotGood+1","Flash of Steel+1","BatForm+1","Poisoned Strike+1","NightDance+1","CharismaGuard+1","RedNightlessCastle+1","BombardNight+1","BloodHunter+1","ScarletImprint+1"],"relics":["ScarletHat","HushsDoor","KeepersGift","HowToJump","REME_ComplimentaryCards","Guide Book","Pet Ghost","Onion Ring","aspiration:TomeofQuesting","hubris:TinFlute","REME_LowDesire","infinitespire:PuzzleCube","hubris:ToyBattleship","Replay:Arrowhead","Replay:Baseball","infinitespire:Broken Mirror","Membership Card","Calipers","Quantum Egg","aspiration:AnachronicSnailShell","Black Star","Mirror","Simple Rune","Shuriken","TentaclePot:ReiMu","Molten Egg 2","Art of War","Ornamental Fan","infinitespire:ShieldingShard","MawBank","Replay:WaspNest","Red Mask"],"acts_visited":["Exordium","Exordium","TheBeyond"],"potions_floor_usage":[16,16,33,50,50,50],"damage_taken":[{"damage":0,"enemies":"Jaw Worm","floor":1,"turns":4},{"damage":4,"enemies":"2 Louse","floor":3,"turns":4},{"damage":3,"enemies":"Cultist","floor":4,"turns":5},{"damage":11,"enemies":"Lagavulin Event","floor":10,"turns":10},{"damage":27,"enemies":"Lagavulin","floor":11,"turns":8},{"damage":1,"enemies":"Red Slaver","floor":12,"turns":2},{"damage":0,"enemies":"2 Fungi Beasts","floor":13,"turns":1},{"damage":6,"enemies":"Gremlin Nob","floor":14,"turns":7},{"damage":12,"enemies":"Fading Forest","floor":16,"turns":11},{"damage":1,"enemies":"theJungle:MUSHROOMGANG","floor":18,"turns":3},{"damage":6,"enemies":"theJungle:5_Spyders","floor":20,"turns":9},{"damage":1,"enemies":"theJungle:JungleHuntersEncounter","floor":21,"turns":4},{"damage":19,"enemies":"theJungle:2_Flameangoes","floor":24,"turns":9},{"damage":0,"enemies":"theJungle:2_Phrogs","floor":27,"turns":8},{"damage":12,"enemies":"theJungle:MamaSnecko","floor":29,"turns":8},{"damage":3,"enemies":"theJungle:Snecko_Cultist_And_Trap","floor":30,"turns":8},{"damage":6,"enemies":"theJungle:2_Phrogs","floor":31,"turns":5},{"damage":18,"enemies":"theJungle:FunGuy","floor":33,"turns":9},{"damage":0,"enemies":"Orb Walker","floor":35,"turns":3},{"damage":9,"enemies":"3 Shapes","floor":36,"turns":5},{"damage":4,"enemies":"3 Darklings","floor":38,"turns":7},{"damage":4,"enemies":"Reptomancer","floor":40,"turns":5},{"damage":48,"enemies":"R_Hoarder","floor":45,"turns":8},{"damage":0,"enemies":"Giant Head","floor":47,"turns":8},{"damage":7,"enemies":"hubris:GrandSnecko","floor":50,"turns":7}],"seed_played":"-8727331440266755574","potions_obtained":[{"floor":4,"key":"BlessingOfTheForge"},{"floor":10,"key":"EssenceOfSteel"},{"floor":13,"key":"ZuzhouPotion:ReiMu"},{"floor":16,"key":"infinitespire:BlackPotion"},{"floor":20,"key":"Block Potion"},{"floor":27,"key":"DistilledChaos"},{"floor":33,"key":"Ancient Potion"},{"floor":38,"key":"LiquidMemories"}],"is_trial":false,"path_per_floor":["M","?","M","M","$","R","$","R","T","?","E","M","M","E","R","B",null,"M","$","M","M","?","?","M","R","T","E","$","E","M","E","R","B",null,"M","M","?","M","?","E","$","R","T","R","E","T","E","?","R","B",null],"character_chosen":"REMILIA","items_purchased":["Guide Book","Replay:Arrowhead","CharismaGuard","Membership Card","Calipers","Shuriken","TentaclePot:ReiMu","BombardNight+1"],"campfire_rested":0,"item_purchase_floors":[5,19,19,28,28,41,41,41],"current_hp_per_floor":[75,60,58,59,59,59,59,59,59,69,62,62,63,67,67,75,75,74,74,69,71,66,51,59,59,59,65,65,70,75,71,71,75,70,70,70,52,60,45,66,66,66,66,66,34,34,60,60,60,70],"gold":36,"neow_bonus":"RANDOM_EVENT","is_daily":false,"chose_seed":false,"campfire_upgraded":13,"win_rate":0.0,"timestamp":1612086574,"path_taken":["M","?","?","M","?","R","$","R","T","?","E","?","M","E","R","BOSS","M","$","?","M","?","?","M","R","T","E","$","E","M","E","R","BOSS","M","M","?","?","?","E","?","R","T","R","E","?","E","?","R","BOSS"],"items_purchased_type":["Relic","Relic","Card","Relic","Relic","Relic","Relic","Card"],"build_version":"2020-12-22","purchased_purges":3,"victory":true,"max_hp_per_floor":[75,75,75,75,75,75,75,75,75,75,75,75,75,75,75,75,75,75,75,75,75,75,75,75,75,75,75,75,75,75,75,75,75,70,70,70,70,70,70,70,70,70,70,70,70,70,70,70,70,70],"card_choices":[{"not_picked":[],"picked":"BettingIsNotGood","floor":0},{"not_picked":["NightLord","BloodAndWine"],"picked":"ScarletImprint","floor":1},{"not_picked":["TwelveNightmare","Stigmanizer"],"picked":"LeisurelyOfLord","floor":3},{"not_picked":["BlasphemousPunishment","NightLord"],"picked":"CharismaGuard","floor":4},{"not_picked":["BloodAndWine","BloodyMagicSquare"],"picked":"NightDance","floor":10},{"not_picked":["ScarletNetherworld","BlasphemousPunishment"],"picked":"RedRainbow","floor":11},{"not_picked":["BlasphemousPunishment","TransientEternity","DiffusionOfMisfortune"],"picked":"SKIP","floor":12},{"not_picked":["DiffusionOfMisfortune","RedMagic","ScarletDevilSign"],"picked":"SKIP","floor":13},{"not_picked":["MastersStateliness","BadLadyScramble"],"picked":"FavorOfDestiny","floor":14},{"not_picked":["DemonKingCradle","HellCatastrophe"],"picked":"HeartBreak","floor":16},{"not_picked":["UnderTheZenith","SuperhumanBloodyKnife","BloodyBrimstone"],"picked":"CharismaGuard+1","floor":18},{"not_picked":["LeisurelyOfLord","MiserableFate","Transmutation"],"picked":"MastersStateliness+1","floor":20},{"not_picked":["UnderTheZenith","UnstableMagic","Blind"],"picked":"MiserableFate","floor":21},{"not_picked":["Maim","BloodHunter","Replay:Sssssssssshield"],"picked":"CharismaGuard","floor":24},{"not_picked":["QueenOfMidnight","ReincarnationDial+1","Secret Weapon"],"picked":"VampireKiss","floor":27},{"not_picked":["BlasphemousPunishment+1","BloodAndWine","DoctorFetus"],"picked":"ScarletImprint","floor":29},{"not_picked":["VampireClaw","NightLord","MastersStateliness"],"picked":"BettingIsNotGood","floor":30},{"not_picked":["DiffusionOfMisfortune","StarOfDavid","BombardNight"],"picked":"Flash of Steel","floor":31},{"not_picked":["BloodRain","ChaoticDestiny","ReplayTheSpireMod:Private Reserves"],"picked":"BatForm","floor":33},{"not_picked":["LeisurelyOfLord","Stigmanizer","VampireKiss"],"picked":"Poisoned Strike","floor":35},{"not_picked":["AfternoonTea+1","Stigmanizer+1","Deep Breath+1"],"picked":"NightDance+1","floor":36},{"not_picked":["Stigmanizer+1","ScarletSymphony","REME_BuildACard"],"picked":"CharismaGuard+1","floor":38},{"not_picked":["BloodySeventeenLaser","BadLadyScramble+1","Panache"],"picked":"RedNightlessCastle+1","floor":40},{"not_picked":["CurseOfVladTepes","RedNightlessCastle+1","Violence"],"picked":"BloodHunter+1","floor":45},{"not_picked":["BlasphemousPunishment","NightDance+1","REME_HeartOfCthun+1"],"picked":"ScarletImprint+1","floor":47}],"player_experience":96972,"relics_obtained":[{"floor":9,"key":"Pet Ghost"},{"floor":10,"key":"Onion Ring"},{"floor":11,"key":"aspiration:TomeofQuesting"},{"floor":14,"key":"hubris:TinFlute"},{"floor":17,"key":"infinitespire:PuzzleCube"},{"floor":17,"key":"hubris:ToyBattleship"},{"floor":26,"key":"Replay:Baseball"},{"floor":27,"key":"infinitespire:Broken Mirror"},{"floor":29,"key":"Quantum Egg"},{"floor":31,"key":"aspiration:AnachronicSnailShell"},{"floor":40,"key":"Mirror"},{"floor":40,"key":"Simple Rune"},{"floor":43,"key":"Molten Egg 2"},{"floor":45,"key":"Art of War"},{"floor":45,"key":"Ornamental Fan"},{"floor":46,"key":"infinitespire:ShieldingShard"},{"floor":47,"key":"MawBank"},{"floor":47,"key":"Replay:WaspNest"}],"event_choices":[{"cards_removed":["Strike_RM"],"damage_healed":0,"gold_gain":0,"player_choice":"Forget","damage_taken":0,"max_hp_gain":0,"max_hp_loss":0,"event_name":"Living Wall","floor":0,"gold_loss":0},{"damage_healed":0,"gold_gain":0,"player_choice":"Entered Light","damage_taken":15,"max_hp_gain":0,"max_hp_loss":0,"event_name":"Shining Light","floor":2,"gold_loss":0,"cards_upgraded":["ScarletShoot","ScarletImprint"]},{"damage_healed":0,"gold_gain":0,"player_choice":"Searched \u00271\u0027 times","damage_taken":0,"max_hp_gain":0,"max_hp_loss":0,"event_name":"Dead Adventurer","floor":10,"gold_loss":0},{"damage_healed":0,"gold_gain":0,"player_choice":"Paid","damage_taken":0,"relics_obtained":["Red Mask"],"max_hp_gain":0,"max_hp_loss":0,"event_name":"Tomb of Lord Red Mask","floor":48,"gold_loss":487}],"is_beta":false,"boss_relics":[{"not_picked":["aspiration:RitualDagger","Astrolabe"],"picked":"REME_LowDesire"},{"not_picked":[]},{"not_picked":["Ring of Chaos","Tiny House"],"picked":"Black Star"},{"not_picked":[]}],"items_purged_floors":[28,34,41],"is_endless":false,"potions_floor_spawned":[4,10,13,14,20,24,27,33,38,45],"ascension_level":1}}