{"host":"o3b7ow6d1xe49css","time":1612087571,"event":{"mods":["Act Like it!","Aspiration","BaseMod","Bestiary","Better Altar","Better Match","Better Note","Better Sensory Stone","Better Skull","Better Third Choice","Colored Powertips","Conspire","Energized Spire","Force Act Four","GifTheSpireLib","Halation","Hermit","Hubris","Infinite Spire","Lobotomy","Minty Spire (QoL Compilation)","Quick Restart","Rare Cards Sparkle","Relic Filter Mod","Reliquary","Replay The Spire","Spicy Shops","Spikes Relics","Spire Arcade","StSLib","Stuff the Spire","The Blue Laboratory","Wandering Minibosses"],"gold_per_floor":[117,132,148,298,318,318,352,378,378,409,443,61,74,101,101,197,197,207,35,35,51,51,51,51,80,80,108,108,108,138,167,167,266,266,282,297,297,159,159,159,191,191,214,248,68,93,118,132,132,132,132],"floor_reached":50,"language":"ENG","playtime":15637,"items_purged":["Shame","Scorched","Strike_P","Strike_P","Strike_P"],"score":944,"play_id":"74adb38b-a244-44f2-abdd-1d767ee6905a","local_time":"20210131010611","daily_mods":["Heirloom","Flight"],"is_ascension_mode":true,"campfire_choices":[{"data":"Eruption","floor":6.0,"key":"SMITH"},{"data":"BattleHymn","floor":15.0,"key":"SMITH"},{"floor":23.0,"key":"REST"},{"floor":24.0,"key":"REST"},{"floor":29.0,"key":"RECALL"},{"floor":32.0,"key":"REST"},{"floor":40.0,"key":"REST"},{"floor":42.0,"key":"REST"},{"floor":49.0,"key":"REST"}],"circlet_count":0,"master_deck":["Strike_P+1","Defend_P","Defend_P","Defend_P","Defend_P","Eruption+1","Vigilance+1","Consecrate+1","OldLady","UniverseFragment","Mercenary","BowlingBash","Apotheosis","Wireheading+1","BattleHymn+1","OSAHOGD","Establishment","Protect","infinitespire:Menacing","Scrawl","DevaForm"],"relics":["PureWater","Ring of Chaos","hubris:FunFungus","CogitoBucket","infinitespire:Beetle Shell","hubris:SlimyHat","Rawhide","reliquary:BoilingFlask","StuffTheSpire:GrapeVine","Boot","Membership Card","hubris:DeckOfHolding","FleshIdol","RetroEgg","Fusion Hammer","wanderingMiniBosses:Blackblade","reliquary:Bookmark","Blue Candle","hubris:CuriousFeather","Gremlin Food","Pet Ghost","reliquary:IridiumChain","halation:Sosunser","halation:PromiseList","hubris:Towel","conspire:TopHat","Strawberry","reliquary:PrincelyHelmet","Oddly Smooth Stone","Melange","hubris:MysteriousPyramids","Replay:Bottled Flurry","AtMidnight","LuminousBracelet"],"acts_visited":["Exordium","TheCity","TheBeyond"],"potions_floor_usage":[],"damage_taken":[{"damage":6.0,"enemies":"2 Louse","floor":1.0,"turns":3.0},{"damage":0.0,"enemies":"Small Slimes","floor":2.0,"turns":2.0},{"damage":2.0,"enemies":"Jaw Worm","floor":3.0,"turns":2.0},{"damage":0.0,"enemies":"Blue Slaver","floor":5.0,"turns":3.0},{"damage":2.0,"enemies":"3 Sentries","floor":7.0,"turns":4.0},{"damage":10.0,"enemies":"Gremlin Nob","floor":8.0,"turns":3.0},{"damage":0.0,"enemies":"3 Sentries","floor":10.0,"turns":1.0},{"damage":7.0,"enemies":"Lagavulin","floor":11.0,"turns":4.0},{"damage":0.0,"enemies":"Looter","floor":13.0,"turns":2.0},{"damage":3.0,"enemies":"3 Sentries","floor":14.0,"turns":2.0},{"damage":17.0,"enemies":"Hexaghost","floor":16.0,"turns":6.0},{"damage":34.0,"enemies":"Chosen","floor":18.0,"turns":6.0},{"damage":1.0,"enemies":"2 Thieves","floor":21.0,"turns":3.0},{"damage":3.0,"enemies":"Replay:Snechameleon","floor":25.0,"turns":3.0},{"damage":33.0,"enemies":"Gremlin Leader","floor":27.0,"turns":3.0},{"damage":9.0,"enemies":"Book of Stabbing","floor":30.0,"turns":5.0},{"damage":20.0,"enemies":"Slavers","floor":31.0,"turns":3.0},{"damage":34.0,"enemies":"Collector","floor":33.0,"turns":5.0},{"damage":24.0,"enemies":"3 Darklings","floor":35.0,"turns":3.0},{"damage":5.0,"enemies":"Orb Walker","floor":36.0,"turns":2.0},{"damage":24.0,"enemies":"Nemesis","floor":41.0,"turns":5.0},{"damage":21.0,"enemies":"Reptomancer","floor":44.0,"turns":5.0},{"damage":27.0,"enemies":"Nightmare","floor":46.0,"turns":6.0},{"damage":3.0,"enemies":"R_Hoarder","floor":47.0,"turns":3.0},{"damage":10.0,"enemies":"Spire Growth","floor":48.0,"turns":4.0},{"damage":163,"enemies":"hubris:GrandSnecko","floor":50,"turns":4}],"seed_played":"3427147015627093415","potions_obtained":[{"floor":2.0,"key":"blueLaboratory:SavagePotion"},{"floor":3.0,"key":"blueLaboratory:SavagePotion"},{"floor":4.0,"key":"blueLaboratory:EpiphanyPotion"},{"floor":5.0,"key":"BottledMiracle"},{"floor":8.0,"key":"ColorlessPotion"},{"floor":21.0,"key":"blueLaboratory:TrueEctoplasm"},{"floor":31.0,"key":"blueLaboratory:FrostheartPotion"},{"floor":36.0,"key":"blueLaboratory:CorrosionFlask"},{"floor":44.0,"key":"blueLaboratory:FaithlessPotion"},{"floor":47.0,"key":"SteroidPotion"}],"is_trial":true,"path_per_floor":["M","M","M","?","M","R","E","E","T","E","E","$","M","E","R","B",null,"M","$","AVR","M","?","R","R","E","T","E","?","R","E","E","R","B",null,"M","M","AVR","$","?","R","E","R","T","E","$","NM","E","M","R","B"],"character_chosen":"WATCHER","items_purchased":["Membership Card","Apotheosis","Wireheading","blueLaboratory:FruitPunch","hubris:DeckOfHolding","reliquary:Bookmark","conspire:TimeTravelPotion","halation:PromiseList","Oddly Smooth Stone","Melange","blueLaboratory:MidnightOil"],"campfire_rested":6,"item_purchase_floors":[12,12,12,12,12,19,19,38,45,45,45],"current_hp_per_floor":[66,67,65,65,65,65,63,54,54,54,47,47,48,45,45,34,64,33,33,33,32,13,35,57,54,54,51,51,51,46,26,48,14,59,35,30,30,30,30,52,28,50,57,37,37,16,13,18,46,0,0],"gold":132,"neow_bonus":"","is_daily":false,"chose_seed":false,"campfire_upgraded":2,"win_rate":0.0,"timestamp":1612087571,"path_taken":["M","M","M","?","M","R","E","E","T","E","E","$","M","E","R","BOSS","M","$","AVR","M","?","R","R","E","T","E","?","R","E","E","R","BOSS","M","?","AVR","?","?","R","E","R","T","E","$","NM","E","M","R","BOSS"],"items_purchased_type":["Relic","Card","Card","Potion","Relic","Relic","Potion","Relic","Relic","Relic","Potion"],"build_version":"2020-12-22","purchased_purges":5,"victory":false,"max_hp_per_floor":[72,72,72,72,72,72,72,72,72,72,72,72,72,72,72,74,74,74,74,74,74,74,74,74,74,74,74,74,74,74,74,74,74,74,74,74,74,74,74,74,74,74,81,81,81,81,81,96,96,96,96],"card_choices":[{"not_picked":["HappyTeddy","BeautyBeast","MHz"],"picked":"Singing Bowl","floor":1.0},{"not_picked":["CrumblingArmor","FieryBird"],"picked":"Scorched","floor":1.0},{"not_picked":["FollowUp","DeceiveReality"],"picked":"Consecrate","floor":1.0},{"not_picked":["DespairKnight","Variant"],"picked":"OldLady","floor":2.0},{"not_picked":["Halt","WindmillStrike","MentalFortress"],"picked":"SKIP","floor":2.0},{"not_picked":["OSAHOGD","GreedKing"],"picked":"UniverseFragment","floor":3.0},{"not_picked":["BowlingBash","Protect","EmptyBody"],"picked":"SKIP","floor":3.0},{"not_picked":["CherryBlossoms","MHz","PunishingBird"],"picked":"Singing Bowl","floor":5.0},{"not_picked":["WaveOfTheHand","JustLucky","ClearTheMind"],"picked":"SKIP","floor":5.0},{"not_picked":["VoidDream","Bloodbath","MeatLantern"],"picked":"Singing Bowl","floor":7.0},{"not_picked":["PathToVictory","SashWhip","Nirvana"],"picked":"SKIP","floor":7.0},{"not_picked":["FieryBird","SnowQueen"],"picked":"Mercenary","floor":8.0},{"not_picked":["Replay:BluntJabs","Wish","Replay:ManipulateFuture"],"picked":"SKIP","floor":8.0},{"not_picked":["MHz","Yin","VoidDream"],"picked":"Singing Bowl","floor":10.0},{"not_picked":["Replay:Cycle","Consecrate"],"picked":"BowlingBash","floor":10.0},{"not_picked":["Bloodbath","CrumblingArmor","ShyLook"],"picked":"Singing Bowl","floor":11.0},{"not_picked":["Halt","MentalFortress","Replay:Battleflow"],"picked":"SKIP","floor":11.0},{"not_picked":["FairyFestival","WallGazer","MHz"],"picked":"Singing Bowl","floor":13.0},{"not_picked":["Halt","Study"],"picked":"BattleHymn","floor":13.0},{"not_picked":["NakedNest","PunishingBird"],"picked":"OSAHOGD","floor":14.0},{"not_picked":["EmptyFist","PathToVictory","Prostrate"],"picked":"SKIP","floor":14.0},{"not_picked":["SpiderBud","SnowQueen","Funeral"],"picked":"Singing Bowl","floor":16.0},{"not_picked":["Vault","SpiritShield"],"picked":"Establishment","floor":16.0},{"not_picked":["BlueStar","CherryBlossoms","QueenOfHatred"],"picked":"Singing Bowl","floor":18.0},{"not_picked":["wanderingMiniBosses:FinaleOfPromise"],"picked":"SKIP","floor":18.0},{"not_picked":["DeceiveReality","ClearTheMind","Consecrate"],"picked":"SKIP","floor":18.0},{"not_picked":["Bloodbath","SpiderBud","FairyFestival"],"picked":"Singing Bowl","floor":21.0},{"not_picked":["Prostrate+1","Study"],"picked":"Protect","floor":21.0},{"not_picked":["ReplayTheSpireMod:Chaos Vortex","ReplayTheSpireMod:Echoes of Time"],"picked":"infinitespire:Menacing","floor":22.0},{"not_picked":["FieryBird","GreedKing","Bloodbath"],"picked":"Singing Bowl","floor":25.0},{"not_picked":["Crescendo+1","CrushJoints","Consecrate"],"picked":"SKIP","floor":25.0},{"not_picked":["SnowQueen","BigBird","CENSORED"],"picked":"Singing Bowl","floor":27.0},{"not_picked":["Wireheading","BattleHymn","CarveReality+1"],"picked":"SKIP","floor":27.0},{"not_picked":["Laetitia","LongBird","Porccubus"],"picked":"Singing Bowl","floor":30.0},{"not_picked":["CrushJoints","WaveOfTheHand+1","FlurryOfBlows"],"picked":"SKIP","floor":30.0},{"not_picked":["GalaxyChild","Rudolta","VoidDream"],"picked":"Singing Bowl","floor":31.0},{"not_picked":["BowlingBash","Crescendo","ReachHeaven"],"picked":"SKIP","floor":31.0},{"not_picked":["Omniscience","MasterReality"],"picked":"Scrawl","floor":33.0},{"not_picked":["Alriune","Scarecrow","RedShoes"],"picked":"Singing Bowl","floor":33.0},{"not_picked":["FlurryOfBlows+1","Halt+1","Protect"],"picked":"SKIP","floor":35.0},{"not_picked":["Meditate","WindmillStrike+1","Protect"],"picked":"SKIP","floor":36.0},{"not_picked":["FlyingSleeves+1","Collect+1","FlurryOfBlows+1"],"picked":"SKIP","floor":41.0},{"not_picked":["Perseverance","CutThroughFate+1","Replay:Vibes+1"],"picked":"SKIP","floor":44.0},{"not_picked":["SashWhip+1","WreathOfFlame+1","FearNoEvil"],"picked":"SKIP","floor":46.0},{"not_picked":["SpiritShield","Evaluate+1"],"picked":"DevaForm","floor":47.0},{"not_picked":["Devotion","Crescendo+1","CutThroughFate+1"],"picked":"SKIP","floor":48.0}],"player_experience":1207672,"relics_obtained":[{"floor":4.0,"key":"infinitespire:Beetle Shell"},{"floor":7.0,"key":"hubris:SlimyHat"},{"floor":8.0,"key":"Rawhide"},{"floor":9.0,"key":"reliquary:BoilingFlask"},{"floor":10.0,"key":"StuffTheSpire:GrapeVine"},{"floor":11.0,"key":"Boot"},{"floor":14.0,"key":"RetroEgg"},{"floor":18.0,"key":"wanderingMiniBosses:Blackblade"},{"floor":25.0,"key":"hubris:CuriousFeather"},{"floor":27.0,"key":"Gremlin Food"},{"floor":30.0,"key":"Pet Ghost"},{"floor":31.0,"key":"reliquary:IridiumChain"},{"floor":41.0,"key":"conspire:TopHat"},{"floor":43.0,"key":"Strawberry"},{"floor":44.0,"key":"reliquary:PrincelyHelmet"},{"floor":46.0,"key":"hubris:MysteriousPyramids"},{"floor":47.0,"key":"Replay:Bottled Flurry"},{"floor":48.0,"key":"AtMidnight"}],"event_choices":[{"damage_healed":0.0,"max_hp_gain":0.0,"max_hp_loss":0.0,"gold_gain":0.0,"event_name":"conspire:Investor","player_choice":"Leave","floor":28.0,"gold_loss":0.0,"damage_taken":0.0}],"is_beta":false,"boss_relics":[{"not_picked":["energizedSpire:BlackCloud","SacredBark"],"picked":"Fusion Hammer"},{"not_picked":["Runic Pyramid","aspiration:FutureDiary","Pandora\u0027s Box"]}],"items_purged_floors":[12,19,20,37,38],"is_endless":true,"potions_floor_spawned":[2,3,5,8,11,21,31,36,44,47],"killed_by":"hubris:GrandSnecko","ascension_level":5}}