{"host":"ocll6kdfqxraqtza","time":1612069701,"event":{"mods":["2.2 Compatiblity","Act Like it!","Aspiration","BaseMod","Better Third Choice","Gensokyo","Hallownest","Hermit","Hubris","Jorbs\u0027s Wanderer Trilogy","Luminous","Marisa（霧雨　魔理沙）","Minty Spire (QoL Compilation)","Reimu（博??梦）","Replay The Spire","Shade Mod","StSLib","The Alterego","The Bug Knight","The Cursed","The Hierophant","The Marked","The Runesmith","TheBandit","Wandering Minibosses"],"gold_per_floor":[118,63,63,63,63,96,116,446,446,536,546,546,560,560,560,662,662,672,452,468,468,182,215,215,249,249,249,209,209,209,209,209],"floor_reached":31,"language":"ENG","playtime":947,"items_purged":["theMarked:Strike"],"score":288,"play_id":"26e71f7a-0af0-490f-841f-6540f417b336","local_time":"20210131130821","is_ascension_mode":true,"campfire_choices":[{"data":"theMarked:DispelDoubt","floor":12.0,"key":"SMITH"},{"data":"theMarked:Parry","floor":15.0,"key":"SMITH"},{"data":"theMarked:BindingBlade","floor":24.0,"key":"SMITH"},{"data":"theMarked:FavorableWinds","floor":29.0,"key":"SMITH"}],"circlet_count":0,"master_deck":["theMarked:Strike","theMarked:Strike","theMarked:Strike","theMarked:Defend","theMarked:Defend","theMarked:Defend","theMarked:Defend","theMarked:SoldierOfQuellstein+1","theMarked:Parry+1","theMarked:SwordAndMagic","theMarked:TakeCover","theMarked:BindingBlade+1","theMarked:TurnInvisible+1","theMarked:DispelDoubt+1","theMarked:ShockingTouch","theMarked:GodGivenPower","theMarked:Static","theMarked:TwofoldDefense","theMarked:FavorableWinds+1","theMarked:ContemptForTheProud","theMarked:ContemptForTheProud","theMarked:Abjuration","theMarked:Memento+1","theMarked:AttractMetal+1","theMarked:TakeCover+1","theMarked:EmpowerWeapon+1","theMarked:Indomitable+1"],"relics":["theMarked:ArtifactOfAir","hubris:Icosahedron","Mastiff:ReiMu","aspiration:ChemicalBlood","Sozu","aspiration:Nostalgia","MiniHakkero","Gensokyo:SongOfSouls","Bird Faced Urn","Iron Hammer","aspiration:HatOfInfinitePower","Garlic","Bottled Lightning"],"acts_visited":["Gensokyo:Gensokyo","Gensokyo:Gensokyoer"],"potions_floor_usage":[],"damage_taken":[{"damage":1.0,"enemies":"Gensokyo:Gryphon","floor":1.0,"turns":4.0},{"damage":34.0,"enemies":"Gensokyo:Aya","floor":6.0,"turns":8.0},{"damage":0.0,"enemies":"Gensokyo:Python","floor":7.0,"turns":3.0},{"damage":27.0,"enemies":"Gensokyo:Cirno","floor":8.0,"turns":7.0},{"damage":2.0,"enemies":"Gensokyo:2_Kodama","floor":11.0,"turns":4.0},{"damage":0.0,"enemies":"Gensokyo:LivingMonolith","floor":13.0,"turns":2.0},{"damage":36.0,"enemies":"Gensokyo:Reimu","floor":16.0,"turns":7.0},{"damage":2.0,"enemies":"Gensokyo:Chomper","floor":18.0,"turns":3.0},{"damage":0.0,"enemies":"Gensokyo:CosmicMonolith","floor":20.0,"turns":2.0},{"damage":31.0,"enemies":"Gensokyo:Tenshi","floor":23.0,"turns":5.0},{"damage":31.0,"enemies":"Gensokyo:Koishi","floor":25.0,"turns":5.0},{"damage":10,"enemies":"Gensokyo:Tenshi","floor":31,"turns":1}],"seed_played":"6566140466080756428","potions_obtained":[{"floor":8.0,"key":"Strength Potion"},{"floor":13.0,"key":"SmokeBomb"},{"floor":16.0,"key":"Block Potion"},{"floor":16.0,"key":"FearPotion"}],"is_trial":false,"path_per_floor":["M","COS","?","?","?","E","M","E","T","?","M","R","M","?","R","B",null,"M","$","M","?","$","E","R","E","T","?","?","R","T","E"],"character_chosen":"THE_DEFAULT","items_purchased":["aspiration:Nostalgia","Bird Faced Urn"],"campfire_rested":0,"item_purchase_floors":[19,22],"current_hp_per_floor":[69,69,69,69,69,36,70,43,43,15,13,13,13,13,13,34,70,68,68,68,68,68,39,39,10,10,10,10,10,10,0,0],"gold":209,"neow_bonus":"TRANSFORM_CARD","is_daily":false,"chose_seed":false,"campfire_upgraded":4,"win_rate":0.0,"timestamp":1612069701,"path_taken":["M","COS","?","?","?","E","M","E","T","?","?","R","?","?","R","BOSS","M","$","M","?","$","E","R","E","T","?","?","R","?","E"],"items_purchased_type":["Relic","Relic"],"build_version":"2020-12-22","purchased_purges":1,"victory":false,"max_hp_per_floor":[70,70,70,70,70,70,70,70,70,70,70,70,70,70,70,70,70,70,70,70,70,70,70,70,70,70,70,70,70,70,70,70],"card_choices":[{"not_picked":["theMarked:TwofoldDefense","theMarked:WastefulAttack"],"picked":"theMarked:SwordAndMagic","floor":1.0},{"not_picked":["theMarked:Frustration","theMarked:Memento"],"picked":"theMarked:TakeCover","floor":3.0},{"not_picked":["theMarked:EmpowerWeapon","theMarked:Reabsorb"],"picked":"theMarked:BindingBlade","floor":3.0},{"not_picked":["theMarked:Maelstrom+1","theMarked:LightningStrikesTwice+1"],"picked":"theMarked:TurnInvisible+1","floor":6.0},{"not_picked":["theMarked:ContemptForTheProud","theMarked:SwordAndMagic"],"picked":"theMarked:DispelDoubt","floor":6.0},{"not_picked":["theMarked:ElectricStrings","theMarked:Overthink"],"picked":"theMarked:ShockingTouch","floor":7.0},{"not_picked":["theMarked:Generate","theMarked:Convert"],"picked":"theMarked:GodGivenPower","floor":8.0},{"not_picked":["theMarked:WastefulAttack","theMarked:Parkour"],"picked":"theMarked:Static","floor":10.0},{"not_picked":["theMarked:Generate","theMarked:ChainLightning"],"picked":"theMarked:TwofoldDefense","floor":10.0},{"not_picked":["theMarked:SwordAndMagic","theMarked:ResourceFulStrike"],"picked":"theMarked:FavorableWinds","floor":10.0},{"not_picked":["theMarked:Frustration","theMarked:HeightenedSenses"],"picked":"theMarked:ContemptForTheProud","floor":11.0},{"not_picked":["theMarked:TwofoldDefense","theMarked:HeightenedSenses"],"picked":"theMarked:ContemptForTheProud","floor":13.0},{"not_picked":["theMarked:EternalStudent","theMarked:BindingBlade"],"picked":"theMarked:Abjuration","floor":16.0},{"not_picked":["theMarked:Parkour+1","theMarked:Determination+1"],"picked":"theMarked:Memento+1","floor":18.0},{"not_picked":["theMarked:HeightenedSenses","theMarked:MuscleMemory+1"],"picked":"theMarked:AttractMetal+1","floor":20.0},{"not_picked":["theMarked:ResourceFulStrike","theMarked:TurnInvisible"],"picked":"theMarked:TakeCover+1","floor":23.0},{"not_picked":["theMarked:TwofoldDefense","theMarked:Improvise"],"picked":"theMarked:EmpowerWeapon+1","floor":25.0}],"player_experience":486198,"relics_obtained":[{"floor":6.0,"key":"Mastiff:ReiMu"},{"floor":8.0,"key":"aspiration:ChemicalBlood"},{"floor":23.0,"key":"Iron Hammer"},{"floor":25.0,"key":"aspiration:HatOfInfinitePower"},{"floor":26.0,"key":"Garlic"},{"floor":30.0,"key":"Bottled Lightning"}],"event_choices":[],"is_beta":false,"boss_relics":[{"not_picked":["RedLine:ReiMu","aspiration:MobileForge"],"picked":"Sozu"}],"items_purged_floors":[19],"is_endless":false,"potions_floor_spawned":[8,13,16,18,23],"killed_by":"Gensokyo:Tenshi","ascension_level":1}}