{"host":"2se5dq1do2gp0x9k","time":1612116555,"event":{"mods":["AchievementEnabler","BaseMod","Block Reminder","Colored Map","Colored Powertips","Minty Spire (QoL Compilation)","Relic Stats","StSLib","SuperFastMode"],"gold_per_floor":[119,139,159,174,174,201,201,234,261,80,80,139,139,157,157,236,236,256,268,268,268],"floor_reached":20,"language":"ENG","playtime":1142,"items_purged":["Strike_P"],"score":350,"play_id":"83582b99-66c8-46c8-aa37-39a69ef14d48","local_time":"20210131100915","is_ascension_mode":true,"campfire_choices":[{"data":"CarveReality","floor":7.0,"key":"SMITH"},{"floor":11.0,"key":"REST"},{"data":"DevaForm","floor":13.0,"key":"SMITH"},{"floor":15.0,"key":"REST"}],"circlet_count":0,"master_deck":["AscendersBane","Strike_P+1","Strike_P+1","Defend_P+1","Defend_P+1","Eruption+1","Vigilance+1","Omniscience+1","LessonLearned+1","Weave+1","Consecrate","JustLucky+1","CarveReality+1","CutThroughFate","Wireheading","Tantrum","DevaForm+1","CutThroughFate","Ragnarok","CurseOfTheBell","EmptyBody","CutThroughFate+1"],"relics":["Astrolabe","Bottled Flame","Regal Pillow","MawBank","Happy Flower","Calling Bell","Strawberry","Molten Egg 2","GoldenEye"],"acts_visited":["Exordium","TheCity"],"potions_floor_usage":[],"damage_taken":[{"damage":4.0,"enemies":"Jaw Worm","floor":1.0,"turns":3.0},{"damage":0.0,"enemies":"Cultist","floor":2.0,"turns":2.0},{"damage":0.0,"enemies":"2 Louse","floor":3.0,"turns":4.0},{"damage":2.0,"enemies":"Exordium Wildlife","floor":4.0,"turns":4.0},{"damage":22.0,"enemies":"3 Sentries","floor":6.0,"turns":3.0},{"damage":22.0,"enemies":"Lagavulin","floor":8.0,"turns":6.0},{"damage":0.0,"enemies":"Gremlin Nob","floor":12.0,"turns":2.0},{"damage":16.0,"enemies":"Exordium Thugs","floor":14.0,"turns":3.0},{"damage":35,"enemies":"The Guardian","floor":16,"turns":12},{"damage":12,"enemies":"3 Byrds","floor":18,"turns":4},{"damage":11,"enemies":"2 Thieves","floor":19,"turns":3},{"damage":32,"enemies":"Chosen and Byrds","floor":20,"turns":6}],"seed_played":"-5006052825070105696","potions_obtained":[{"floor":1.0,"key":"DuplicationPotion"},{"floor":3.0,"key":"Strength Potion"},{"floor":16,"key":"Fruit Juice"},{"floor":19,"key":"EntropicBrew"}],"is_trial":false,"path_per_floor":["M","M","M","M","?","E","R","E","T","$","R","?","R","M","R","B",null,"M","M","M"],"character_chosen":"WATCHER","items_purchased":["Wireheading","Tantrum"],"campfire_rested":2,"item_purchase_floors":[10,10],"current_hp_per_floor":[57,57,57,55,55,33,33,11,11,11,46,46,46,30,65,30,66,54,43,11,11],"gold":268,"neow_bonus":"BOSS_RELIC","is_daily":false,"chose_seed":false,"campfire_upgraded":2,"win_rate":0.0,"timestamp":1612116555,"path_taken":["M","M","M","M","?","E","R","E","T","?","R","?","R","?","R","BOSS","M","M","M"],"items_purchased_type":["Card","Card"],"build_version":"2020-12-22","purchased_purges":1,"victory":false,"max_hp_per_floor":[68,68,68,68,68,68,68,68,68,68,68,68,68,68,68,68,75,75,75,75,75],"relic_stats":{"Regal Pillow":30,"Happy Flower":[9],"counters":[12,51],"Astrolabe":["Omniscience","LessonLearned","Weave"],"MawBank":12,"GoldenEye":[28],"obtain_stats":[{"Calling Bell":17,"Bottled Flame":6,"Regal Pillow":8,"Happy Flower":12,"Astrolabe":0,"Strawberry":17,"Molten Egg 2":17,"PureWater":0,"MawBank":9,"GoldenEye":17},{"Calling Bell":9,"Bottled Flame":5,"Regal Pillow":6,"Happy Flower":7,"Astrolabe":0,"Strawberry":9,"Molten Egg 2":9,"PureWater":0,"MawBank":6,"GoldenEye":9},{"Calling Bell":39,"Bottled Flame":16,"Regal Pillow":22,"Happy Flower":24,"Astrolabe":0,"Strawberry":39,"Molten Egg 2":39,"PureWater":0,"MawBank":22,"GoldenEye":39}]},"card_choices":[{"not_picked":["InnerPeace","Vengeance"],"picked":"Consecrate","floor":1.0},{"not_picked":["FlyingSleeves","Halt"],"picked":"JustLucky","floor":2.0},{"not_picked":["Consecrate","Evaluate","Study"],"picked":"SKIP","floor":3.0},{"not_picked":["Consecrate","PathToVictory","Indignation"],"picked":"SKIP","floor":4.0},{"not_picked":["Adaptation","InnerPeace"],"picked":"CarveReality","floor":6.0},{"not_picked":["BattleHymn","JustLucky"],"picked":"CutThroughFate","floor":8.0},{"not_picked":["BowlingBash","Protect"],"picked":"DevaForm","floor":12.0},{"not_picked":["EmptyBody","Prostrate"],"picked":"CutThroughFate","floor":14.0},{"not_picked":["Blasphemy","Omniscience"],"picked":"Ragnarok","floor":16},{"not_picked":["Conclude+1","Prostrate"],"picked":"EmptyBody","floor":18},{"not_picked":["SashWhip+1","Evaluate"],"picked":"CutThroughFate+1","floor":19}],"player_experience":4022624,"relics_obtained":[{"floor":6.0,"key":"Bottled Flame"},{"floor":8.0,"key":"Regal Pillow"},{"floor":9.0,"key":"MawBank"},{"floor":12.0,"key":"Happy Flower"},{"floor":17,"key":"Strawberry"},{"floor":17,"key":"Molten Egg 2"},{"floor":17,"key":"GoldenEye"}],"event_choices":[{"damage_healed":0.0,"max_hp_gain":0.0,"max_hp_loss":0.0,"gold_gain":0.0,"event_name":"Upgrade Shrine","player_choice":"Upgraded","floor":5.0,"gold_loss":0.0,"damage_taken":0.0,"cards_upgraded":["Eruption"]},{"damage_healed":0.0,"max_hp_gain":0.0,"max_hp_loss":0.0,"gold_gain":0.0,"event_name":"Dead Adventurer","player_choice":"Searched \u00271\u0027 times","floor":12.0,"gold_loss":0.0,"damage_taken":0.0}],"is_beta":false,"boss_relics":[{"not_picked":["Sozu","Empty Cage"],"picked":"Calling Bell"}],"items_purged_floors":[10],"is_endless":false,"potions_floor_spawned":[1,3,16,19],"killed_by":"Chosen and Byrds","ascension_level":18}}