{"host":"Nico","time":1612052038,"event":{"mods":["2.2 Compatiblity","AchievementEnabler","Aspiration","BaseMod","Beaked The Cultist","Better Altar","Better Note","Better Skull","Conspire","Custom Start","DeckTracker","Displayed Cursed Tome","Energized Spire","Halation","Highlight Path","Hubris","Infinite Spire","Minty Spire (QoL Compilation)","Permanent Neow","Poor People Problems","Relic Filter Mod","Relic Sorter","Replay The Spire","Shop Mod","StSLib","Synergy Search","The Cursed","TheVacant","Trackpad","Transform Curses","Unknown Chances"],"gold_per_floor":[118,67,138,213,213,243,243,269,269,291,85,105,105,147,147,271,271,310,330,358,358,358,358,405,405,405,429,429,461,485,546,546,600,600],"floor_reached":33,"language":"ENG","playtime":1986,"items_purged":[],"score":353,"play_id":"5159f055-622d-42e5-a934-661570d4cd17","local_time":"20210131001358","is_ascension_mode":false,"campfire_choices":[{"floor":7,"key":"RECALL"},{"data":"Armaments","floor":15,"key":"SMITH"},{"data":"Armaments","floor":23,"key":"SMITH"},{"floor":25,"key":"REST"},{"data":"Limit Break","floor":28,"key":"SMITH"},{"floor":32,"key":"REST"}],"circlet_count":0,"master_deck":["Strike_R","Strike_R","Strike_R","Strike_R","Strike_R","Defend_R","Defend_R","Defend_R","Defend_R","Bash","Headbutt","Thunderclap","conspire:Charge","Iron Wave","Clash","Armaments+1","Twin Strike","Pain","Inflame","Limit Break+1","Armaments+1","hubris:ReadiedAction","Metallicize","Cleave","Headbutt","Armaments+1","ReplayTheSpireMod:Black Plague","Feel No Pain"],"relics":["Burning Blood","NeowsBlessing","halation:Toothbrush","infinitespire:Midas Blood","Mercury Hourglass","Darkstone Periapt","Medical Kit","WarpedTongs","Eternal Feather","infinitespire:Burning Sword","Bottled Lightning","halation:IllGainedPizza","halation:PromiseList"],"acts_visited":["Exordium","TheCity"],"potions_floor_usage":[16,31],"damage_taken":[{"damage":0,"enemies":"Cultist","floor":1,"turns":1},{"damage":0,"enemies":"Gremlin Nob","floor":6,"turns":1},{"damage":0,"enemies":"3 Sentries","floor":8,"turns":1},{"damage":7,"enemies":"Jaw Worm","floor":10,"turns":3},{"damage":5,"enemies":"Small Slimes","floor":12,"turns":2},{"damage":24,"enemies":"Lagavulin","floor":14,"turns":4},{"damage":36,"enemies":"Hexaghost","floor":16,"turns":9},{"damage":14,"enemies":"3 Byrds","floor":18,"turns":4},{"damage":13,"enemies":"Chosen","floor":19,"turns":4},{"damage":12,"enemies":"Snecko","floor":20,"turns":5},{"damage":40,"enemies":"conspire:SneckoGhost","floor":24,"turns":4},{"damage":17,"enemies":"conspire:HollyBat","floor":27,"turns":8},{"damage":12,"enemies":"3 Cultists","floor":29,"turns":4},{"damage":19,"enemies":"Sentry and Sphere","floor":30,"turns":4},{"damage":58,"enemies":"Nightmare","floor":31,"turns":8},{"damage":50,"enemies":"Pondfish","floor":33,"turns":4}],"seed_played":"651907730120213871","potions_obtained":[{"floor":1,"key":"infinitespire:BlackPotion"},{"floor":12,"key":"Dexterity Potion"},{"floor":14,"key":"Adrenaline Potion"},{"floor":16,"key":"Explosive Potion"}],"is_trial":false,"path_per_floor":["M","$","T","?","?","E","R","E","T","M","$","M","?","E","R","B",null,"M","M","M","AVR","?","R","E","R","T","M","R","M","M","NM","R","B"],"character_chosen":"IRONCLAD","items_purchased":["Thunderclap","Medical Kit","Armaments"],"campfire_rested":2,"item_purchase_floors":[2,11,11],"current_hp_per_floor":[80,80,80,69,69,75,75,80,80,79,79,80,86,68,77,47,86,78,71,65,65,65,77,43,80,80,69,81,75,62,10,50,0,0],"gold":600,"neow_bonus":"THREE_ENEMY_KILL","is_daily":false,"chose_seed":false,"campfire_upgraded":3,"win_rate":0.0,"timestamp":1612052038,"path_taken":["M","$","?","?","?","E","R","E","T","?","$","M","?","E","R","BOSS","M","M","M","AVR","?","R","E","R","T","M","R","M","M","NM","R","BOSS"],"items_purchased_type":["Card","Relic","Card"],"build_version":"2020-12-18","purchased_purges":0,"victory":false,"max_hp_per_floor":[80,80,80,80,80,80,80,80,80,80,80,80,86,86,86,86,86,86,86,86,86,86,86,86,86,86,86,86,86,86,86,86,86,86],"card_choices":[{"not_picked":["Pummel","Pommel Strike"],"picked":"Headbutt","floor":1},{"not_picked":["Blood for Blood","conspire:ExplosiveBarrier"],"picked":"conspire:Charge","floor":6},{"not_picked":["Second Wind","Replay:Many Hands"],"picked":"Iron Wave","floor":8},{"not_picked":["True Grit","Run Through"],"picked":"Clash","floor":10},{"not_picked":["Rampage","Havoc"],"picked":"Twin Strike","floor":12},{"not_picked":["Dark Embrace","Uppercut"],"picked":"Inflame","floor":14},{"not_picked":["Impervious","Juggernaut"],"picked":"Limit Break","floor":16},{"not_picked":["Flame Barrier","Pommel Strike"],"picked":"Armaments","floor":18},{"not_picked":["Perfected Strike","Offering"],"picked":"hubris:ReadiedAction","floor":19},{"not_picked":["Thunderclap","Reckless Charge"],"picked":"Metallicize","floor":20},{"not_picked":["Armaments","Iron Wave"],"picked":"Cleave","floor":24},{"not_picked":["Clothesline+1","Warcry","Rupture+1"],"picked":"SKIP","floor":27},{"not_picked":["Clothesline+1","Warcry","Rupture+1"],"picked":"SKIP","floor":27},{"not_picked":["Infernal Blade","ReplayTheSpireMod:Strike From Hell"],"picked":"Headbutt","floor":29},{"not_picked":["Heavy Blade","Clash"],"picked":"Armaments+1","floor":30},{"not_picked":["infinitespire:SealOfDarkness+","infinitespire:Execution"],"picked":"ReplayTheSpireMod:Black Plague","floor":31},{"not_picked":["Sentinel","Headbutt+1"],"picked":"Feel No Pain","floor":31}],"player_experience":678002,"relics_obtained":[{"floor":3,"key":"halation:Toothbrush"},{"floor":6,"key":"infinitespire:Midas Blood"},{"floor":8,"key":"Mercury Hourglass"},{"floor":9,"key":"Darkstone Periapt"},{"floor":14,"key":"Eternal Feather"},{"floor":24,"key":"halation:IllGainedPizza"},{"floor":31,"key":"halation:PromiseList"}],"event_choices":[{"damage_healed":0,"gold_gain":75,"player_choice":"Gather Gold","damage_taken":11,"max_hp_gain":0,"max_hp_loss":0,"event_name":"World of Goop","floor":4,"gold_loss":0},{"damage_healed":0,"gold_gain":0,"player_choice":"Ignored","damage_taken":0,"max_hp_gain":0,"max_hp_loss":0,"event_name":"Transmorgrifier","floor":5,"gold_loss":0},{"damage_healed":0,"gold_gain":0,"player_choice":"Rummage","damage_taken":0,"relics_obtained":["WarpedTongs"],"max_hp_gain":0,"max_hp_loss":0,"event_name":"Accursed Blacksmith","floor":13,"gold_loss":0,"cards_obtained":["Pain"]},{"cards_removed":["Limit Break"],"damage_healed":0,"gold_gain":0,"player_choice":"Give","damage_taken":0,"max_hp_gain":0,"max_hp_loss":0,"event_name":"betterNote:BetterNote","floor":22,"gold_loss":0,"cards_obtained":["Defend_B"]}],"is_beta":true,"boss_relics":[{"not_picked":["Snecko Eye","hubris:VirtuousBlindfold"],"picked":"infinitespire:Burning Sword"}],"items_purged_floors":[],"is_endless":false,"potions_floor_spawned":[1,12,14,16,19,20,27],"killed_by":"Pondfish","ascension_level":0}}