{"host":"ewns8ifhbubwkcum","time":1612056078,"event":{"mods":["BaseMod","Block Reminder","Colored Map","Colored Powertips","Downfall","Highlight Path","Minty Spire (QoL Compilation)","Permanent Neow","Quick Restart","Random Character Button","StSLib"],"gold_per_floor":[99,33,133,133,84,84,84,110,130,130,130,162,62,92,112,215,215,115,132,145,145,158,158,158,68,68,68,68],"floor_reached":26,"language":"ENG","playtime":1510,"items_purged":["Pain"],"score":267,"play_id":"3b1b2420-41c7-4c37-acc3-6abff61c1e05","local_time":"20210130192118","is_ascension_mode":true,"campfire_choices":[{"data":"champ:Taunt","floor":1.0,"key":"SMITH"},{"data":"champ:BerserkerStyle","floor":6.0,"key":"SMITH"},{"floor":11.0,"key":"RECALL"},{"data":"champ:Devastate","floor":13.0,"key":"SMITH"},{"data":"champ:EnchantShield","floor":18,"key":"SMITH"}],"circlet_count":0,"master_deck":["champ:Defend","champ:Defend","champ:Defend","champ:Defend","champ:Execute","champ:Taunt+1","champ:Devastate+1","champ:Endure","champ:StanceDance","champ:AdrenalArmor","champ:BerserkerStyle+1","champ:HeartStrike","champ:EnGarde","champ:BladeFlurry","champ:ShieldSlam","champ:ShieldSigil","champ:EnchantShield+1","champ:StanceDance","champ:EndlessRage+1","Bite","Bite","Bite","Bite","Bite","champ:Backstep+1","Pride","champ:AdrenalArmor+1"],"relics":["champ:ChampionCrown","Toy Ornithopter","PreservedInsect","WarpedTongs","Frozen Egg 2","downfall:HeartBlessingRed","Pantograph","SlaversCollar","downfall:HeartBlessingGreen","Omamori","Bottled Flame"],"acts_visited":["Exordium","TheCity"],"potions_floor_usage":[16,16,22],"damage_taken":[{"damage":20.0,"enemies":"downfall:FleeingMerchant","floor":2.0,"turns":4.0},{"damage":22.0,"enemies":"downfall:FleeingMerchant","floor":5.0,"turns":4.0},{"damage":100.0,"enemies":"Lagavulin","floor":8.0,"turns":7.0},{"damage":33.0,"enemies":"Jaw Worm","floor":9.0,"turns":4.0},{"damage":55.0,"enemies":"3 Sentries","floor":12.0,"turns":7.0},{"damage":40.0,"enemies":"Gremlin Nob","floor":14.0,"turns":4.0},{"damage":7,"enemies":"2 Louse","floor":15,"turns":3},{"damage":127,"enemies":"IC_STATUS_ARCHETYPE","floor":16,"turns":9},{"damage":53,"enemies":"Spheric Guardian","floor":19,"turns":4},{"damage":152,"enemies":"3 Byrds","floor":20,"turns":8},{"damage":47,"enemies":"Sentry and Sphere","floor":22,"turns":7},{"damage":8,"enemies":"downfall:FleeingMerchant","floor":25,"turns":4},{"damage":19,"enemies":"Centurion and Healer","floor":26,"turns":1}],"seed_played":"3084198518951378234","potions_obtained":[{"floor":12.0,"key":"Explosive Potion"},{"floor":14.0,"key":"Block Potion"},{"floor":19,"key":"Explosive Potion"}],"is_trial":false,"path_per_floor":["R","$","?","?","$","R","T","E","M","?","R","E","R","E","M","B",null,"R","M","M","?","M","?","T","$","M"],"character_chosen":"THE_CHAMP","items_purchased":["champ:StanceDance","champ:BerserkerStyle"],"campfire_rested":0,"item_purchase_floors":[2,5],"current_hp_per_floor":[90,90,90,72,65,65,65,57,57,57,57,42,42,32,34,27,90,90,79,21,21,2,2,2,13,0,0,0],"gold":68,"neow_bonus":"TRANSFORM_CARD","is_daily":false,"chose_seed":false,"campfire_upgraded":4,"win_rate":0.0,"timestamp":1612056078,"path_taken":["R","$","?","?","?","R","T","E","M","?","R","E","R","E","M","BOSS","R","M","M","?","M","?","T","$","M"],"items_purchased_type":["Card","Card"],"build_version":"2020-12-22","purchased_purges":1,"victory":false,"max_hp_per_floor":[90,90,90,90,90,90,90,90,90,90,90,90,90,90,90,90,90,90,90,90,90,90,90,90,90,90,90,90],"card_choices":[{"not_picked":["champ:GutPunch","champ:Backstep"],"picked":"champ:Endure","floor":2.0},{"not_picked":["champ:GutPunch","champ:DefensiveShout"],"picked":"champ:AdrenalArmor","floor":5.0},{"not_picked":["champ:BladeFlurry","champ:StanceDance"],"picked":"champ:HeartStrike","floor":8.0},{"not_picked":["champ:GladiatorStyle","champ:Backstep"],"picked":"champ:EnGarde","floor":9.0},{"not_picked":["champ:Backstep","champ:Parry"],"picked":"champ:BladeFlurry","floor":12.0},{"not_picked":["champ:DeathBlow","champ:Haymaker"],"picked":"champ:ShieldSlam","floor":14.0},{"not_picked":["champ:RapidStrikes","champ:RisingSlash"],"picked":"champ:ShieldSigil","floor":15},{"not_picked":["champ:VampiricStrike","champ:IgnorePain"],"picked":"champ:EnchantShield","floor":16},{"not_picked":["champ:PerfectedStrike","champ:Haymaker"],"picked":"champ:StanceDance","floor":19},{"not_picked":["champ:TornadoPunch","champ:GladiatorStyle+1"],"picked":"champ:EndlessRage+1","floor":20},{"not_picked":["champ:DefensiveStyle+1","champ:BladeFlurry+1"],"picked":"champ:Backstep+1","floor":22},{"not_picked":["champ:EnGarde","champ:DefensiveShout"],"picked":"champ:AdrenalArmor+1","floor":25}],"player_experience":1066999,"relics_obtained":[{"floor":7.0,"key":"Blood Vial"},{"floor":8.0,"key":"PreservedInsect"},{"floor":12.0,"key":"Frozen Egg 2"},{"floor":14.0,"key":"Pantograph"},{"floor":24,"key":"Bottled Flame"}],"event_choices":[{"damage_healed":0.0,"max_hp_gain":0.0,"max_hp_loss":0.0,"gold_gain":0.0,"event_name":"Scrap Ooze","player_choice":"Success","floor":4.0,"gold_loss":0.0,"damage_taken":18.0,"relics_obtained":["Toy Ornithopter"]},{"damage_healed":0.0,"max_hp_gain":0.0,"max_hp_loss":0.0,"gold_gain":0.0,"event_name":"Accursed Blacksmith","player_choice":"Rummage","floor":10.0,"gold_loss":0.0,"damage_taken":0.0,"relics_obtained":["WarpedTongs"],"cards_obtained":["Pain"]},{"damage_healed":0,"gold_gain":0,"player_choice":"Became a vampire (Vial)","damage_taken":0,"max_hp_gain":0,"max_hp_loss":0,"event_name":"Vampires","floor":21,"relics_lost":["Blood Vial"],"gold_loss":0,"cards_obtained":["Bite","Bite","Bite","Bite","Bite"]},{"damage_healed":0,"gold_gain":0,"player_choice":"Stole Relic","damage_taken":0,"relics_obtained":["Omamori"],"max_hp_gain":0,"max_hp_loss":0,"event_name":"Addict","floor":23,"gold_loss":0,"cards_obtained":["Pride"]}],"is_beta":false,"boss_relics":[{"not_picked":["Sozu","SacredBark"],"picked":"SlaversCollar"}],"items_purged_floors":[25],"is_endless":false,"potions_floor_spawned":[12,14,19],"killed_by":"Centurion and Healer","ascension_level":2}}