{"host":"dcj2yvrgcvh5dl2s","time":1612069569,"event":{"mods":["BaseMod","Bestiary","Better Note","Block Reminder","Colored Powertips","Curses Come First","DeckTracker","Minty Spire (QoL Compilation)","Quick Restart","Rare Cards Sparkle","Relic Stats","StSLib"],"gold_per_floor":[119,119,135,135,146,146,12,42,89,114,128,138,138,168,168,168,168],"floor_reached":16,"language":"ENG","playtime":808,"items_purged":["Regret"],"score":220,"play_id":"b2b1000f-7612-4ad1-afa3-71d79a7be2e6","local_time":"20210131150609","is_ascension_mode":true,"campfire_choices":[{"data":"Searing Blow","floor":6,"key":"SMITH"},{"floor":13,"key":"REST"},{"data":"Searing Blow+1","floor":15,"key":"SMITH"}],"circlet_count":0,"master_deck":["AscendersBane","Strike_R","Strike_R","Strike_R","Defend_R","Defend_R","Defend_R","Defend_R","Bash","Shame","Double Tap+1","Heavy Blade","Pommel Strike","Searing Blow+2","Shrug It Off","Shrug It Off","Disarm","Sword Boomerang"],"relics":["Burning Blood","Red Skull","Akabeko","Bag of Marbles","Bottled Flame"],"acts_visited":["Exordium"],"potions_floor_usage":[16,16],"damage_taken":[{"damage":7.0,"enemies":"2 Louse","floor":1.0,"turns":3.0},{"damage":2.0,"enemies":"Jaw Worm","floor":3.0,"turns":3.0},{"damage":15,"enemies":"Small Slimes","floor":5,"turns":3},{"damage":31,"enemies":"3 Sentries","floor":10,"turns":8},{"damage":0,"enemies":"Exordium Wildlife","floor":11,"turns":2},{"damage":12,"enemies":"Blue Slaver","floor":12,"turns":3},{"damage":9,"enemies":"Gremlin Nob","floor":14,"turns":3},{"damage":56,"enemies":"Slime Boss","floor":16,"turns":8}],"seed_played":"1529770298422651889","potions_obtained":[{"floor":5,"key":"EssenceOfSteel"},{"floor":11,"key":"SteroidPotion"}],"is_trial":false,"path_per_floor":["M","?","M","?","M","R","$","?","T","E","M","M","R","E","R","B"],"character_chosen":"IRONCLAD","items_purchased":["Shrug It Off"],"campfire_rested":1,"item_purchase_floors":[7],"current_hp_per_floor":[67,67,71,71,62,62,62,62,62,37,43,37,59,56,56,0,0],"gold":168,"neow_bonus":"TRANSFORM_TWO_CARDS","is_daily":false,"chose_seed":false,"campfire_upgraded":2,"win_rate":0.0,"timestamp":1612069569,"path_taken":["M","?","M","?","M","R","$","?","T","E","M","M","R","E","R","BOSS"],"items_purchased_type":["Card"],"build_version":"2020-12-22","purchased_purges":1,"victory":false,"max_hp_per_floor":[75,75,75,75,75,75,75,75,75,75,75,75,75,75,75,75,75],"relic_stats":{"counters":[8,33],"obtain_stats":[{"Bottled Flame":14,"Bag of Marbles":10,"Burning Blood":0,"Red Skull":4,"Akabeko":9},{"Bottled Flame":7,"Bag of Marbles":4,"Burning Blood":0,"Red Skull":2,"Akabeko":3},{"Bottled Flame":25,"Bag of Marbles":17,"Burning Blood":0,"Red Skull":6,"Akabeko":9}],"Burning Blood":42},"card_choices":[{"not_picked":["Clash","Combust"],"picked":"Pommel Strike","floor":1.0},{"not_picked":["Armaments","Reckless Charge"],"picked":"Searing Blow","floor":3},{"not_picked":["Wild Strike","Rage","Iron Wave"],"picked":"SKIP","floor":5},{"not_picked":["Perfected Strike","Bludgeon"],"picked":"Shrug It Off","floor":10},{"not_picked":["Second Wind","Bloodletting","Entrench"],"picked":"SKIP","floor":11},{"not_picked":["Shockwave","Iron Wave"],"picked":"Disarm","floor":12},{"not_picked":["Heavy Blade","Reckless Charge"],"picked":"Sword Boomerang","floor":14}],"player_experience":2310324,"relics_obtained":[{"floor":9,"key":"Akabeko"},{"floor":10,"key":"Bag of Marbles"},{"floor":14,"key":"Bottled Flame"}],"event_choices":[{"damage_healed":0.0,"max_hp_gain":0.0,"max_hp_loss":0.0,"gold_gain":0.0,"event_name":"Living Wall","player_choice":"Grow","floor":2.0,"gold_loss":0.0,"damage_taken":0.0,"cards_upgraded":["Double Tap"]},{"damage_healed":0,"gold_gain":0,"player_choice":"Box","damage_taken":0,"relics_obtained":["Red Skull"],"max_hp_gain":0,"max_hp_loss":0,"event_name":"Big Fish","floor":4,"gold_loss":0,"cards_obtained":["Regret"]},{"damage_healed":0,"gold_gain":30,"player_choice":"Searched \u00271\u0027 times","damage_taken":0,"max_hp_gain":0,"max_hp_loss":0,"event_name":"Dead Adventurer","floor":8,"gold_loss":0}],"is_beta":false,"boss_relics":[],"items_purged_floors":[7],"is_endless":false,"potions_floor_spawned":[5,11],"killed_by":"Slime Boss","ascension_level":20}}