{"host":"ysj15tgd1sneq0s0","time":1612061873,"event":{"mods":["AchievementEnabler","BaseMod","DeckTracker","Highlight Path","Minty Spire (QoL Compilation)","Permanent Neow","Quick Restart","StSLib","SuperFastMode","everything is the same but u backflip on backflip"],"gold_per_floor":[113,113,288,300,157,184,201,301,301,331,331,348,361,361,361,461,461,476,492,492,492,492,492],"floor_reached":22,"language":"KOR","playtime":810,"items_purged":["Doubt"],"score":233,"play_id":"1e2e03d6-0a9c-4c59-8b2f-4ff7ed991a13","local_time":"20210131115753","is_ascension_mode":true,"campfire_choices":[{"floor":11,"key":"REST"},{"floor":15,"key":"REST"}],"circlet_count":0,"master_deck":["Strike_G","Strike_G","Strike_G","Strike_G","Defend_G","Defend_G","Defend_G","Defend_G","Survivor","Neutralize","Finisher","Footwork","Accuracy","Infinite Blades","Blade Dance","Cloak And Dagger","Blade Dance","Escape Plan","Escape Plan","A Thousand Cuts"],"relics":["Ring of the Snake","Bottled Flame","Eternal Feather","Sundial","Darkstone Periapt","Black Star"],"acts_visited":["Exordium","TheCity"],"potions_floor_usage":[10,16,16],"damage_taken":[{"damage":0,"enemies":"Small Slimes","floor":1,"turns":3},{"damage":20,"enemies":"Jaw Worm","floor":4,"turns":9},{"damage":22,"enemies":"Gremlin Nob","floor":6,"turns":5},{"damage":0,"enemies":"Cultist","floor":7,"turns":2},{"damage":10,"enemies":"3 Sentries","floor":10,"turns":4},{"damage":27,"enemies":"Gremlin Gang","floor":12,"turns":4},{"damage":0,"enemies":"Exordium Wildlife","floor":13,"turns":3},{"damage":37,"enemies":"The Guardian","floor":16,"turns":9},{"damage":28,"enemies":"2 Thieves","floor":18,"turns":5},{"damage":16,"enemies":"Shell Parasite","floor":19,"turns":5},{"damage":10,"enemies":"Snake Plant","floor":22,"turns":3}],"seed_played":"2791650568250164061","potions_obtained":[{"floor":1,"key":"SneckoOil"},{"floor":6,"key":"Block Potion"},{"floor":7,"key":"Ancient Potion"},{"floor":18,"key":"Dexterity Potion"}],"is_trial":false,"path_per_floor":["M","?","?","M","$","E","M","?","T","E","R","M","M","T","R","B",null,"M","M","?","?","M"],"character_chosen":"THE_SILENT","items_purchased":["Infinite Blades"],"campfire_rested":2,"item_purchase_floors":[5],"current_hp_per_floor":[70,63,63,43,43,21,21,21,21,11,41,14,14,14,47,10,70,42,26,26,26,16,16],"gold":492,"neow_bonus":"THREE_CARDS","is_daily":false,"chose_seed":false,"campfire_upgraded":0,"win_rate":0.0,"timestamp":1612061873,"path_taken":["M","?","?","M","$","E","M","?","T","E","R","?","?","?","R","BOSS","M","M","?","?","?"],"items_purchased_type":["Card"],"build_version":"2020-12-22","purchased_purges":1,"victory":false,"max_hp_per_floor":[70,70,70,70,70,70,70,70,70,70,70,70,70,70,70,70,70,70,70,70,70,70,70],"card_choices":[{"not_picked":["Bane","Quick Slash"],"picked":"Finisher","floor":0},{"not_picked":["Catalyst","Prepared"],"picked":"Footwork","floor":1},{"not_picked":["Underhanded Strike","Deadly Poison"],"picked":"Accuracy","floor":4},{"not_picked":["Underhanded Strike","Setup"],"picked":"Blade Dance","floor":6},{"not_picked":["Skewer","Phantasmal Killer"],"picked":"Cloak And Dagger","floor":7},{"not_picked":["Poisoned Stab","Caltrops"],"picked":"Blade Dance","floor":10},{"not_picked":["Prepared","Choke"],"picked":"Escape Plan","floor":12},{"not_picked":["Underhanded Strike","Terror"],"picked":"Escape Plan","floor":13},{"not_picked":["Tools of the Trade","Adrenaline"],"picked":"A Thousand Cuts","floor":16},{"not_picked":["Outmaneuver+1","Crippling Poison","Acrobatics+1"],"picked":"SKIP","floor":18},{"not_picked":["Crippling Poison+1","Leg Sweep","Deadly Poison"],"picked":"SKIP","floor":19}],"player_experience":69326,"relics_obtained":[{"floor":6,"key":"Bottled Flame"},{"floor":9,"key":"Eternal Feather"},{"floor":10,"key":"Sundial"},{"floor":14,"key":"Darkstone Periapt"}],"event_choices":[{"cards_removed":["Strike_G"],"damage_healed":0,"gold_gain":0,"player_choice":"Card Removal","damage_taken":7,"max_hp_gain":0,"max_hp_loss":0,"event_name":"Golden Wing","floor":2,"gold_loss":0},{"damage_healed":0,"gold_gain":175,"player_choice":"AGREE","damage_taken":0,"max_hp_gain":0,"max_hp_loss":0,"event_name":"Liars Game","floor":3,"gold_loss":0,"cards_obtained":["Doubt"]},{"damage_healed":0,"gold_gain":100,"player_choice":"Pray","damage_taken":0,"max_hp_gain":0,"max_hp_loss":0,"event_name":"Golden Shrine","floor":8,"gold_loss":0},{"damage_healed":0,"gold_gain":0,"player_choice":"Ignored","damage_taken":0,"max_hp_gain":0,"max_hp_loss":0,"event_name":"Ghosts","floor":20,"gold_loss":0},{"cards_removed":["Defend_G"],"damage_healed":0,"gold_gain":0,"player_choice":"Offered Basic","damage_taken":0,"max_hp_gain":0,"max_hp_loss":0,"event_name":"Bonfire Elementals","floor":21,"gold_loss":0}],"is_beta":false,"boss_relics":[{"not_picked":["Cursed Key","Ectoplasm"],"picked":"Black Star"}],"items_purged_floors":[5],"is_endless":false,"potions_floor_spawned":[1,6,7,18],"killed_by":"Snake Plant","ascension_level":4}}