{"host":"gj3450u0c4def4mj","time":1612118089,"event":{"mods":["Act Like it!","BaseMod","Gensokyo","Koishi","Minty Spire (QoL Compilation)","StSLib"],"gold_per_floor":[113,145,145,36,36,67,67,94,94,94,94,121,121,349,349,349,349],"floor_reached":16,"language":"ENG","playtime":835,"items_purged":[],"score":235,"play_id":"f45b9857-15b0-4809-a67e-40e0a36a7cf9","local_time":"20210131133449","is_ascension_mode":true,"campfire_choices":[{"data":"Koishi:ReleaseOfTheId","floor":7,"key":"SMITH"},{"data":"Koishi:JumpScare","floor":10,"key":"SMITH"},{"data":"Koishi:HauntingSlash","floor":13,"key":"SMITH"},{"data":"Koishi:SilentAndRestless","floor":15,"key":"SMITH"}],"circlet_count":0,"master_deck":["Koishi:BasicStrike","Koishi:BasicStrike","Koishi:BasicStrike","Koishi:BasicStrike","Koishi:BasicDefend","Koishi:BasicDefend","Koishi:BasicDefend+1","Koishi:BasicDefend","Koishi:Provoke","Koishi:HauntingSlash+1","Koishi:JumpScare+1","Koishi:SubterraneanRose+1","Koishi:ReleaseOfTheId+1","Koishi:SubterraneanRose+1","Koishi:SilentAndRestless+1","Koishi:Untouchable+1","Koishi:TerrifyingSpectre+1"],"relics":["Koishi:ImaginaryFriend","NeowsBlessing","Oddly Smooth Stone","Gensokyo:NagashiBinaDoll","The Courier","Question Card","Frozen Egg 2","Juzu Bracelet","War Paint","Omamori"],"acts_visited":["Gensokyo:Gensokyo"],"potions_floor_usage":[],"damage_taken":[{"damage":0,"enemies":"Gensokyo:2_Kodama","floor":1,"turns":1},{"damage":0,"enemies":"Gensokyo:Mamizou","floor":2,"turns":3},{"damage":0,"enemies":"Gensokyo:Cirno","floor":6,"turns":2},{"damage":3,"enemies":"Gensokyo:Mamizou","floor":8,"turns":10},{"damage":5,"enemies":"Gensokyo:Aya","floor":12,"turns":7},{"damage":33,"enemies":"Gensokyo:Mamizou","floor":14,"turns":14},{"damage":47,"enemies":"Gensokyo:Kokoro","floor":16,"turns":16}],"seed_played":"5123078032030031843","potions_obtained":[{"floor":2,"key":"Fire Potion"},{"floor":14,"key":"Fire Potion"}],"is_trial":false,"path_per_floor":["M","?","?","COS","?","E","R","E","T","R","?","E","R","E","R","B"],"character_chosen":"KOISHI","items_purchased":[],"campfire_rested":0,"item_purchase_floors":[],"current_hp_per_floor":[54,56,62,62,62,65,65,66,66,66,66,66,66,41,41,0,0],"gold":349,"neow_bonus":"THREE_ENEMY_KILL","is_daily":false,"chose_seed":false,"campfire_upgraded":4,"win_rate":0.0,"timestamp":1612118089,"path_taken":["M","?","?","COS","?","E","R","E","T","R","?","E","R","E","R","BOSS"],"items_purchased_type":[],"build_version":"2020-12-22","purchased_purges":0,"victory":false,"max_hp_per_floor":[60,60,66,66,66,66,66,66,66,66,66,66,66,66,66,66,66],"card_choices":[{"not_picked":["Koishi:PhantomStrike","Koishi:CatchAndRose"],"picked":"Koishi:JumpScare","floor":1},{"not_picked":["Koishi:LastRemote","Koishi:PerfectMindControl"],"picked":"Koishi:SubterraneanRose","floor":2},{"not_picked":["Koishi:ReflexRadar","Koishi:MassHysteria"],"picked":"Koishi:ReleaseOfTheId","floor":6},{"not_picked":["Koishi:BloodcurdlingScream+1","Koishi:MindNumbingTerror+1"],"picked":"Koishi:SubterraneanRose+1","floor":8},{"not_picked":["Koishi:UnconsciousUrges","Koishi:BloodcurdlingScream"],"picked":"Koishi:SilentAndRestless","floor":8},{"not_picked":["Koishi:PhantomStrike","Koishi:CatchAndRose","Koishi:SubconsciousSweep"],"picked":"Koishi:Untouchable+1","floor":12},{"not_picked":["Koishi:GhostParty","Koishi:FleetingPhantom","Koishi:SubconsciousSweep"],"picked":"Koishi:TerrifyingSpectre+1","floor":14}],"player_experience":88417,"relics_obtained":[{"floor":2,"key":"Oddly Smooth Stone"},{"floor":6,"key":"The Courier"},{"floor":8,"key":"Question Card"},{"floor":9,"key":"Frozen Egg 2"},{"floor":12,"key":"War Paint"},{"floor":14,"key":"Omamori"}],"event_choices":[],"is_beta":false,"boss_relics":[],"items_purged_floors":[],"is_endless":false,"potions_floor_spawned":[2,14],"killed_by":"Gensokyo:Kokoro","ascension_level":8}}