{"host":"toh0bbw446wnuexf","time":1612051640,"event":{"mods":["BaseMod","Downfall","Hermit","Minty Spire (QoL Compilation)","Random Character Button","StSLib"],"gold_per_floor":[99,99,99,99,9,20,67,67,67,67,52,81,81,98,113,113,113,113],"floor_reached":16,"language":"ENG","playtime":932,"items_purged":["sneckomod:TailWhip"],"score":101,"play_id":"5230d765-6245-4b6f-a353-06ab63a97442","local_time":"20210131130720","is_ascension_mode":true,"campfire_choices":[],"circlet_count":0,"master_deck":["sneckomod:Strike","sneckomod:Strike","sneckomod:Strike","sneckomod:Defend","sneckomod:Defend","sneckomod:Defend","sneckomod:SnekBite","hexamod:SuperheatedStrike","sneckomod:UnknownStrength","hexamod:Toasty+1","sneckomod:Unknown0Cost+1","champ:Endure","sneckomod:Unknown0Cost+1","sneckomod:UnknownRareSkill+1"],"relics":["sneckomod:SneckoSoul","downfall:HeartsMalice","Lantern","sneckomod:UnknownEgg"],"acts_visited":["Exordium"],"potions_floor_usage":[],"damage_taken":[{"damage":0,"enemies":"Small Slimes","floor":2,"turns":1},{"damage":0,"enemies":"Jaw Worm","floor":3,"turns":1},{"damage":0,"enemies":"Cultist","floor":4,"turns":1},{"damage":5,"enemies":"downfall:FleeingMerchant","floor":5,"turns":4},{"damage":1,"enemies":"Exordium Wildlife","floor":6,"turns":4},{"damage":5,"enemies":"downfall:FleeingMerchant","floor":11,"turns":4},{"damage":39,"enemies":"3 Sentries","floor":12,"turns":10},{"damage":17,"enemies":"Large Slime","floor":14,"turns":7},{"damage":7,"enemies":"Blue Slaver","floor":15,"turns":2},{"damage":17,"enemies":"DF_ARCHETYPE_STREAMLINE","floor":16,"turns":3}],"seed_played":"4561508082334909996","potions_obtained":[{"floor":12,"key":"LiquidBronze"},{"floor":14,"key":"Energy Potion"},{"floor":15,"key":"LiquidBronze"}],"is_trial":false,"path_per_floor":["R","M","M","M","$","M","T","?","R","?","$","E","R","M","M","B"],"character_chosen":"THE_SNECKO","items_purchased":[],"campfire_rested":0,"item_purchase_floors":[],"current_hp_per_floor":[90,90,90,90,85,84,84,84,84,84,79,40,40,23,16,0,0,0],"gold":113,"neow_bonus":"THREE_ENEMY_KILL","is_daily":false,"chose_seed":false,"campfire_upgraded":0,"win_rate":0.0,"timestamp":1612051640,"path_taken":["R","M","M","M","$","M","T","?","R","?","$","E","R","M","M","BOSS"],"items_purchased_type":[],"build_version":"2020-12-22","purchased_purges":1,"victory":false,"max_hp_per_floor":[90,90,90,90,90,90,90,90,90,90,90,90,90,90,90,90,90,90],"card_choices":[{"not_picked":["sneckomod:SoulRoll","sneckomod:Nope"],"picked":"sneckomod:UnknownStrength","floor":2},{"not_picked":["sneckomod:DefensiveFlair","sneckomod:DiceCrush"],"picked":"sneckomod:UnknownDexterity","floor":3},{"not_picked":["sneckomod:UnknownCommonSkill","sneckomod:Unknown1Cost"],"picked":"sneckomod:UnknownRareAttack","floor":4},{"not_picked":["sneckomod:Nope","sneckomod:UnknownVulnerable","sneckomod:UnknownCommonAttack"],"picked":"SKIP","floor":5},{"not_picked":["sneckomod:UnknownCommonAttack","sneckomod:SoulDraw","sneckomod:ImprovisedAttack"],"picked":"SKIP","floor":6},{"not_picked":["sneckomod:UnknownCommonSkill","sneckomod:SnakeSap","sneckomod:QuickBite"],"picked":"SKIP","floor":11},{"not_picked":["sneckomod:MixItUp","sneckomod:UnknownDraw+1"],"picked":"sneckomod:Unknown0Cost+1","floor":12},{"not_picked":["sneckomod:UnendingSupply","sneckomod:SoulRoll"],"picked":"sneckomod:Unknown0Cost+1","floor":14},{"not_picked":["sneckomod:SoulDraw","sneckomod:UnknownBlock+1"],"picked":"sneckomod:UnknownRareSkill+1","floor":15}],"player_experience":640177,"relics_obtained":[{"floor":7,"key":"Lantern"},{"floor":12,"key":"sneckomod:UnknownEgg"}],"event_choices":[{"cards_removed":["sneckomod:Unknown"],"damage_healed":0,"gold_gain":0,"player_choice":"Card Removal","damage_taken":0,"max_hp_gain":0,"max_hp_loss":0,"event_name":"The Cleric","floor":8,"gold_loss":0},{"damage_healed":0,"gold_gain":0,"player_choice":"Grow","damage_taken":0,"max_hp_gain":0,"max_hp_loss":0,"event_name":"Living Wall","floor":10,"gold_loss":0,"cards_upgraded":["hexamod:Toasty"]}],"is_beta":false,"boss_relics":[],"items_purged_floors":[5],"is_endless":false,"potions_floor_spawned":[12,14,15],"killed_by":"DF_ARCHETYPE_STREAMLINE","ascension_level":1}}