{"host":"6xsbn6ynqlzwllfm","time":1612066826,"event":{"mods":["2.2 Compatiblity","BaseMod","Bestiary","Colored Map","Colored Powertips","Curses Come First","Highlight Path","Keyboard Shortcuts","Minty Spire (QoL Compilation)","Relic Stats","Slay the Relics Exporter","StSLib","SuperFastMode"],"gold_per_floor":[14,25,41,41,54,54,89,89,89,118,118,146,146,146,146,220,220,230,230,242,242,71,71,100,132,167,179,223,250,8,23,23,23,23],"floor_reached":33,"language":"ENG","playtime":1137,"items_purged":["Strike_P+1"],"score":631,"play_id":"1b7e8ba3-034a-4562-ba2c-96a94aba9ae9","local_time":"20210130232026","is_ascension_mode":true,"campfire_choices":[{"floor":6,"key":"DIG"},{"floor":8,"key":"DIG"},{"floor":11,"key":"DIG"},{"floor":13,"key":"DIG"},{"floor":15,"key":"DIG"},{"floor":23,"key":"DIG"},{"floor":32,"key":"RECALL"}],"circlet_count":0,"master_deck":["AscendersBane","Strike_P+1","Strike_P+1","Defend_P+1","Defend_P+1","Defend_P+1","Defend_P+1","Eruption","Vigilance","CutThroughFate","EmptyFist","Consecrate","FearNoEvil","FlyingSleeves","SandsOfTime","WheelKick","Study","Omniscience","DevaForm","SandsOfTime","Swivel+1","Swivel","Wish","Sanctity","Swivel","LikeWater"],"relics":["PureWater","Shovel","Bag of Preparation","Meat on the Bone","TeardropLocket","Bronze Scales","Yang","Happy Flower","Whetstone","Pear","Dead Branch","Sozu","Eternal Feather","FaceOfCleric","Orrery","Strawberry","MawBank","Nunchaku","Membership Card"],"acts_visited":["Exordium","TheCity"],"potions_floor_usage":[7,10,10,16,33],"damage_taken":[{"damage":0,"enemies":"Cultist","floor":1,"turns":3},{"damage":0,"enemies":"Small Slimes","floor":2,"turns":2},{"damage":7,"enemies":"Jaw Worm","floor":3,"turns":3},{"damage":6,"enemies":"Looter","floor":5,"turns":2},{"damage":10,"enemies":"Gremlin Nob","floor":7,"turns":3},{"damage":17,"enemies":"Lagavulin","floor":10,"turns":7},{"damage":8,"enemies":"Gremlin Nob","floor":12,"turns":3},{"damage":32,"enemies":"Hexaghost","floor":16,"turns":9},{"damage":0,"enemies":"Chosen","floor":18,"turns":3},{"damage":9,"enemies":"3 Byrds","floor":20,"turns":4},{"damage":34,"enemies":"Gremlin Leader","floor":24,"turns":7},{"damage":9,"enemies":"Sentry and Sphere","floor":25,"turns":4},{"damage":6,"enemies":"Book of Stabbing","floor":28,"turns":6},{"damage":18,"enemies":"3 Cultists","floor":29,"turns":5},{"damage":21,"enemies":"Cultist and Chosen","floor":31,"turns":4},{"damage":64,"enemies":"Collector","floor":33,"turns":7}],"seed_played":"8823398645587664723","potions_obtained":[{"floor":2,"key":"LiquidMemories"},{"floor":5,"key":"SkillPotion"},{"floor":7,"key":"Weak Potion"},{"floor":10,"key":"LiquidMemories"},{"floor":16,"key":"Ancient Potion"}],"is_trial":false,"path_per_floor":["M","M","M","?","M","R","E","R","T","E","R","E","R","?","R","B",null,"M","T","M","?","$","R","E","M","T","?","E","M","$","M","R","B"],"character_chosen":"WATCHER","items_purchased":["Orrery","Membership Card","Swivel","LikeWater"],"campfire_rested":0,"item_purchase_floors":[22,30,30,30],"current_hp_per_floor":[61,61,54,54,48,48,38,38,38,33,33,37,47,47,47,27,65,65,65,56,56,56,75,54,46,46,46,53,48,48,40,55,0,0],"gold":23,"neow_bonus":"ONE_RARE_RELIC","is_daily":false,"chose_seed":false,"campfire_upgraded":0,"win_rate":0.0,"timestamp":1612066826,"path_taken":["M","M","M","?","M","R","E","R","T","E","R","E","R","?","R","BOSS","M","?","M","?","$","R","E","?","T","?","E","M","$","M","R","BOSS"],"items_purchased_type":["Relic","Relic","Card","Card"],"build_version":"2020-12-22","purchased_purges":1,"victory":false,"max_hp_per_floor":[68,68,68,68,68,68,68,68,68,68,68,68,78,78,78,78,78,78,78,78,78,78,85,86,87,87,87,88,89,89,90,90,90,90],"relic_stats":{"Happy Flower":[17],"counters":[16,72],"Dead Branch":[60],"Yang":[132],"Eternal Feather":27,"Bag of Preparation":[24],"Whetstone":["Strike_P","Strike_P"],"MawBank":72,"Sozu":3,"Nunchaku":[3],"Shovel":6,"FaceOfCleric":5,"Bronze Scales":[174],"obtain_stats":[{"Pear":13,"Happy Flower":11,"Dead Branch":15,"Yang":10,"Eternal Feather":19,"Bag of Preparation":6,"TeardropLocket":8,"Whetstone":12,"MawBank":24,"Sozu":17,"Nunchaku":28,"Shovel":0,"FaceOfCleric":21,"Bronze Scales":9,"Strawberry":23,"Orrery":22,"Membership Card":30,"PureWater":0,"Meat on the Bone":7},{"Pear":7,"Happy Flower":6,"Dead Branch":7,"Yang":6,"Eternal Feather":9,"Bag of Preparation":4,"TeardropLocket":5,"Whetstone":7,"MawBank":11,"Sozu":8,"Nunchaku":13,"Shovel":0,"FaceOfCleric":10,"Bronze Scales":5,"Strawberry":10,"Orrery":10,"Membership Card":14,"PureWater":0,"Meat on the Bone":5},{"Pear":23,"Happy Flower":20,"Dead Branch":23,"Yang":20,"Eternal Feather":35,"Bag of Preparation":10,"TeardropLocket":13,"Whetstone":23,"MawBank":46,"Sozu":32,"Nunchaku":56,"Shovel":0,"FaceOfCleric":39,"Bronze Scales":13,"Strawberry":39,"Orrery":39,"Membership Card":61,"PureWater":0,"Meat on the Bone":13}],"Meat on the Bone":84},"card_choices":[{"not_picked":["ClearTheMind","Prostrate"],"picked":"CutThroughFate","floor":1},{"not_picked":["CarveReality","Collect"],"picked":"EmptyFist","floor":2},{"not_picked":["Worship","Collect"],"picked":"Consecrate","floor":3},{"not_picked":["ClearTheMind","Pray"],"picked":"FearNoEvil","floor":5},{"not_picked":["BowlingBash","Halt"],"picked":"FlyingSleeves","floor":7},{"not_picked":["DeceiveReality","SashWhip"],"picked":"SandsOfTime","floor":10},{"not_picked":["EmptyBody","CutThroughFate"],"picked":"WheelKick","floor":12},{"not_picked":["Vault","Blasphemy"],"picked":"Omniscience","floor":16},{"not_picked":["JustLucky","Vengeance+1"],"picked":"DevaForm","floor":22},{"not_picked":["FlyingSleeves","PathToVictory"],"picked":"SandsOfTime","floor":22},{"not_picked":["Protect","BattleHymn"],"picked":"Swivel+1","floor":24},{"not_picked":["ClearTheMind","WheelKick"],"picked":"Swivel","floor":25},{"not_picked":["Evaluate","FollowUp"],"picked":"Wish","floor":28},{"not_picked":["CutThroughFate+1","JustLucky+1"],"picked":"Sanctity","floor":29}],"player_experience":1320531,"relics_obtained":[{"floor":6,"key":"Bag of Preparation"},{"floor":7,"key":"Meat on the Bone"},{"floor":8,"key":"TeardropLocket"},{"floor":9,"key":"Bronze Scales"},{"floor":10,"key":"Yang"},{"floor":11,"key":"Happy Flower"},{"floor":12,"key":"Whetstone"},{"floor":13,"key":"Pear"},{"floor":15,"key":"Dead Branch"},{"floor":19,"key":"Eternal Feather"},{"floor":23,"key":"Strawberry"},{"floor":24,"key":"MawBank"},{"floor":28,"key":"Nunchaku"}],"event_choices":[{"damage_healed":0,"gold_gain":0,"player_choice":"Leave","damage_taken":0,"max_hp_gain":0,"max_hp_loss":0,"event_name":"The Cleric","floor":4,"gold_loss":0},{"damage_healed":0,"gold_gain":0,"cards_transformed":["Strike_P"],"player_choice":"Transformed","damage_taken":0,"max_hp_gain":0,"max_hp_loss":0,"event_name":"Transmorgrifier","floor":14,"gold_loss":0,"cards_obtained":["Study"]},{"damage_healed":0,"gold_gain":0,"player_choice":"Trade","damage_taken":0,"relics_obtained":["FaceOfCleric"],"max_hp_gain":0,"max_hp_loss":0,"event_name":"FaceTrader","floor":21,"gold_loss":0},{"damage_healed":0,"gold_gain":0,"player_choice":"Simplicity","damage_taken":0,"max_hp_gain":0,"max_hp_loss":0,"event_name":"Back to Basics","floor":27,"gold_loss":0,"cards_upgraded":["Strike_P","Defend_P","Defend_P","Defend_P","Defend_P"]}],"is_beta":false,"boss_relics":[{"not_picked":["Runic Dome","Tiny House"],"picked":"Sozu"}],"items_purged_floors":[30],"is_endless":false,"potions_floor_spawned":[2,5,7,10,16,20,24,31],"killed_by":"Collector","ascension_level":20}}