{"host":"pyelotildgrd5mks","time":1612104278,"event":{"mods":["BaseMod","Downfall","Minty Spire (QoL Compilation)","Quick Restart","StSLib"],"gold_per_floor":[99,99,99,99,24,57,57,74,89,89,89,89],"floor_reached":10,"language":"ZHS","playtime":149,"items_purged":["downfall:Malfunctioning"],"score":89,"play_id":"9b4a889d-9208-41a3-8261-554487b0158e","local_time":"20210131224438","is_ascension_mode":false,"campfire_choices":[{"data":"bronze:Goto","floor":1,"key":"SMITH"}],"circlet_count":0,"master_deck":["bronze:Strike+1","bronze:Strike","bronze:Strike+1","bronze:Defend","bronze:Defend+1","bronze:Defend","bronze:Defend","bronze:Replicate","bronze:Goto+1","bronze:ShipIt","bronze:CutThrough"],"relics":["bronze:BronzeCore","downfall:HeartsMalice","Regal Pillow"],"acts_visited":["Exordium"],"potions_floor_usage":[],"damage_taken":[{"damage":0,"enemies":"Jaw Worm","floor":2,"turns":1},{"damage":0,"enemies":"downfall:FleeingMerchant","floor":5,"turns":1},{"damage":0,"enemies":"3 Sentries","floor":6,"turns":1},{"damage":0,"enemies":"Small Slimes","floor":8,"turns":3},{"damage":7,"enemies":"2 Louse","floor":9,"turns":2},{"damage":0,"enemies":"Lagavulin","floor":10,"turns":1}],"seed_played":"-8242534535215332232","potions_obtained":[{"floor":6,"key":"SpeedPotion"},{"floor":8,"key":"AttackPotion"}],"is_trial":false,"path_per_floor":["R","M","?","?","$","E","T","M","M","E"],"character_chosen":"THE_AUTOMATON","items_purchased":[],"campfire_rested":0,"item_purchase_floors":[],"current_hp_per_floor":[70,70,70,70,70,70,70,70,63,63,63,63],"gold":89,"neow_bonus":"THREE_ENEMY_KILL","is_daily":false,"chose_seed":false,"campfire_upgraded":1,"win_rate":0.0,"timestamp":1612104278,"path_taken":["R","M","?","?","?","E","T","M","M","E"],"items_purchased_type":[],"build_version":"2020-12-22","purchased_purges":1,"victory":false,"max_hp_per_floor":[70,70,70,70,70,70,70,70,70,70,70,70],"card_choices":[{"not_picked":["bronze:WhirlingStrike","bronze:BitShift","bronze:DelayedGuard"],"picked":"SKIP","floor":2},{"not_picked":["bronze:Flail","bronze:ChosenStrike"],"picked":"bronze:ShipIt","floor":5},{"not_picked":["bronze:Invalidate","bronze:ClassDefault"],"picked":"bronze:CutThrough","floor":6},{"not_picked":["bronze:CutThrough","bronze:DelayedGuard","bronze:WildBeam"],"picked":"SKIP","floor":8},{"not_picked":["bronze:DelayedSlice","bronze:BitShift","bronze:BronzeArmor"],"picked":"SKIP","floor":9}],"player_experience":677467,"relics_obtained":[{"floor":6,"key":"Regal Pillow"}],"event_choices":[{"cards_removed":["bronze:Strike"],"damage_healed":0,"gold_gain":0,"player_choice":"Card Removal","damage_taken":0,"max_hp_gain":0,"max_hp_loss":0,"event_name":"The Cleric","floor":3,"gold_loss":0}],"is_beta":false,"boss_relics":[],"items_purged_floors":[5],"is_endless":false,"potions_floor_spawned":[6,8],"killed_by":"Lagavulin","ascension_level":0}}