{"host":"a1eatafr7pisesky","time":1612093721,"event":{"mods":["AchievementEnabler","BaseMod","Colored Map","Keyboard Shortcuts","Minty Spire (QoL Compilation)","Say the Spire","StSLib","SuperFastMode","everything is the same but u backflip on backflip"],"gold_per_floor":[114,114,133,58,69,69,94,128,151,151,167,192,192,208,208,308,308,325,325,339,339,135,135,11,11,11,11,11],"floor_reached":27,"language":"KOR","playtime":394,"items_purged":["Defend_P","Writhe"],"score":350,"play_id":"eaf06747-8693-403a-857c-ad8a52a706ae","local_time":"20210131204841","is_ascension_mode":true,"campfire_choices":[{"data":"Eruption","floor":6.0,"key":"SMITH"},{"floor":10.0,"key":"REST"},{"data":"Adaptation","floor":13.0,"key":"SMITH"},{"floor":15.0,"key":"REST"},{"floor":23.0,"key":"REST"},{"data":"Scrawl","floor":25.0,"key":"SMITH"}],"circlet_count":0,"master_deck":["AscendersBane","Eruption+1","Vigilance","BowlingBash","EmptyFist","Tantrum","Scrawl+1","Adaptation+1","Pray","Vault","LessonLearned","Ragnarok","Fasting2","CarveReality","ConjureBlade","Protect","ThirdEye"],"relics":["Runic Pyramid","Odd Mushroom","Akabeko","Bronze Scales","InkBottle","Pandora\u0027s Box","The Courier","TheAbacus","Membership Card","Centennial Puzzle"],"acts_visited":["Exordium","TheCity"],"potions_floor_usage":[],"damage_taken":[{"damage":4.0,"enemies":"2 Louse","floor":1.0,"turns":3.0},{"damage":7.0,"enemies":"Cultist","floor":3.0,"turns":3.0},{"damage":7.0,"enemies":"Jaw Worm","floor":5.0,"turns":3.0},{"damage":20.0,"enemies":"The Mushroom Lair","floor":7.0,"turns":3.0},{"damage":10.0,"enemies":"Gremlin Nob","floor":8.0,"turns":3.0},{"damage":0.0,"enemies":"2 Fungi Beasts","floor":11.0,"turns":1.0},{"damage":10.0,"enemies":"3 Sentries","floor":12.0,"turns":4.0},{"damage":9.0,"enemies":"3 Louse","floor":14.0,"turns":2.0},{"damage":14.0,"enemies":"Slime Boss","floor":16.0,"turns":6.0},{"damage":12.0,"enemies":"Chosen","floor":18.0,"turns":3.0},{"damage":12.0,"enemies":"Shell Parasite","floor":20.0,"turns":2.0},{"damage":0,"enemies":"Book of Stabbing","floor":27,"turns":1}],"seed_played":"-5557911321944375888","potions_obtained":[{"floor":1.0,"key":"AttackPotion"},{"floor":2.0,"key":"FairyPotion"},{"floor":2.0,"key":"DistilledChaos"},{"floor":16.0,"key":"BlessingOfTheForge"}],"is_trial":false,"path_per_floor":["M","?","M","$","M","R","?","E","T","R","M","E","R","M","R","B",null,"M","?","M","?","$","R","$","R","T","E"],"character_chosen":"WATCHER","items_purchased":["TheAbacus","Membership Card"],"campfire_rested":3,"item_purchase_floors":[22,24],"current_hp_per_floor":[61,61,54,54,47,47,27,17,17,38,38,28,28,19,40,26,61,49,49,37,24,24,47,47,47,47,47,47],"gold":11,"neow_bonus":"BOSS_RELIC","is_daily":false,"chose_seed":false,"campfire_upgraded":3,"win_rate":0.0,"timestamp":1612093721,"path_taken":["M","?","?","$","M","R","?","E","T","R","M","E","R","M","R","BOSS","M","?","M","?","$","R","$","R","T","E"],"items_purchased_type":["Relic","Relic"],"build_version":"2020-12-22","purchased_purges":2,"victory":false,"max_hp_per_floor":[72,72,72,72,72,72,72,72,72,72,72,72,72,72,72,72,72,72,72,72,77,77,77,77,77,77,77,77],"card_choices":[{"not_picked":["Wireheading","SashWhip"],"picked":"BowlingBash","floor":1.0},{"not_picked":["PathToVictory","EmptyBody"],"picked":"EmptyFist","floor":3.0},{"not_picked":["JustLucky","ReachHeaven","ThirdEye"],"picked":"SKIP","floor":5.0},{"not_picked":["ClearTheMind","Consecrate"],"picked":"Tantrum","floor":7.0},{"not_picked":["EmptyFist","FollowUp"],"picked":"Scrawl","floor":8.0},{"not_picked":["EmptyBody","WaveOfTheHand","Wireheading"],"picked":"SKIP","floor":11.0},{"not_picked":["Consecrate","JustLucky"],"picked":"Adaptation","floor":12.0},{"not_picked":["Evaluate","FollowUp"],"picked":"Pray","floor":14.0},{"not_picked":["ConjureBlade","Blasphemy"],"picked":"Vault","floor":16.0},{"not_picked":["Perseverance","JustLucky","Conclude"],"picked":"SKIP","floor":18.0},{"not_picked":["FollowUp","WaveOfTheHand","FlyingSleeves"],"picked":"SKIP","floor":20.0}],"player_experience":387579,"relics_obtained":[{"floor":7.0,"key":"Odd Mushroom"},{"floor":8.0,"key":"Akabeko"},{"floor":9.0,"key":"Bronze Scales"},{"floor":12.0,"key":"InkBottle"},{"floor":26.0,"key":"Centennial Puzzle"}],"event_choices":[{"damage_healed":0.0,"max_hp_gain":0.0,"max_hp_loss":0.0,"gold_gain":0.0,"event_name":"Lab","player_choice":"Got Potions","floor":2.0,"gold_loss":0.0,"damage_taken":0.0},{"damage_healed":0.0,"max_hp_gain":0.0,"max_hp_loss":0.0,"gold_gain":0.0,"event_name":"Mushrooms","player_choice":"Fought Mushrooms","floor":7.0,"gold_loss":0.0,"damage_taken":0.0},{"damage_healed":0.0,"max_hp_gain":0.0,"max_hp_loss":0.0,"gold_gain":0.0,"event_name":"The Mausoleum","player_choice":"Opened","floor":19.0,"gold_loss":0.0,"damage_taken":0.0,"relics_obtained":["The Courier"],"cards_obtained":["Writhe"]},{"damage_healed":0.0,"max_hp_gain":5.0,"max_hp_loss":0.0,"gold_gain":0.0,"event_name":"Forgotten Altar","player_choice":"Shed Blood","floor":21.0,"gold_loss":0.0,"damage_taken":18.0}],"is_beta":false,"boss_relics":[{"not_picked":["Snecko Eye","Fusion Hammer"],"picked":"Pandora\u0027s Box"}],"items_purged_floors":[4,22],"is_endless":false,"potions_floor_spawned":[1,12,16,20],"killed_by":"Book of Stabbing","ascension_level":12}}