{"host":"ijtyqc57s6c9mbij","time":1612065671,"event":{"mods":["BaseMod","Colored Map","Downfall","Minty Spire (QoL Compilation)","StSLib"],"gold_per_floor":[99,274,285,285,27,45,45,59,159,59,93,93,103,103,120,218,218,18,18,3,23,33,33,33,33,133,133,233,33,33,60,77,178,178,178,256,256,268,73,73,144,157,189,189,216,316,316,332,342,342,342,342,342,342],"floor_reached":52,"language":"ENG","playtime":3211,"items_purged":["Regret","Doubt"],"score":949,"play_id":"0415cec6-85ad-438d-9204-7db2b340b5f2","local_time":"20210130200111","daily_mods":["ControlledChaos","Diverse","downfall:Improvised","Binary"],"is_ascension_mode":false,"campfire_choices":[{"floor":1,"key":"RECALL"},{"data":"sneckomod:SnekBite","floor":10,"key":"SMITH"},{"data":"sneckomod:TailWhip","floor":12,"key":"SMITH"},{"data":"sneckomod:UnknownUncommonSkill","floor":18,"key":"SMITH"},{"data":"sneckomod:UnknownUncommonAttack","floor":25,"key":"SMITH"},{"data":"Bite","floor":27,"key":"SMITH"},{"data":"expansioncontent:QuickStudy","floor":35,"key":"SMITH"},{"data":"hexamod:ForkedFlame","floor":40,"key":"SMITH"},{"data":"expansioncontent:YouAreMine","floor":44,"key":"SMITH"},{"data":"champ:DeathBlow","floor":47,"key":"SMITH"}],"circlet_count":0,"master_deck":["sneckomod:Defend","sneckomod:Defend","sneckomod:Defend","sneckomod:TailWhip+1","sneckomod:SnekBite+1","sneckomod:Unknown","sneckomod:Unknown","sneckomod:UnknownCommonAttack","sneckomod:UnknownCommonAttack","sneckomod:UnknownCommonAttack","sneckomod:UnknownCommonSkill","sneckomod:UnknownCommonSkill","sneckomod:UnknownCommonSkill","sneckomod:UnknownUncommonAttack+1","sneckomod:UnknownUncommonSkill+1","sneckomod:UnknownUncommonPower+1","sneckomod:Unknown","downfall:Bewildered","Bite+1","Bite","Bite","Bite","downfall:Haunted","downfall:Haunted","Parasite","Parasite","hexamod:ForkedFlame+1","expansioncontent:YouAreMine+1","expansioncontent:QuickStudy+1","CurseOfTheBell","downfall:Bewildered","champ:DeathBlow+1","Slimebound:SplitMire+1","sneckomod:DefensiveFlair+1","MentalFortress+1","champ:PerfectedStrike","bronze:Separator"],"relics":["Snecko Eye","Busted Crown","hexamod:CandleOfCauterizing","Frozen Egg 2","downfall:HeartBlessingRed","Shuriken","SacredBark","downfall:HeartBlessingGreen","downfall:HeartBlessingBlue","sneckomod:BabySnecko","Eternal Feather","Darkstone Periapt","Bronze Scales","champ:DeflectingBracers","Calling Bell","Smiling Mask","Question Card","TungstenRod","Pear","Guardian:BottledAnomaly","Ornamental Fan","White Beast Statue","Ancient Tea Set"],"acts_visited":["Exordium","TheCity","TheBeyond","TheEnding"],"potions_floor_usage":[6,29,31,32,33,45,48,50,50],"damage_taken":[{"damage":0,"enemies":"Small Slimes","floor":3,"turns":2},{"damage":0,"enemies":"downfall:FleeingMerchant","floor":5,"turns":4},{"damage":2,"enemies":"Jaw Worm","floor":6,"turns":3},{"damage":20,"enemies":"Cultist","floor":8,"turns":3},{"damage":26,"enemies":"Lagavulin","floor":11,"turns":5},{"damage":0,"enemies":"Large Slime","floor":13,"turns":3},{"damage":0,"enemies":"Blue Slaver","floor":15,"turns":2},{"damage":20,"enemies":"IC_STATUS_ARCHETYPE","floor":16,"turns":3},{"damage":15,"enemies":"downfall:FleeingMerchant","floor":20,"turns":4},{"damage":20,"enemies":"Chosen","floor":21,"turns":2},{"damage":23,"enemies":"Snecko","floor":22,"turns":3},{"damage":15,"enemies":"downfall:FleeingMerchant","floor":29,"turns":3},{"damage":5,"enemies":"Slavers","floor":31,"turns":2},{"damage":6,"enemies":"3 Cultists","floor":32,"turns":4},{"damage":32,"enemies":"DF_ARCHETYPE_CLAW","floor":33,"turns":7},{"damage":8,"enemies":"3 Darklings","floor":38,"turns":3},{"damage":14,"enemies":"Orb Walker","floor":42,"turns":3},{"damage":44,"enemies":"Nemesis","floor":43,"turns":5},{"damage":31,"enemies":"Giant Head","floor":45,"turns":6},{"damage":22,"enemies":"3 Darklings","floor":48,"turns":3},{"damage":12,"enemies":"Jaw Worm Horde","floor":49,"turns":3},{"damage":168,"enemies":"WA_ARCHETYPE_DIVINITY","floor":50,"turns":8},{"damage":150,"enemies":"downfall:CharBossMerchant","floor":52,"turns":7}],"seed_played":"1962354581879936005","potions_obtained":[{"floor":3,"key":"bronze:BurnAndBuffPotion"},{"floor":8,"key":"SmokeBomb"},{"floor":15,"key":"SneckoOil"},{"floor":21,"key":"Fruit Juice"},{"floor":31,"key":"CultistPotion"},{"floor":33,"key":"Fire Potion"},{"floor":38,"key":"SteroidPotion"},{"floor":42,"key":"hexamod:SoulburnPotion"},{"floor":45,"key":"FearPotion"},{"floor":48,"key":"DuplicationPotion"}],"is_trial":true,"path_per_floor":["R","?","M","T","$","M","T","M","?","R","E","R","M","?","M","B",null,"R","?","$","M","M","?","T","R","?","R","?","$","?","E","M","B",null,"R","?","?","M","$","R","T","M","E","R","E","?","R","M","M","B",null,"E"],"character_chosen":"THE_SNECKO","items_purchased":["Frozen Egg 2","expansioncontent:YouAreMine","expansioncontent:QuickStudy","Bronze Scales","champ:CounterPotion","Guardian:BottledAnomaly"],"campfire_rested":0,"item_purchase_floors":[5,29,29,29,29,39],"current_hp_per_floor":[90,90,90,90,90,88,88,88,88,88,62,62,62,62,62,42,90,100,100,100,100,92,69,69,69,69,69,104,101,77,81,81,55,125,125,135,141,133,133,141,141,129,129,141,122,122,141,134,124,36,141,0,0,0],"gold":342,"neow_bonus":"","is_daily":false,"chose_seed":false,"campfire_upgraded":9,"win_rate":0.0,"timestamp":1612065671,"path_taken":["R","?","M","?","$","M","T","?","?","R","E","R","M","?","M","BOSS","R","?","$","M","M","?","T","R","?","R","?","?","?","E","M","BOSS","R","?","?","?","$","R","T","M","E","R","E","?","R","?","M","BOSS","E"],"items_purchased_type":["Relic","Card","Card","Relic","Potion","Relic"],"build_version":"2020-12-22","purchased_purges":2,"victory":false,"max_hp_per_floor":[90,90,90,90,90,90,90,90,90,90,90,90,90,90,90,90,90,100,100,100,100,100,69,69,69,69,69,104,114,119,119,119,119,125,125,135,141,141,141,141,141,141,141,141,141,141,141,141,141,141,141,141,141,141],"card_choices":[{"not_picked":[],"picked":"champ:DeathBlow","floor":38},{"not_picked":[],"picked":"Slimebound:SplitMire+1","floor":42},{"not_picked":[],"picked":"sneckomod:DefensiveFlair+1","floor":43},{"not_picked":[],"picked":"MentalFortress+1","floor":45},{"not_picked":[],"picked":"champ:PerfectedStrike","floor":48},{"not_picked":[],"picked":"bronze:Separator","floor":49}],"player_experience":922900,"relics_obtained":[{"floor":4,"key":"hexamod:CandleOfCauterizing"},{"floor":11,"key":"Shuriken"},{"floor":24,"key":"Eternal Feather"},{"floor":31,"key":"champ:DeflectingBracers"},{"floor":34,"key":"Smiling Mask"},{"floor":34,"key":"Question Card"},{"floor":34,"key":"TungstenRod"},{"floor":36,"key":"Pear"},{"floor":41,"key":"Ornamental Fan"},{"floor":43,"key":"White Beast Statue"},{"floor":45,"key":"Ancient Tea Set"}],"event_choices":[{"damage_healed":0,"gold_gain":0,"player_choice":"Became a vampire","damage_taken":0,"max_hp_gain":0,"max_hp_loss":31,"event_name":"Vampires","floor":23,"gold_loss":0,"cards_obtained":["Bite","Bite","Bite","Bite","Bite"]},{"cards_removed":["Bite"],"damage_healed":0,"gold_gain":0,"player_choice":"Took Card","damage_taken":0,"max_hp_gain":0,"max_hp_loss":0,"event_name":"NoteForYourself","floor":37,"gold_loss":0,"cards_obtained":["downfall:Bewildered"]}],"is_beta":false,"boss_relics":[{"not_picked":["Coffee Dripper","SlaversCollar"],"picked":"SacredBark"},{"not_picked":["Black Star","bronze:MakeshiftBattery"],"picked":"Calling Bell"}],"items_purged_floors":[29,39],"is_endless":false,"potions_floor_spawned":[3,8,15,21,31,33,38,42,45,48,49],"killed_by":"downfall:CharBossMerchant","ascension_level":0}}