{"host":"neeznpvpgo0qgfkd","time":1612113623,"event":{"mods":["AchievementEnabler","BaseMod","BetterRewards","Colored Map","Colored Powertips","Exacting","Minty Spire (QoL Compilation)","Permanent Neow","Quick Restart","Shop Mod"],"gold_per_floor":[115,115,115,135,164,199,212,231,231,231,257,302,333,344,344,420,420,432,432,432,432,347,377,122,154,154,179,208,223,237,268,268,347,347,365,383,55,74,86,121,121,151,175,175,175],"floor_reached":44,"language":"ENG","playtime":2576,"items_purged":[],"score":1489,"play_id":"b1e0bca0-107c-4507-b104-bb312212dec2","local_time":"20210131122023","is_ascension_mode":true,"campfire_choices":[{"floor":15.0,"key":"REST"},{"floor":32,"key":"RECALL"}],"circlet_count":0,"master_deck":["AscendersBane","Defend_G+1","Defend_G+1","Defend_G+1","Defend_G+1","Defend_G+1","Survivor","Neutralize+1","Accuracy","Dagger Spray","Flying Knee","Blade Dance","Blade Dance","Finisher","Slice+1","Poisoned Stab","Cloak And Dagger","Prepared+1","Underhanded Strike","Footwork","Envenom","Dagger Spray","Bite","Bite","Bite","Bite+1","Bite","Tactician+1","Adrenaline","Noxious Fumes","Backstab+1","Dagger Spray","Dash","Adrenaline","CurseOfTheBell","Tools of the Trade","Cloak And Dagger+1","Reflex","Prepared","Backstab","Prepared+1","Blade Dance+1","Madness"],"relics":["Ring of the Snake","Toy Ornithopter","Potion Belt","Calipers","Eternal Feather","Snake Skull","Ornamental Fan","Bronze Scales","Black Star","Gremlin Horn","Akabeko","MerchantsRug","Tiny Chest","Ginger","Mummified Hand","Unceasing Top","Sundial","Bottled Tornado","Regal Pillow","Bottled Lightning","Orichalcum","Gambling Chip","CeramicFish"],"acts_visited":["Exordium","TheCity","TheBeyond"],"potions_floor_usage":[23,25,25,25,30,31,31,36,38,39,39,42,44],"damage_taken":[{"damage":3.0,"enemies":"Jaw Worm","floor":1.0,"turns":4.0},{"damage":6.0,"enemies":"2 Louse","floor":4.0,"turns":2.0},{"damage":7.0,"enemies":"Small Slimes","floor":5.0,"turns":2.0},{"damage":12.0,"enemies":"3 Sentries","floor":6.0,"turns":5.0},{"damage":0.0,"enemies":"Exordium Thugs","floor":7.0,"turns":2.0},{"damage":11.0,"enemies":"Looter","floor":8.0,"turns":2.0},{"damage":0.0,"enemies":"Gremlin Nob","floor":11.0,"turns":2.0},{"damage":0.0,"enemies":"Large Slime","floor":12.0,"turns":3.0},{"damage":4.0,"enemies":"Lagavulin","floor":13.0,"turns":4.0},{"damage":0.0,"enemies":"Exordium Wildlife","floor":14.0,"turns":2.0},{"damage":9.0,"enemies":"Hexaghost","floor":16.0,"turns":7.0},{"damage":33.0,"enemies":"2 Thieves","floor":18.0,"turns":5.0},{"damage":18,"enemies":"Book of Stabbing","floor":23,"turns":4},{"damage":30,"enemies":"Slavers","floor":25,"turns":4},{"damage":34,"enemies":"Book of Stabbing","floor":27,"turns":5},{"damage":0,"enemies":"3 Byrds","floor":29,"turns":3},{"damage":5,"enemies":"Centurion and Healer","floor":30,"turns":4},{"damage":0,"enemies":"Shelled Parasite and Fungi","floor":31,"turns":1},{"damage":54,"enemies":"Automaton","floor":33,"turns":8},{"damage":43,"enemies":"3 Shapes","floor":35,"turns":3},{"damage":0,"enemies":"Orb Walker","floor":36,"turns":1},{"damage":0,"enemies":"Sphere and 2 Shapes","floor":38,"turns":3},{"damage":2,"enemies":"Transient","floor":39,"turns":6},{"damage":27,"enemies":"Reptomancer","floor":40,"turns":4},{"damage":23,"enemies":"Giant Head","floor":42,"turns":5},{"damage":46,"enemies":"Nemesis","floor":44,"turns":3}],"seed_played":"-1873631669306656403","potions_obtained":[{"floor":7.0,"key":"CunningPotion"},{"floor":8.0,"key":"FearPotion"},{"floor":11.0,"key":"GamblersBrew"},{"floor":13.0,"key":"SneckoOil"},{"floor":14.0,"key":"SneckoOil"},{"floor":18.0,"key":"SteroidPotion"},{"floor":25,"key":"Fruit Juice"},{"floor":29,"key":"Block Potion"},{"floor":30,"key":"DistilledChaos"},{"floor":35,"key":"EntropicBrew"},{"floor":38,"key":"Fruit Juice"},{"floor":42,"key":"Dexterity Potion"},{"floor":42,"key":"Fire Potion"}],"is_trial":false,"path_per_floor":["M","?","?","M","M","E","M","M","T","?","E","M","E","M","R","B",null,"M","?","?","?","?","E","$","E","T","E","$","M","M","M","R","B",null,"M","M","$","M","M","E","?","E","T","E"],"character_chosen":"THE_SILENT","items_purchased":["Toy Ornithopter","Potion Belt","Accuracy","Dagger Spray","MerchantsRug","Adrenaline","Noxious Fumes","DuplicationPotion","Bottled Tornado","Reflex","Prepared","Backstab"],"campfire_rested":1,"item_purchase_floors":[0,0,0,0,24,24,24,28,37,37,37,37],"current_hp_per_floor":[56,56,56,50,43,31,31,20,20,20,30,35,31,31,65,65,66,33,33,33,33,33,26,26,25,32,5,5,12,23,36,54,16,48,14,22,22,41,60,40,40,29,29,0,0],"gold":175,"neow_bonus":"","is_daily":false,"chose_seed":false,"campfire_upgraded":0,"win_rate":0.0,"timestamp":1612113623,"path_taken":["M","?","?","M","M","E","M","M","T","?","E","M","E","M","R","BOSS","M","?","?","?","?","E","$","E","T","E","?","M","M","M","R","BOSS","M","M","$","M","M","E","?","E","T","E"],"items_purchased_type":["Relic","Relic","Card","Card","Relic","Card","Card","Potion","Relic","Card","Card","Card"],"build_version":"2020-12-22","purchased_purges":0,"victory":false,"max_hp_per_floor":[66,66,66,66,66,66,66,66,66,66,66,66,66,66,66,66,66,66,66,66,46,46,46,46,51,58,58,58,58,58,58,58,58,58,58,58,58,63,63,63,63,63,63,63,63],"card_choices":[{"not_picked":["Bane","Well Laid Plans"],"picked":"Flying Knee","floor":1.0},{"not_picked":["Dagger Throw","Slice"],"picked":"Blade Dance","floor":4.0},{"not_picked":["Underhanded Strike","Deadly Poison","Outmaneuver"],"picked":"SKIP","floor":5.0},{"not_picked":["Calculated Gamble","Quick Slash"],"picked":"Blade Dance","floor":6.0},{"not_picked":["Poisoned Stab","Sucker Punch"],"picked":"Finisher","floor":7.0},{"not_picked":["Well Laid Plans","Deflect"],"picked":"Slice","floor":8.0},{"not_picked":["Riddle With Holes","Backflip"],"picked":"Poisoned Stab","floor":11.0},{"not_picked":["Deadly Poison","Bane"],"picked":"Cloak And Dagger","floor":12.0},{"not_picked":["Masterful Stab","Night Terror"],"picked":"Prepared","floor":13.0},{"not_picked":["Deflect","Slice"],"picked":"Underhanded Strike","floor":14.0},{"not_picked":["Dagger Spray","Underhanded Strike"],"picked":"Footwork","floor":14.0},{"not_picked":["Tools of the Trade","Adrenaline"],"picked":"Envenom","floor":16.0},{"not_picked":["Blur","Backflip"],"picked":"Dagger Spray","floor":18.0},{"not_picked":["Poisoned Stab","Outmaneuver"],"picked":"Tactician","floor":23},{"not_picked":["Night Terror","Terror","Blur"],"picked":"SKIP","floor":25},{"not_picked":["Dagger Spray","Expertise"],"picked":"Backstab+1","floor":27},{"not_picked":["Dagger Spray","Catalyst","PiercingWail"],"picked":"SKIP","floor":29},{"not_picked":["Bane","Eviscerate"],"picked":"Dagger Spray","floor":30},{"not_picked":["Poisoned Stab","Heel Hook"],"picked":"Dash","floor":31},{"not_picked":["Die Die Die","Grand Finale"],"picked":"Adrenaline","floor":33},{"not_picked":["Footwork+1","Escape Plan+1"],"picked":"Tools of the Trade","floor":35},{"not_picked":["Sucker Punch","Predator+1"],"picked":"Cloak And Dagger+1","floor":36},{"not_picked":["Sucker Punch","Leg Sweep"],"picked":"Prepared+1","floor":38},{"not_picked":["Well Laid Plans","Flying Knee","Eviscerate"],"picked":"SKIP","floor":39},{"not_picked":["Die Die Die","Flechettes"],"picked":"Blade Dance+1","floor":40},{"not_picked":["Enlightenment","Blind"],"picked":"Madness","floor":41},{"not_picked":["Quick Slash","Outmaneuver","Finisher"],"picked":"SKIP","floor":42}],"player_experience":1950753,"relics_obtained":[{"floor":6.0,"key":"Matryoshka"},{"floor":6.0,"key":"Eternal Feather"},{"floor":9.0,"key":"Snake Skull"},{"floor":11.0,"key":"Ornamental Fan"},{"floor":13.0,"key":"Bronze Scales"},{"floor":23,"key":"Whetstone"},{"floor":23,"key":"Akabeko"},{"floor":25,"key":"Tiny Chest"},{"floor":25,"key":"War Paint"},{"floor":26,"key":"Strawberry"},{"floor":26,"key":"Ginger"},{"floor":27,"key":"Mummified Hand"},{"floor":27,"key":"Unceasing Top"},{"floor":34,"key":"Art of War"},{"floor":34,"key":"Sundial"},{"floor":34,"key":"Pocketwatch"},{"floor":40,"key":"Regal Pillow"},{"floor":40,"key":"Bottled Lightning"},{"floor":42,"key":"Orichalcum"},{"floor":42,"key":"Gambling Chip"},{"floor":43,"key":"CeramicFish"}],"event_choices":[{"damage_healed":0.0,"max_hp_gain":0.0,"max_hp_loss":0.0,"gold_gain":0.0,"event_name":"The Cleric","player_choice":"Leave","floor":2.0,"gold_loss":0.0,"damage_taken":0.0},{"damage_healed":0.0,"max_hp_gain":0.0,"max_hp_loss":0.0,"gold_gain":0.0,"event_name":"Living Wall","player_choice":"Grow","floor":3.0,"gold_loss":0.0,"damage_taken":0.0,"cards_upgraded":["Neutralize"]},{"damage_healed":0.0,"max_hp_gain":0.0,"max_hp_loss":0.0,"gold_gain":0.0,"event_name":"Golden Wing","player_choice":"Ignored","floor":10.0,"gold_loss":0.0,"damage_taken":0.0},{"damage_healed":0.0,"max_hp_gain":0.0,"max_hp_loss":0.0,"gold_gain":0.0,"event_name":"Back to Basics","player_choice":"Simplicity","floor":19.0,"gold_loss":0.0,"damage_taken":0.0,"cards_upgraded":["Strike_G","Strike_G","Strike_G","Strike_G","Strike_G","Defend_G","Defend_G","Defend_G","Defend_G","Defend_G"]},{"damage_healed":0.0,"max_hp_gain":0.0,"max_hp_loss":0.0,"gold_gain":0.0,"event_name":"Ghosts","player_choice":"Ignored","floor":20.0,"gold_loss":0.0,"damage_taken":0.0},{"damage_healed":0.0,"max_hp_gain":0.0,"max_hp_loss":20.0,"gold_gain":0.0,"event_name":"Vampires","player_choice":"Became a vampire","floor":21.0,"gold_loss":0.0,"damage_taken":0.0,"cards_obtained":["Bite","Bite","Bite","Bite","Bite"]},{"damage_healed":0.0,"max_hp_gain":0.0,"max_hp_loss":0.0,"gold_gain":0.0,"event_name":"Addict","player_choice":"Obtained Relic","floor":22.0,"gold_loss":85.0,"damage_taken":0.0,"relics_obtained":["Gremlin Horn"]},{"damage_healed":0,"gold_gain":0,"player_choice":"Memory 1","damage_taken":0,"max_hp_gain":0,"max_hp_loss":0,"event_name":"SensoryStone","floor":41,"gold_loss":0}],"is_beta":false,"boss_relics":[{"not_picked":["Runic Pyramid","Empty Cage"],"picked":"Black Star"},{"not_picked":["Ring of the Serpent","Philosopher\u0027s Stone"],"picked":"Calling Bell"}],"items_purged_floors":[],"is_endless":false,"potions_floor_spawned":[7,8,11,13,14,18,25,29,30,35,38,42],"killed_by":"Nemesis","ascension_level":19}}