{"host":"3azvxbhvx7nk2p5g","time":1612096718,"event":{"mods":["BaseMod","Koishi","Minty Spire (QoL Compilation)","StSLib"],"gold_per_floor":[119,132,132,148,164,20,20,32,32,51,65,65,81,91,91,187,187,203,203,221,235,245,245,245],"floor_reached":23,"language":"ZHS","playtime":2125,"items_purged":["Koishi:BasicStrike"],"score":191,"play_id":"7cd4adda-fdfd-49e2-8061-54526ad883f5","local_time":"20210131203838","is_ascension_mode":false,"campfire_choices":[{"data":"Koishi:HauntingSlash","floor":7.0,"key":"SMITH"},{"data":"Koishi:JumpScare","floor":12.0,"key":"SMITH"},{"data":"Koishi:RuptureMind","floor":15.0,"key":"SMITH"}],"circlet_count":0,"master_deck":["Koishi:BasicStrike","Koishi:BasicDefend","Koishi:BasicDefend","Koishi:BasicDefend","Koishi:BasicDefend","Koishi:Provoke","Koishi:HauntingSlash+1","Koishi:RacingHeart","Koishi:Jaunt","Koishi:DanmakuParanoia","Koishi:TremblingHands","Koishi:JumpScare+1","Koishi:StingingMind","Koishi:RuptureMind+1","Koishi:TerrifyingSpectre","Koishi:GhostParty+1","Koishi:GeneticsOfTheUnconscious+1","Koishi:SpiritedAway+1"],"relics":["Koishi:ImaginaryFriend","Lizard Tail","Philosopher\u0027s Stone","WingedGreaves"],"acts_visited":["Exordium","TheCity"],"potions_floor_usage":[],"damage_taken":[{"damage":2.0,"enemies":"Jaw Worm","floor":1.0,"turns":6.0},{"damage":0.0,"enemies":"Cultist","floor":2.0,"turns":5.0},{"damage":0.0,"enemies":"Small Slimes","floor":4.0,"turns":4.0},{"damage":11.0,"enemies":"Gremlin Gang","floor":5.0,"turns":8.0},{"damage":7.0,"enemies":"Large Slime","floor":8.0,"turns":13.0},{"damage":16.0,"enemies":"Exordium Thugs","floor":10.0,"turns":5.0},{"damage":5.0,"enemies":"Looter","floor":11.0,"turns":3.0},{"damage":8.0,"enemies":"2 Fungi Beasts","floor":13.0,"turns":4.0},{"damage":0.0,"enemies":"Large Slime","floor":14.0,"turns":5.0},{"damage":23.0,"enemies":"The Guardian","floor":16.0,"turns":17.0},{"damage":61,"enemies":"3 Byrds","floor":18,"turns":10},{"damage":18,"enemies":"Shell Parasite","floor":20,"turns":9},{"damage":12,"enemies":"Sentry and Sphere","floor":21,"turns":19},{"damage":60,"enemies":"Chosen and Byrds","floor":22,"turns":12},{"damage":80,"enemies":"Gremlin Leader","floor":23,"turns":11}],"seed_played":"4261776187169856109","potions_obtained":[{"floor":2.0,"key":"CultistPotion"},{"floor":5.0,"key":"AttackPotion"},{"floor":8.0,"key":"FearPotion"},{"floor":13.0,"key":"Ancient Potion"},{"floor":21,"key":"Strength Potion"}],"is_trial":false,"path_per_floor":["M","M","?","M","M","$","R","M","T","M","M","R","M","M","R","B",null,"M","?","M","M","M","E"],"character_chosen":"KOISHI","items_purchased":["Koishi:TremblingHands"],"campfire_rested":0,"item_purchase_floors":[6],"current_hp_per_floor":[60,60,60,60,51,51,51,52,52,46,51,51,56,60,60,60,60,29,29,39,60,50,0,0],"gold":245,"neow_bonus":"REMOVE_CARD","is_daily":false,"chose_seed":false,"campfire_upgraded":3,"win_rate":0.0,"timestamp":1612096718,"path_taken":["M","M","?","?","M","$","R","M","T","M","M","R","M","M","R","BOSS","M","?","M","?","M","E"],"items_purchased_type":["Card"],"build_version":"2020-12-22","purchased_purges":1,"victory":false,"max_hp_per_floor":[60,60,60,60,60,60,60,60,60,60,60,60,60,60,60,60,60,60,60,60,60,60,60,60],"card_choices":[{"not_picked":["Koishi:PhantomBarrier","Koishi:ReflexRadar"],"picked":"Koishi:RacingHeart","floor":1.0},{"not_picked":["Koishi:SpiritedAway","Koishi:UnansweredLove","Koishi:Jaunt"],"picked":"SKIP","floor":2.0},{"not_picked":["Koishi:SpiritedAway","Koishi:UnansweredLove"],"picked":"Koishi:Jaunt","floor":2.0},{"not_picked":["Koishi:UnconsciousUprising","Koishi:PhantomBarrier"],"picked":"Koishi:DanmakuParanoia","floor":4.0},{"not_picked":["Koishi:ReflexRadar","Koishi:FreudianInstinct","Koishi:UnconsciousUprising"],"picked":"SKIP","floor":5.0},{"not_picked":["Koishi:FourthEye","Koishi:PhantomBarrier"],"picked":"Koishi:JumpScare","floor":8.0},{"not_picked":["Koishi:FleetingPhantom","Koishi:DreadfulBlow"],"picked":"Koishi:StingingMind","floor":10.0},{"not_picked":["Koishi:FidgetySnatcher","Koishi:IdleWhim","Koishi:BloodcurdlingScream"],"picked":"SKIP","floor":11.0},{"not_picked":["Koishi:SpiritedAway","Koishi:PhantomStrike"],"picked":"Koishi:RuptureMind","floor":13.0},{"not_picked":["Koishi:ParalyzingFear","Koishi:HeartfeltFancy","Koishi:HeartAttack"],"picked":"SKIP","floor":14.0},{"not_picked":["Koishi:ImGoingToCallYouNow","Koishi:SilentAndRestless"],"picked":"Koishi:TerrifyingSpectre","floor":16.0},{"not_picked":["Koishi:UnconsciousUprising","Koishi:DreadfulBlow","Koishi:PhantomStrike"],"picked":"SKIP","floor":18},{"not_picked":["Koishi:StingingMind","Koishi:SpiritedAway"],"picked":"Koishi:GhostParty+1","floor":20},{"not_picked":["Koishi:FleetingPhantom","Koishi:DreadfulBlow"],"picked":"Koishi:GeneticsOfTheUnconscious+1","floor":21},{"not_picked":["Koishi:PhantomStrike","Koishi:EmbersOfLove+1"],"picked":"Koishi:SpiritedAway+1","floor":22}],"player_experience":62056,"relics_obtained":[{"floor":9.0,"key":"Lizard Tail"}],"event_choices":[{"cards_removed":["Koishi:BasicStrike"],"damage_healed":0.0,"max_hp_gain":0.0,"max_hp_loss":0.0,"gold_gain":0.0,"event_name":"Wheel of Change","player_choice":"Card Removal","floor":3.0,"gold_loss":0.0,"damage_taken":0.0},{"damage_healed":0,"gold_gain":0,"player_choice":"Gave Potion","damage_taken":0,"relics_obtained":["WingedGreaves"],"max_hp_gain":0,"max_hp_loss":0,"event_name":"WeMeetAgain","floor":19,"gold_loss":0}],"is_beta":false,"boss_relics":[{"not_picked":["Snecko Eye","Calling Bell"],"picked":"Philosopher\u0027s Stone"}],"items_purged_floors":[6],"is_endless":false,"potions_floor_spawned":[2,5,8,13,16,18,21],"killed_by":"Gremlin Leader","ascension_level":0}}