{"host":"7wagoesq7cf4lu47","time":1612071397,"event":{"mods":["Act Like it!","BaseMod","Minty Spire (QoL Compilation)","StSLib","The Dragon Tamer"],"gold_per_floor":[116,136,136,149,324,343,343,293,317,242,253,286,302,314,314,411,411,429,454,454,471,158,186,186,186,186],"floor_reached":24,"language":"ZHS","playtime":1562,"items_purged":["Doubt"],"score":218,"play_id":"5798fc74-ba0d-4e37-8f40-555634d77c84","local_time":"20210131133637","is_ascension_mode":false,"metric_token":343,"campfire_choices":[{"data":"DTMod:ShadowImage","floor":7.0,"key":"SMITH"},{"data":"DTMod:SwitchingTactic","floor":15.0,"key":"SMITH"}],"dtmod_dragon_data":[4,56,0,-1,0,0],"circlet_count":0,"master_deck":["DTMod:Strike","DTMod:Strike","DTMod:DoubleHit","DTMod:TargetDefense","DTMod:TargetDefense","DTMod:TargetDefense","DTMod:TargetDefense","DTMod:SwitchingTactic+1","DTMod:ComboAttack","DTMod:ShadowImage+1","DTMod:Inferno"],"relics":["DTMod:PactStone","NeowsBlessing","Art of War","MealTicket","Sozu","Red Mask","FossilizedHelix","InkBottle"],"acts_visited":["Exordium","TheCity"],"potions_floor_usage":[23],"damage_taken":[{"damage":0.0,"enemies":"Jaw Worm","floor":1.0,"turns":1.0},{"damage":0.0,"enemies":"Cultist","floor":2.0,"turns":1.0},{"damage":0.0,"enemies":"Small Slimes","floor":4.0,"turns":1.0},{"damage":0.0,"enemies":"Looter","floor":6.0,"turns":4.0},{"damage":0.0,"enemies":"3 Louse","floor":11.0,"turns":4.0},{"damage":5.0,"enemies":"3 Sentries","floor":12.0,"turns":12.0},{"damage":0.0,"enemies":"Exordium Thugs","floor":13.0,"turns":4.0},{"damage":0.0,"enemies":"Looter","floor":14.0,"turns":3.0},{"damage":29.0,"enemies":"Slime Boss","floor":16.0,"turns":18.0},{"damage":0.0,"enemies":"Spheric Guardian","floor":18.0,"turns":3.0},{"damage":0.0,"enemies":"Masked Bandits","floor":19.0,"turns":3.0},{"damage":17.0,"enemies":"3 Byrds","floor":21.0,"turns":5.0},{"damage":37,"enemies":"Book of Stabbing","floor":23,"turns":9},{"damage":11,"enemies":"Snake Plant","floor":24,"turns":2}],"seed_played":"3068521606606722119","potions_obtained":[{"floor":2.0,"key":"LiquidMemories"},{"floor":4.0,"key":"Dexterity Potion"},{"floor":11.0,"key":"SteroidPotion"},{"floor":12.0,"key":"Block Potion"}],"is_trial":false,"path_per_floor":["M","M","?","M","?","M","R","?","T","$","M","E","M","M","R","B",null,"M","?","?","M","$","E","M"],"character_chosen":"THE_DT","items_purchased":["FossilizedHelix"],"campfire_rested":0,"item_purchase_floors":[22],"current_hp_per_floor":[45,45,45,45,45,45,45,45,45,45,45,40,40,40,40,11,45,45,45,45,28,43,6,0,0,0],"gold":186,"neow_bonus":"THREE_ENEMY_KILL","is_daily":false,"chose_seed":false,"campfire_upgraded":2,"win_rate":0.0,"timestamp":1612071397,"path_taken":["M","M","?","?","?","M","R","?","T","$","M","E","M","M","R","BOSS","M","?","?","?","$","E","M"],"items_purchased_type":["Relic"],"build_version":"2020-12-22","purchased_purges":1,"victory":false,"max_hp_per_floor":[45,45,45,45,45,45,45,45,45,45,45,45,45,45,45,45,45,45,45,45,45,45,45,45,45,45],"card_choices":[{"not_picked":["DTMod:Cover","DTMod:Punisher","DTMod:CalculatedDefense"],"picked":"SKIP","floor":1.0},{"not_picked":["DTMod:BurningForce","DTMod:Punisher"],"picked":"DTMod:ComboAttack","floor":2.0},{"not_picked":["DTMod:FlameSlash","DTMod:SneakAttack","DTMod:Threaten"],"picked":"SKIP","floor":4.0},{"not_picked":["DTMod:BurningEnergy","DTMod:MasterPlan"],"picked":"DTMod:ShadowImage","floor":6.0},{"not_picked":["DTMod:ComboAttack","DTMod:Hide","DTMod:Punisher"],"picked":"SKIP","floor":11.0},{"not_picked":["DTMod:Prediction","DTMod:BizarreTactic","DTMod:FlameSlash"],"picked":"SKIP","floor":12.0},{"not_picked":["DTMod:ComboAttack","DTMod:BurningEnergy","DTMod:ForkedFire"],"picked":"SKIP","floor":13.0},{"not_picked":["DTMod:TriAttack","DTMod:BreakAttack","DTMod:MagiciansMark"],"picked":"SKIP","floor":14.0},{"not_picked":["DTMod:SealedStrike","DTMod:FierySynthesis"],"picked":"DTMod:Inferno","floor":16.0},{"not_picked":["DTMod:BurningEnergy","DTMod:Threaten","DTMod:Cover"],"picked":"SKIP","floor":18.0},{"not_picked":["DTMod:CalculatedDefense","DTMod:Threaten","DTMod:FlameSlash+1"],"picked":"SKIP","floor":21.0},{"not_picked":["DTMod:PurifyingFlame","DTMod:Weaken","DTMod:FierySynthesis"],"picked":"SKIP","floor":23}],"player_experience":168008,"relics_obtained":[{"floor":9.0,"key":"Art of War"},{"floor":12.0,"key":"MealTicket"},{"floor":19.0,"key":"Red Mask"},{"floor":23,"key":"InkBottle"}],"event_choices":[{"damage_healed":0.0,"max_hp_gain":0.0,"max_hp_loss":0.0,"gold_gain":0.0,"event_name":"The Woman in Blue","player_choice":"Bought 0 Potions","floor":3.0,"gold_loss":0.0,"damage_taken":0.0},{"damage_healed":0.0,"max_hp_gain":0.0,"max_hp_loss":0.0,"gold_gain":175.0,"event_name":"Liars Game","player_choice":"AGREE","floor":5.0,"gold_loss":0.0,"damage_taken":0.0,"cards_obtained":["Doubt"]},{"cards_removed":["DTMod:Strike"],"damage_healed":0.0,"max_hp_gain":0.0,"max_hp_loss":0.0,"gold_gain":0.0,"event_name":"The Cleric","player_choice":"Card Removal","floor":8.0,"gold_loss":50.0,"damage_taken":0.0},{"damage_healed":0.0,"max_hp_gain":0.0,"max_hp_loss":0.0,"gold_gain":0.0,"event_name":"Masked Bandits","player_choice":"Fought Bandits","floor":19.0,"gold_loss":0.0,"damage_taken":0.0},{"cards_removed":["DTMod:Strike"],"damage_healed":0.0,"max_hp_gain":0.0,"max_hp_loss":0.0,"gold_gain":0.0,"event_name":"Back to Basics","player_choice":"Elegance","floor":20.0,"gold_loss":0.0,"damage_taken":0.0}],"is_beta":false,"boss_relics":[{"not_picked":["Calling Bell","Cursed Key"],"picked":"Sozu"}],"items_purged_floors":[10],"is_endless":false,"potions_floor_spawned":[2,4,11,12,14,18],"killed_by":"Snake Plant","ascension_level":0}}