{"host":"hszimsrtxxc2k25w","time":1612108709,"event":{"mods":["AchievementEnabler","BaseMod","Colored Map","DeckTracker","Minty Spire (QoL Compilation)","Rare Cards Sparkle","SuperFastMode"],"gold_per_floor":[109,109,34,34,34,34,67,67,67,96,107,121,121,135,135,206,206,222,222,237,262,162,162,37,69,94,110,124,124,124,142,142,219,219,235,250,250,250,250],"floor_reached":38,"language":"KOR","playtime":956,"items_purged":["Strike_G","Strike_G","Strike_G"],"score":881,"play_id":"f99dab94-7f9d-4fe7-99b4-b6a671e4aa55","local_time":"20210201005829","is_ascension_mode":true,"campfire_choices":[{"data":"Poisoned Stab","floor":6.0,"key":"SMITH"},{"data":"Choke","floor":8.0,"key":"SMITH"},{"data":"Cloak And Dagger","floor":13.0,"key":"SMITH"},{"data":"Cloak And Dagger","floor":15.0,"key":"SMITH"},{"data":"Blade Dance","floor":23,"key":"SMITH"},{"floor":32,"key":"REST"}],"circlet_count":0,"master_deck":["AscendersBane","Defend_G+1","Defend_G","Defend_G+1","Survivor","Neutralize","Poisoned Stab+1","Choke+1","Masterful Stab","Blade Dance+1","Finisher","Cloak And Dagger+1","Acrobatics","Cloak And Dagger+1","Adrenaline","Calculated Gamble+1","Tactician+1","Tactician","Backflip+1","Accuracy","Infinite Blades+1","Terror","A Thousand Cuts","Riddle With Holes+1","Crippling Poison+1","Bullet Time+1","Footwork"],"relics":["Ring of the Snake","NeowsBlessing","Du-Vu Doll","Prayer Wheel","Gremlin Horn","WristBlade","Anchor","Akabeko","War Paint","Astrolabe"],"acts_visited":["Exordium","TheCity","TheBeyond"],"potions_floor_usage":[16,33],"damage_taken":[{"damage":0.0,"enemies":"Jaw Worm","floor":1.0,"turns":1.0},{"damage":0.0,"enemies":"3 Sentries","floor":7.0,"turns":1.0},{"damage":0.0,"enemies":"Lagavulin","floor":10.0,"turns":1.0},{"damage":0.0,"enemies":"2 Louse","floor":11.0,"turns":2.0},{"damage":0.0,"enemies":"Small Slimes","floor":12.0,"turns":1.0},{"damage":3.0,"enemies":"Gremlin Gang","floor":14.0,"turns":3.0},{"damage":29,"enemies":"Slime Boss","floor":16,"turns":6},{"damage":0,"enemies":"2 Thieves","floor":18,"turns":1},{"damage":4,"enemies":"Chosen","floor":20,"turns":3},{"damage":27,"enemies":"Book of Stabbing","floor":25,"turns":4},{"damage":0,"enemies":"Snake Plant","floor":27,"turns":2},{"damage":18,"enemies":"Chosen and Byrds","floor":28,"turns":4},{"damage":5,"enemies":"Cultist and Chosen","floor":31,"turns":4},{"damage":7,"enemies":"Collector","floor":33,"turns":5},{"damage":0,"enemies":"3 Darklings","floor":35,"turns":3},{"damage":12,"enemies":"Orb Walker","floor":36,"turns":3},{"damage":52,"enemies":"4 Shapes","floor":38,"turns":3}],"seed_played":"8204825286386638378","potions_obtained":[{"floor":1.0,"key":"Poison Potion"},{"floor":11.0,"key":"DuplicationPotion"},{"floor":16,"key":"BlessingOfTheForge"},{"floor":27,"key":"Dexterity Potion"},{"floor":31,"key":"Regen Potion"},{"floor":35,"key":"FearPotion"}],"is_trial":false,"path_per_floor":["M","?","$","?","$","R","E","R","T","E","M","M","R","M","R","B",null,"M","?","M","T","$","R","$","E","T","M","M","?","$","M","R","B",null,"M","M","?","M"],"character_chosen":"THE_SILENT","items_purchased":[],"campfire_rested":1,"item_purchase_floors":[],"current_hp_per_floor":[59,64,64,64,64,64,64,64,64,64,64,64,64,61,61,32,61,61,61,57,57,57,57,57,30,30,30,12,12,12,7,28,35,62,62,50,50,0,0],"gold":250,"neow_bonus":"THREE_ENEMY_KILL","is_daily":false,"chose_seed":false,"campfire_upgraded":5,"win_rate":0.0,"timestamp":1612108709,"path_taken":["M","?","$","?","?","R","E","R","T","E","M","M","R","M","R","BOSS","M","?","M","?","$","R","$","E","T","M","M","?","$","M","R","BOSS","M","M","?","M"],"items_purchased_type":[],"build_version":"2020-12-22","purchased_purges":3,"victory":false,"max_hp_per_floor":[66,71,71,71,71,71,71,71,71,71,71,71,71,71,71,71,71,71,71,71,71,71,71,71,71,71,71,71,71,71,71,71,71,71,71,71,71,71,71],"card_choices":[{"not_picked":["Setup","Quick Slash"],"picked":"Poisoned Stab","floor":1.0},{"not_picked":["Deflect","Finisher","Setup"],"picked":"SKIP","floor":7.0},{"not_picked":["Escape Plan","Calculated Gamble"],"picked":"Masterful Stab","floor":10.0},{"not_picked":["Burst","Underhanded Strike"],"picked":"Blade Dance","floor":11.0},{"not_picked":["Backflip","Deadly Poison"],"picked":"Finisher","floor":11.0},{"not_picked":["Setup","Blade Dance"],"picked":"Cloak And Dagger","floor":12.0},{"not_picked":["Calculated Gamble","Underhanded Strike"],"picked":"Acrobatics","floor":12.0},{"not_picked":["Die Die Die","Finisher"],"picked":"Cloak And Dagger","floor":14.0},{"not_picked":["Sucker Punch","Expertise","Outmaneuver"],"picked":"SKIP","floor":14.0},{"not_picked":["After Image","Glass Knife"],"picked":"Adrenaline","floor":16},{"not_picked":["Caltrops+1","Well Laid Plans","Leg Sweep"],"picked":"SKIP","floor":18},{"not_picked":["Dagger Spray","Deadly Poison","Blade Dance"],"picked":"SKIP","floor":18},{"not_picked":["Dagger Throw","Blade Dance"],"picked":"Calculated Gamble+1","floor":20},{"not_picked":["Caltrops","Dash","Choke+1"],"picked":"SKIP","floor":20},{"not_picked":["Prepared","Deflect"],"picked":"Tactician","floor":25},{"not_picked":["Predator","Unload"],"picked":"Tactician","floor":27},{"not_picked":["Backflip","Bane","All Out Attack"],"picked":"SKIP","floor":27},{"not_picked":["Calculated Gamble","Skewer"],"picked":"Backflip+1","floor":28},{"not_picked":["Noxious Fumes","Distraction","Slice"],"picked":"SKIP","floor":28},{"not_picked":["Poisoned Stab","Dodge and Roll"],"picked":"Infinite Blades+1","floor":31},{"not_picked":["Dagger Throw","Prepared"],"picked":"Terror","floor":31},{"not_picked":["Glass Knife","Venomology"],"picked":"A Thousand Cuts","floor":33},{"not_picked":["Flying Knee","Blade Dance+1"],"picked":"Footwork","floor":35},{"not_picked":["Dagger Throw+1","Backflip","All Out Attack"],"picked":"SKIP","floor":35},{"not_picked":["Finisher","Outmaneuver","Underhanded Strike"],"picked":"SKIP","floor":36},{"not_picked":["Distraction","Sucker Punch","Backflip"],"picked":"SKIP","floor":36}],"player_experience":658435,"relics_obtained":[{"floor":7.0,"key":"Du-Vu Doll"},{"floor":9.0,"key":"Prayer Wheel"},{"floor":10.0,"key":"Gremlin Horn"},{"floor":21,"key":"Anchor"},{"floor":25,"key":"Akabeko"},{"floor":26,"key":"War Paint"}],"event_choices":[{"damage_healed":0.0,"max_hp_gain":5.0,"max_hp_loss":0.0,"gold_gain":0.0,"event_name":"Big Fish","player_choice":"Donut","floor":2.0,"gold_loss":0.0,"damage_taken":0.0},{"damage_healed":0.0,"max_hp_gain":0.0,"max_hp_loss":0.0,"gold_gain":0.0,"cards_transformed":["Strike_G"],"event_name":"Living Wall","player_choice":"Change","floor":4.0,"gold_loss":0.0,"damage_taken":0.0,"cards_obtained":["Choke"]},{"damage_healed":0,"gold_gain":0,"player_choice":"Ignored","damage_taken":0,"max_hp_gain":0,"max_hp_loss":0,"event_name":"Cursed Tome","floor":19,"gold_loss":0},{"damage_healed":0,"gold_gain":0,"player_choice":"Read","damage_taken":0,"max_hp_gain":0,"max_hp_loss":0,"event_name":"The Library","floor":29,"gold_loss":0,"cards_obtained":["Accuracy"]},{"damage_healed":0,"gold_gain":0,"player_choice":"Forge","damage_taken":0,"max_hp_gain":0,"max_hp_loss":0,"event_name":"Accursed Blacksmith","floor":37,"gold_loss":0,"cards_upgraded":["Tactician"]}],"is_beta":false,"boss_relics":[{"not_picked":["Calling Bell","Sozu"],"picked":"WristBlade"},{"not_picked":["Black Star","Tiny House"],"picked":"Astrolabe"}],"items_purged_floors":[3,22,24],"is_endless":false,"potions_floor_spawned":[1,11,16,27,31,35,36],"killed_by":"4 Shapes","ascension_level":19}}