{"host":"91blwi3hgehj6ch9","time":1612099099,"event":{"mods":["2.2 Compatiblity","AchievementEnabler","BaseMod","Colored Map","DeckTracker","Keyboard Shortcuts","Minty Spire (QoL Compilation)","Permanent Neow","Quick Restart","StSLib","SuperFastMode","everything is the same but u backflip on backflip"],"gold_per_floor":[113,113,200,212,224,279,307,337,399,411,458,168,191,191,191,284,284,308,308,308,101,121,121,71,71,71,21,36,80,170,205,205,205,205],"floor_reached":33,"language":"KOR","playtime":1059,"items_purged":["Defend_P","Fasting2","Strike_P","Defend_P"],"score":576,"play_id":"58373694-bd50-4f3f-89f7-9d4f851b111b","local_time":"20210131221819","is_ascension_mode":true,"campfire_choices":[{"data":"Eruption","floor":10.0,"key":"SMITH"},{"floor":15.0,"key":"REST"},{"data":"MentalFortress","floor":23,"key":"SMITH"},{"data":"EmptyBody","floor":25,"key":"SMITH"},{"floor":32,"key":"REST"}],"circlet_count":0,"master_deck":["AscendersBane","Strike_P","Defend_P","Eruption+1","Vigilance+1","MentalFortress+1","EmptyBody+1","EmptyFist","Flash of Steel+1","InnerPeace+1","DeusExMachina","ConjureBlade","Evaluate"],"relics":["PureWater","NeowsBlessing","MawBank","Golden Idol","Boot","Smiling Mask","Molten Egg 2","TheAbacus","VioletLotus","Art of War","Akabeko","Matryoshka","StrikeDummy","Lantern"],"acts_visited":["Exordium","TheCity"],"potions_floor_usage":[28,29,31],"damage_taken":[{"damage":0.0,"enemies":"Small Slimes","floor":1.0,"turns":1.0},{"damage":0.0,"enemies":"Gremlin Nob","floor":6.0,"turns":1.0},{"damage":0.0,"enemies":"2 Louse","floor":7.0,"turns":1.0},{"damage":0.0,"enemies":"Cultist","floor":8.0,"turns":2.0},{"damage":4.0,"enemies":"Lagavulin","floor":11.0,"turns":6.0},{"damage":2.0,"enemies":"3 Louse","floor":13.0,"turns":2.0},{"damage":3.0,"enemies":"The Guardian","floor":16.0,"turns":12.0},{"damage":0.0,"enemies":"Spheric Guardian","floor":18.0,"turns":4.0},{"damage":2,"enemies":"Shell Parasite","floor":22,"turns":2},{"damage":12,"enemies":"Snake Plant","floor":28,"turns":3},{"damage":0,"enemies":"Book of Stabbing","floor":29,"turns":5},{"damage":21,"enemies":"Gremlin Leader","floor":31,"turns":6},{"damage":45,"enemies":"Collector","floor":33,"turns":7}],"seed_played":"-4390191103761588806","potions_obtained":[{"floor":1.0,"key":"DistilledChaos"},{"floor":8.0,"key":"Block Potion"},{"floor":11.0,"key":"DuplicationPotion"},{"floor":22,"key":"AttackPotion"},{"floor":28,"key":"ColorlessPotion"},{"floor":31,"key":"FearPotion"}],"is_trial":false,"path_per_floor":["M","?","?","?","?","E","M","M","T","R","E","$","M","?","R","B",null,"M","?","?","$","M","R","$","R","T","$","M","E","?","E","R","B"],"character_chosen":"WATCHER","items_purchased":["Flash of Steel+1","TheAbacus","Akabeko"],"campfire_rested":2,"item_purchase_floors":[12,12,21],"current_hp_per_floor":[61,54,43,26,26,26,26,26,26,26,22,22,20,6,26,23,57,57,57,57,57,55,55,55,55,55,55,43,43,31,10,30,0,0],"gold":205,"neow_bonus":"THREE_ENEMY_KILL","is_daily":false,"chose_seed":false,"campfire_upgraded":3,"win_rate":0.0,"timestamp":1612099099,"path_taken":["M","?","?","?","?","E","M","M","T","R","E","$","?","?","R","BOSS","M","?","?","$","M","R","$","R","T","?","M","E","?","E","R","BOSS"],"items_purchased_type":["Card","Relic","Relic"],"build_version":"2020-12-22","purchased_purges":4,"victory":false,"max_hp_per_floor":[68,68,68,68,68,68,68,68,68,68,68,68,68,68,68,68,68,68,68,68,68,68,68,68,68,68,68,68,68,68,68,68,68,68],"card_choices":[{"not_picked":["Sanctity","Halt"],"picked":"MentalFortress","floor":1.0},{"not_picked":["Protect","SashWhip"],"picked":"EmptyBody","floor":6.0},{"not_picked":["EmptyBody","CrushJoints","EmptyMind"],"picked":"SKIP","floor":7.0},{"not_picked":["Judgement","FlyingSleeves"],"picked":"EmptyFist","floor":8.0},{"not_picked":["PathToVictory","EmptyBody","ClearTheMind"],"picked":"SKIP","floor":11.0},{"not_picked":["Protect","Prostrate"],"picked":"InnerPeace","floor":13.0},{"not_picked":["SpiritShield","Establishment"],"picked":"DeusExMachina","floor":16.0},{"not_picked":["Prostrate","Halt","FlyingSleeves+1"],"picked":"SKIP","floor":18.0},{"not_picked":["Weave+1","ReachHeaven+1","Perseverance+1"],"picked":"SKIP","floor":22},{"not_picked":["Meditate","SandsOfTime+1","SashWhip+1"],"picked":"SKIP","floor":28},{"not_picked":["JustLucky+1","ReachHeaven+1"],"picked":"Evaluate","floor":29},{"not_picked":["Perseverance","Evaluate","EmptyFist+1"],"picked":"SKIP","floor":31}],"player_experience":190923,"relics_obtained":[{"floor":6.0,"key":"Boot"},{"floor":9.0,"key":"Smiling Mask"},{"floor":11.0,"key":"Molten Egg 2"},{"floor":26,"key":"Matryoshka"},{"floor":29,"key":"StrikeDummy"},{"floor":31,"key":"Lantern"}],"event_choices":[{"damage_healed":0.0,"max_hp_gain":0.0,"max_hp_loss":0.0,"gold_gain":0.0,"event_name":"Scrap Ooze","player_choice":"Success","floor":2.0,"gold_loss":0.0,"damage_taken":7.0,"relics_obtained":["MawBank"]},{"damage_healed":0.0,"max_hp_gain":0.0,"max_hp_loss":0.0,"gold_gain":75.0,"event_name":"World of Goop","player_choice":"Gather Gold","floor":3.0,"gold_loss":0.0,"damage_taken":11.0},{"damage_healed":0.0,"max_hp_gain":0.0,"max_hp_loss":0.0,"gold_gain":0.0,"event_name":"Golden Idol","player_choice":"Take Damage","floor":4.0,"gold_loss":0.0,"damage_taken":17.0,"relics_obtained":["Golden Idol"]},{"cards_removed":["Defend_P"],"damage_healed":0.0,"max_hp_gain":0.0,"max_hp_loss":0.0,"gold_gain":0.0,"event_name":"Bonfire Elementals","player_choice":"Offered Basic","floor":5.0,"gold_loss":0.0,"damage_taken":0.0},{"damage_healed":0.0,"max_hp_gain":0.0,"max_hp_loss":0.0,"gold_gain":0.0,"event_name":"Shining Light","player_choice":"Entered Light","floor":14.0,"gold_loss":0.0,"damage_taken":14.0,"cards_upgraded":["InnerPeace","Vigilance"]},{"damage_healed":0.0,"max_hp_gain":0.0,"max_hp_loss":0.0,"gold_gain":0.0,"cards_transformed":["Strike_P","Strike_P"],"event_name":"Drug Dealer","player_choice":"Became Test Subject","floor":19.0,"gold_loss":0.0,"damage_taken":0.0,"cards_obtained":["ConjureBlade","Fasting2"]},{"damage_healed":0.0,"max_hp_gain":0.0,"max_hp_loss":0.0,"gold_gain":0.0,"event_name":"The Mausoleum","player_choice":"Opened","floor":20.0,"gold_loss":0.0,"damage_taken":0.0,"relics_obtained":["Art of War"]},{"damage_healed":0,"gold_gain":90,"player_choice":"GOLD ","damage_taken":12,"max_hp_gain":0,"max_hp_loss":0,"event_name":"Knowing Skull","floor":30,"potions_obtained":[],"gold_loss":0,"cards_obtained":[]}],"is_beta":false,"boss_relics":[{"not_picked":["Calling Bell","Velvet Choker"],"picked":"VioletLotus"}],"items_purged_floors":[12,21,24,27],"is_endless":false,"potions_floor_spawned":[1,8,11,16,22,28,31],"killed_by":"Collector","ascension_level":14}}