{"host":"f0gpob8hq9vgebej","time":1612100561,"event":{"mods":["AchievementEnabler","BaseMod","Minty Spire (QoL Compilation)","Quick Restart","SuperFastMode"],"gold_per_floor":[109,184,184,184,16,16,43,19,19,44,61,87,102,113,113,215,215,215,215],"floor_reached":18,"language":"KOR","playtime":297,"items_purged":[],"score":334,"play_id":"9d9b08ac-8714-4358-8ab1-94c6f95ebb51","local_time":"20210131224241","is_ascension_mode":true,"campfire_choices":[{"floor":6,"key":"REST"},{"data":"Ball Lightning","floor":15,"key":"SMITH"}],"circlet_count":0,"master_deck":["AscendersBane","Strike_B","Strike_B","Strike_B","Defend_B","Defend_B","Defend_B","Zap","Dualcast","Compile Driver","Self Repair","Ball Lightning+1","Turbo","Conserve Battery","Ball Lightning","White Noise","Storm","Genetic Algorithm","Amplify"],"relics":["Cracked Core","NeowsBlessing","White Beast Statue","Membership Card","Bag of Preparation","Darkstone Periapt","Odd Mushroom","Pear","Empty Cage"],"acts_visited":["Exordium","TheCity"],"potions_floor_usage":[16,18],"damage_taken":[{"damage":0,"enemies":"Cultist","floor":1,"turns":1},{"damage":0,"enemies":"Gremlin Nob","floor":7,"turns":1},{"damage":0,"enemies":"The Mushroom Lair","floor":10,"turns":1},{"damage":0,"enemies":"2 Louse","floor":11,"turns":1},{"damage":20,"enemies":"3 Sentries","floor":12,"turns":5},{"damage":0,"enemies":"Small Slimes","floor":13,"turns":3},{"damage":12,"enemies":"2 Fungi Beasts","floor":14,"turns":3},{"damage":40,"enemies":"The Guardian","floor":16,"turns":12},{"damage":17,"enemies":"3 Byrds","floor":18,"turns":3}],"seed_played":"235670291881782643","potions_obtained":[{"floor":7,"key":"Swift Potion"},{"floor":10,"key":"FearPotion"},{"floor":14,"key":"LiquidMemories"},{"floor":16,"key":"Dexterity Potion"}],"is_trial":false,"path_per_floor":["M","?","?","?","$","R","E","$","T","?","M","E","M","M","R","B",null,"M"],"character_chosen":"DEFECT","items_purchased":["Membership Card","Self Repair","Turbo"],"campfire_rested":1,"item_purchase_floors":[5,5,8],"current_hp_per_floor":[68,57,62,20,20,44,44,44,44,44,51,48,48,43,43,10,70,53,53],"gold":215,"neow_bonus":"THREE_ENEMY_KILL","is_daily":false,"chose_seed":false,"campfire_upgraded":1,"win_rate":0.0,"timestamp":1612100561,"path_taken":["M","?","?","?","$","R","E","$","T","?","M","E","M","M","R","BOSS","M"],"items_purchased_type":["Relic","Card","Card"],"build_version":"2020-12-22","purchased_purges":0,"victory":false,"max_hp_per_floor":[75,75,80,80,80,80,80,80,80,80,80,90,90,90,90,90,90,90,90],"card_choices":[{"not_picked":["Gash","Steam"],"picked":"Compile Driver","floor":1},{"not_picked":["Cold Snap","Gash"],"picked":"Ball Lightning","floor":7},{"not_picked":["Loop","Auto Shields"],"picked":"Conserve Battery","floor":10},{"not_picked":["Meteor Strike","Compile Driver"],"picked":"Ball Lightning","floor":11},{"not_picked":["Rebound","Ball Lightning"],"picked":"White Noise","floor":12},{"not_picked":["Doom and Gloom","Conserve Battery"],"picked":"Storm","floor":13},{"not_picked":["Leap","Gash"],"picked":"Genetic Algorithm","floor":14},{"not_picked":["Fission","Thunder Strike"],"picked":"Amplify","floor":16}],"player_experience":325950,"relics_obtained":[{"floor":7,"key":"Bag of Preparation"},{"floor":9,"key":"Darkstone Periapt"},{"floor":10,"key":"Odd Mushroom"},{"floor":12,"key":"Pear"}],"event_choices":[{"damage_healed":0,"gold_gain":75,"player_choice":"Gather Gold","damage_taken":11,"max_hp_gain":0,"max_hp_loss":0,"event_name":"World of Goop","floor":2,"gold_loss":0},{"damage_healed":0,"gold_gain":0,"player_choice":"Donut","damage_taken":0,"max_hp_gain":5,"max_hp_loss":0,"event_name":"Big Fish","floor":3,"gold_loss":0},{"damage_healed":0,"gold_gain":0,"player_choice":"Success","damage_taken":42,"relics_obtained":["White Beast Statue"],"max_hp_gain":0,"max_hp_loss":0,"event_name":"Scrap Ooze","floor":4,"gold_loss":0},{"damage_healed":0,"gold_gain":0,"player_choice":"Fought Mushrooms","damage_taken":0,"max_hp_gain":0,"max_hp_loss":0,"event_name":"Mushrooms","floor":10,"gold_loss":0}],"is_beta":false,"boss_relics":[{"not_picked":["Runic Dome","Coffee Dripper"],"picked":"Empty Cage"}],"items_purged_floors":[],"is_endless":false,"potions_floor_spawned":[7,10,11,12,13,14,16],"killed_by":"3 Byrds","ascension_level":12}}