{"host":"2x189hkb4impm2gi","time":1612133493,"event":{"mods":["BaseMod","Colored Map","Colored Powertips","Minty Spire (QoL Compilation)"],"gold_per_floor":[111,130,140,140,151,182,200,227,254,254,266,281,299,299,299],"floor_reached":14,"language":"ENG","playtime":786,"items_purged":[],"score":104,"play_id":"bbac8715-3bba-4429-a5d2-29b328855d52","local_time":"20210131175133","is_ascension_mode":false,"campfire_choices":[{"data":"Infernal Blade","floor":10,"key":"SMITH"}],"circlet_count":0,"master_deck":["Strike_R","Strike_R","Strike_R","Strike_R","Strike_R","Defend_R","Defend_R+1","Defend_R","Defend_R","Bash","Shrug It Off","Flex","Cleave","Flame Barrier+1","Heavy Blade","Infernal Blade+1","True Grit","Uppercut","Corruption"],"relics":["SlaversCollar","SsserpentHead","War Paint","Strawberry","Juzu Bracelet"],"acts_visited":["Exordium"],"potions_floor_usage":[5,6,8,14],"damage_taken":[{"damage":0,"enemies":"2 Louse","floor":1,"turns":3},{"damage":0,"enemies":"Cultist","floor":2,"turns":4},{"damage":3,"enemies":"Jaw Worm","floor":3,"turns":5},{"damage":5,"enemies":"Exordium Wildlife","floor":5,"turns":2},{"damage":13,"enemies":"Lagavulin","floor":6,"turns":7},{"damage":5,"enemies":"Gremlin Gang","floor":7,"turns":3},{"damage":12,"enemies":"Gremlin Nob","floor":8,"turns":3},{"damage":12,"enemies":"Looter","floor":11,"turns":4},{"damage":14,"enemies":"3 Louse","floor":13,"turns":2},{"damage":4,"enemies":"3 Sentries","floor":14,"turns":2}],"seed_played":"302915097912022171","potions_obtained":[{"floor":2,"key":"AttackPotion"},{"floor":5,"key":"AttackPotion"},{"floor":7,"key":"PowerPotion"},{"floor":11,"key":"AttackPotion"}],"is_trial":false,"path_per_floor":["M","M","M","?","M","E","M","E","T","R","M","?","M","E"],"character_chosen":"IRONCLAD","items_purchased":[],"campfire_rested":0,"item_purchase_floors":[],"current_hp_per_floor":[80,80,77,77,72,59,54,49,49,49,37,58,44,40,40],"gold":299,"neow_bonus":"BOSS_RELIC","is_daily":false,"chose_seed":false,"campfire_upgraded":1,"win_rate":0.0,"timestamp":1612133493,"path_taken":["M","M","M","?","M","E","M","E","T","R","M","?","M","E"],"items_purchased_type":[],"build_version":"2020-12-22","purchased_purges":0,"victory":false,"max_hp_per_floor":[80,80,80,80,80,80,80,87,87,87,87,87,87,87,87],"card_choices":[{"not_picked":["Pommel Strike","Sever Soul"],"picked":"Shrug It Off","floor":1},{"not_picked":["Twin Strike","Infernal Blade"],"picked":"Flex","floor":2},{"not_picked":["Thunderclap","Combust"],"picked":"Cleave","floor":3},{"not_picked":["Sword Boomerang","Dark Embrace"],"picked":"Flame Barrier","floor":5},{"not_picked":["Twin Strike","Thunderclap"],"picked":"Heavy Blade","floor":6},{"not_picked":["Hemokinesis","Flame Barrier"],"picked":"Infernal Blade","floor":7},{"not_picked":["Uppercut","Blood for Blood"],"picked":"True Grit","floor":8},{"not_picked":["Dual Wield","Infernal Blade"],"picked":"Uppercut","floor":11},{"not_picked":["Flex","Headbutt"],"picked":"Corruption","floor":13}],"player_experience":19066,"relics_obtained":[{"floor":6,"key":"War Paint"},{"floor":8,"key":"Strawberry"},{"floor":9,"key":"Juzu Bracelet"}],"event_choices":[{"damage_healed":0,"gold_gain":0,"player_choice":"Trade","damage_taken":0,"relics_obtained":["SsserpentHead"],"max_hp_gain":0,"max_hp_loss":0,"event_name":"FaceTrader","floor":4,"gold_loss":0},{"damage_healed":21,"gold_gain":0,"player_choice":"Healed","damage_taken":0,"max_hp_gain":0,"max_hp_loss":0,"event_name":"The Cleric","floor":12,"gold_loss":35}],"is_beta":false,"boss_relics":[],"items_purged_floors":[],"is_endless":false,"potions_floor_spawned":[2,5,7,11],"killed_by":"3 Sentries","ascension_level":0}}