{"host":"l9d4bclu8pwa3q15","time":1612065385,"event":{"mods":["Act Like it!","BaseMod","Better Altar","Better Match","Better Note","Better Sensory Stone","Better Skull","BetterRewards","Colored Map","Colored Powertips","Downfall","Emptier Cage","Gensokyo","GifTheSpireLib","Keyboard Shortcuts","Koishi","KomeijiMod","Lobotomy","LobotomyExtend","Minty Spire (QoL Compilation)","Quick Restart","Rare Cards Sparkle","Relic Sorter","Remilia_Scarlet Moed（蕾米莉亚・斯卡雷特）3.3.5","Replay The Spire","Spicy Shops","StSLib","The Alterego","UnlockEverythingMod","Waifu the Spire","WarShipGirlsR/战舰少女R mod","Yakumo Yukari mod","Youmu（魂魄妖梦）","Yuyuko"],"gold_per_floor":[118,129,129,129,143,143,171,171,171,171,191,211,48,68,87,87,87,121,138,138,138,138,138],"floor_reached":11,"language":"ZHS","playtime":1676,"items_purged":["Regret"],"score":116,"play_id":"a2c55d2a-f6bc-4aeb-b9b8-6acd85a39620","local_time":"20210131115625","is_ascension_mode":false,"campfire_choices":[{"data":"Berserk","floor":6,"key":"SMITH"},{"floor":8,"key":"REST"},{"data":"Whirlwind","floor":6,"key":"SMITH"}],"circlet_count":0,"master_deck":["Strike_R","Strike_R","Strike_R","Strike_R","Strike_R","Defend_R","Defend_R","Defend_R","Defend_R","Bash","Anger+1","VoidDream","Berserk+1","Mercenary","Dazed","FieryBird","Fiend Fire+1","Murderer","GalaxyChild","Dual Wield","DespairKnight","Immolate+1","Whirlwind+1","DreamingCurrent","Blood for Blood","Scorched","Spot Weakness","MHz","Juggernaut+1","WhitesApple","Parasite"],"relics":["Burning Blood","RabbitCall","Replay:Accelerometer","CogitoBucket","Golden Egg","ReplayTheSpireMod:TigerMarble","Ancient Tea Set","MagicBullet_r","LetterFromLob","LuminousBracelet","ReplayTheSpireMod:CursedCoin","Boot","Strawberry"],"acts_visited":["Exordium"],"potions_floor_usage":[4,11,11],"damage_taken":[{"damage":1,"enemies":"Cultist","floor":1,"turns":3},{"damage":3,"enemies":"Small Slimes","floor":2,"turns":4},{"damage":17,"enemies":"Jaw Worm","floor":5,"turns":3},{"damage":26,"enemies":"Lagavulin","floor":7,"turns":9},{"damage":20,"enemies":"3 Louse","floor":11,"turns":4},{"damage":58,"enemies":"Cultist","floor":1,"turns":11},{"damage":0,"enemies":"2 Louse","floor":3,"turns":1},{"damage":4,"enemies":"Small Slimes","floor":4,"turns":3},{"damage":36,"enemies":"Gremlin Nob","floor":7,"turns":1},{"damage":4,"enemies":"3 Louse","floor":8,"turns":2},{"damage":130,"enemies":"2 Fungi Beasts","floor":11,"turns":3}],"seed_played":"7951287890158543844","potions_obtained":[{"floor":5,"key":"SmokeBomb"},{"floor":7,"key":"LifebloodPotion"},{"floor":1,"key":"FairyPotion"},{"floor":3,"key":"BloodPotion"},{"floor":5,"key":"Explosive Potion"},{"floor":8,"key":"AttackPotion"}],"is_trial":false,"path_per_floor":["M","M","?","?","M","R","E","R","T","?","M","E","M","$","M","M","?","R","E","M","T","?","M"],"character_chosen":"IRONCLAD","items_purchased":["ReplayTheSpireMod:CursedCoin","Boot","Immolate"],"campfire_rested":1,"item_purchase_floors":[2,2,2],"current_hp_per_floor":[80,80,80,80,69,69,49,73,73,73,59,43,43,49,89,89,89,65,79,86,86,0,0],"gold":138,"neow_bonus":"","is_daily":false,"chose_seed":false,"campfire_upgraded":2,"win_rate":0.0,"timestamp":1612065385,"path_taken":["M","?","?","?","M","R","E","R","T","?","M","E","M","?","M","M","?","R","E","M","T","?","M"],"items_purchased_type":["Relic","Relic","Card"],"build_version":"2020-12-22","purchased_purges":1,"victory":false,"max_hp_per_floor":[80,80,80,80,80,80,80,80,80,80,80,95,95,95,95,95,95,95,95,102,102,102,102],"card_choices":[{"not_picked":["Armaments","Iron Wave"],"picked":"Anger","floor":1},{"not_picked":["Funeral","Rudolta"],"picked":"VoidDream","floor":1},{"not_picked":["Shockwave","Fire Breathing"],"picked":"Berserk","floor":2},{"not_picked":["GalaxyChild","MeatLantern"],"picked":"Mercenary","floor":2},{"not_picked":["Twin Strike","Armaments"],"picked":"Evolve","floor":5},{"not_picked":["BigBadWolf","DespairKnight"],"picked":"FieryBird","floor":5},{"not_picked":["Entrench","Flex"],"picked":"Fiend Fire","floor":7},{"not_picked":["WallGazer","GalaxyChild"],"picked":"Murderer","floor":7},{"not_picked":["ShyLook","LaLuna"],"picked":"GalaxyChild","floor":11},{"not_picked":["Body Slam","Headbutt","Shrug It Off"],"picked":"SKIP","floor":11},{"not_picked":["Heavy Blade","Pummel"],"picked":"Dual Wield","floor":1},{"not_picked":["MeatLantern","UniverseFragment"],"picked":"DespairKnight","floor":1},{"not_picked":["Pommel Strike","Flex"],"picked":"Whirlwind","floor":3},{"not_picked":["HeroicMonk","Rudolta"],"picked":"DreamingCurrent","floor":3},{"not_picked":["Shrug It Off","Armaments"],"picked":"Blood for Blood","floor":4},{"not_picked":["BlackSwan","WallGazer"],"picked":"Scorched","floor":4},{"not_picked":["Twin Strike","Iron Wave"],"picked":"Spot Weakness","floor":7},{"not_picked":["OSAHOGD","Bloodbath"],"picked":"MHz","floor":7},{"not_picked":["Thunderclap","Warcry"],"picked":"Juggernaut","floor":8},{"not_picked":["FairyFestival","LittlePrince"],"picked":"WhitesApple","floor":8}],"player_experience":81536,"relics_obtained":[{"floor":1,"key":"LetterFromLob"},{"floor":7,"key":"ReplayTheSpireMod:TigerMarble"},{"floor":1,"key":"LetterFromLob"},{"floor":7,"key":"Replay:Accelerometer"},{"floor":9,"key":"Strawberry"}],"event_choices":[{"damage_healed":0,"gold_gain":0,"player_choice":"Box","damage_taken":0,"relics_obtained":["Golden Egg"],"max_hp_gain":0,"max_hp_loss":0,"event_name":"Big Fish","floor":3,"gold_loss":0,"cards_obtained":["Regret"]},{"damage_healed":0,"gold_gain":0,"player_choice":"Gave Potion","damage_taken":0,"relics_obtained":["Ancient Tea Set"],"max_hp_gain":0,"max_hp_loss":0,"event_name":"WeMeetAgain","floor":10,"gold_loss":0},{"damage_healed":0,"gold_gain":0,"player_choice":"Got Potions","damage_taken":0,"max_hp_gain":0,"max_hp_loss":0,"event_name":"Lab","floor":5,"gold_loss":0},{"cards_removed":["Exhaustion"],"damage_healed":0,"gold_gain":0,"player_choice":"Removed Curses","damage_taken":0,"max_hp_gain":0,"max_hp_loss":0,"event_name":"Fountain of Cleansing","floor":10,"gold_loss":0}],"is_beta":false,"boss_relics":[],"items_purged_floors":[2],"is_endless":false,"potions_floor_spawned":[5,7,1,3,8],"killed_by":"2 Fungi Beasts","ascension_level":0}}