{"host":"2e5gbsni44p3458r","time":1612067172,"event":{"mods":["BaseMod","Colored Map","Downfall","Hermit","Minty Spire (QoL Compilation)","Replay The Spire","StSLib","The Cursed"],"gold_per_floor":[349,369,389,404,417,417,417,7,17,17,44,44,54,54,71,169,169,69,87,107,107,107,140,214,314,326,342,367,277,77,77,90,190,190,190,200,200,200,213,243,268,268,195,195,173,199,199,225,245,245,245,272,21,21,21,21],"floor_reached":57,"language":"ENG","playtime":4214,"items_purged":["Guardian:PrismaticBeam","Guardian:Orbwalk+1"],"score":1504,"play_id":"8e0234c2-3547-42f0-82fb-55c549bcbf83","local_time":"20210131132612","is_ascension_mode":true,"campfire_choices":[{"floor":1,"key":"RECALL"},{"floor":12,"key":"REST"},{"data":"Guardian:FloatingOrbs","floor":18,"key":"SMITH"},{"data":"Guardian:BaubleBeam","floor":30,"key":"SMITH"},{"data":"Guardian:CompilePackage","floor":35,"key":"SMITH"},{"data":"Guardian:FloatingOrbs","floor":54,"key":"SMITH"}],"circlet_count":0,"master_deck":["Guardian:Defend_Guardian+1","Guardian:Defend_Guardian+1","Guardian:Defend_Guardian+1","Guardian:CurlUp+1","Guardian:TwinSlam+1","Guardian:FloatingOrbs+1","Guardian:TemporalStrike+1","Guardian:BaubleBeam+1","Guardian:SentryBeam+1","Guardian:HyperBeam_Guardian+1","ReplayTheSpireMod:Private Reserves+1","Guardian:StasisField+1","Guardian:ChargeUp+1","J.A.X.+1","Guardian:Incinerate+1","Guardian:GemFinder+1","Guardian:CompilePackage+1","Guardian:BodySlam+1","Guardian:BodySlam+1","Guardian:PiercingHide+1","Guardian:PolyBeam+1","Guardian:Clone","Guardian:FloatingOrbs+1","expansioncontent:DashGenerateEvil+1"],"relics":["Guardian:ModeShifter","Singing Bowl","Snack Pack","Guardian:StasisUpgradeRelic","Du-Vu Doll","Empty Cage","Replay:Wax Seal","Pantograph","Eternal Feather","MutagenicStrength","Shuriken","Coffee Dripper","Molten Egg 2","War Paint","Membership Card","Ornamental Fan","Anchor","ReplayTheSpireMod:Ring of Challenge","ReplayTheSpireMod:Ring of Addiction","SacredBark","Potion Belt","Juzu Bracelet","Gremlin Horn","Onion Ring"],"acts_visited":["Exordium","TheCity","TheBeyond","TheEnding"],"potions_floor_usage":[11,11,16,16,27,49,55,55,56,56,56],"damage_taken":[{"damage":2,"enemies":"Jaw Worm","floor":2,"turns":6},{"damage":2,"enemies":"2 Louse","floor":3,"turns":3},{"damage":1,"enemies":"Cultist","floor":4,"turns":4},{"damage":20,"enemies":"Large Slime","floor":5,"turns":6},{"damage":0,"enemies":"downfall:FleeingMerchant","floor":8,"turns":4},{"damage":9,"enemies":"Blue Slaver","floor":9,"turns":4},{"damage":20,"enemies":"3 Sentries","floor":11,"turns":10},{"damage":20,"enemies":"Exordium Wildlife","floor":13,"turns":6},{"damage":7,"enemies":"Large Slime","floor":15,"turns":5},{"damage":19,"enemies":"DF_ARCHETYPE_STREAMLINE","floor":16,"turns":12},{"damage":11,"enemies":"Spheric Guardian","floor":19,"turns":4},{"damage":2,"enemies":"3 Byrds","floor":20,"turns":4},{"damage":13,"enemies":"Replay:Snechameleon","floor":23,"turns":6},{"damage":22,"enemies":"downfall:Augmenter","floor":25,"turns":7},{"damage":0,"enemies":"Snecko","floor":26,"turns":4},{"damage":14,"enemies":"Centurion and Healer","floor":27,"turns":4},{"damage":37,"enemies":"Slavers","floor":28,"turns":7},{"damage":8,"enemies":"downfall:FleeingMerchant","floor":29,"turns":4},{"damage":15,"enemies":"Snake Plant","floor":32,"turns":5},{"damage":27,"enemies":"WA_ARCHETYPE_CALM","floor":33,"turns":8},{"damage":8,"enemies":"Orb Walker","floor":36,"turns":3},{"damage":4,"enemies":"3 Shapes","floor":39,"turns":1},{"damage":8,"enemies":"Giant Head","floor":40,"turns":5},{"damage":11,"enemies":"downfall:FleeingMerchant","floor":43,"turns":4},{"damage":25,"enemies":"downfall:FleeingMerchant","floor":45,"turns":4},{"damage":0,"enemies":"R_Hoarder","floor":46,"turns":7},{"damage":3,"enemies":"Sphere and 2 Shapes","floor":49,"turns":3},{"damage":3,"enemies":"SI_POISON_ARCHETYPE","floor":50,"turns":6},{"damage":16,"enemies":"downfall:CharBossMerchant","floor":52,"turns":6},{"damage":6,"enemies":"downfall:NeowBoss","floor":55,"turns":7},{"damage":25,"enemies":"downfall:NeowBossFinal","floor":56,"turns":7}],"seed_played":"2419659123530965552","potions_obtained":[{"floor":4,"key":"Energy Potion"},{"floor":9,"key":"AttackPotion"},{"floor":13,"key":"LiquidBronze"},{"floor":15,"key":"Toxic Potion"},{"floor":16,"key":"Elixir"},{"floor":26,"key":"Adrenaline Potion"},{"floor":31,"key":"CultistPotion"},{"floor":32,"key":"BlessingOfTheForge"},{"floor":40,"key":"Energy Potion"},{"floor":47,"key":"CultistPotion"},{"floor":47,"key":"AttackPotion"},{"floor":49,"key":"PowerPotion"}],"is_trial":false,"path_per_floor":["R","M","M","M","M","?","T","$","M","T","E","R","M","?","M","B",null,"R","M","M","?","?","E","T","?","M","M","E","$","R","?","M","B",null,"R","M","?","?","M","E","T","R","$","R","$","E","?","T","M","B",null,"E","$","R","B","B",null],"character_chosen":"GUARDIAN","items_purchased":["Snack Pack","Guardian:StasisUpgradeRelic","Guardian:BodySlam+1","Membership Card","Ornamental Fan","Guardian:PolyBeam+1","Guardian:FloatingOrbs","Onion Ring","expansioncontent:DashGenerateEvil"],"campfire_rested":1,"item_purchase_floors":[8,8,43,45,45,45,53,53,53],"current_hp_per_floor":[56,54,52,51,31,31,31,31,24,24,14,38,24,24,23,18,84,84,75,77,77,77,66,66,54,62,50,15,9,28,28,17,29,104,104,100,100,96,94,100,100,100,96,102,81,91,91,91,92,112,112,104,104,112,112,99],"gold":21,"neow_bonus":"TWO_FIFTY_GOLD","is_daily":false,"chose_seed":false,"campfire_upgraded":4,"win_rate":0.0,"timestamp":1612067172,"path_taken":["R","M","M","M","M","?","T","$","M","?","E","R","M","?","M","BOSS","R","M","?","?","?","E","T","?","M","M","E","$","R","?","M","BOSS","R","M","?","?","M","E","T","R","?","R","$","E","?","?","M","BOSS","E","$","R","BOSS","BOSS"],"items_purchased_type":["Relic","Relic","Card","Relic","Relic","Card","Card","Relic","Card"],"build_version":"2020-12-22","purchased_purges":2,"victory":true,"max_hp_per_floor":[80,80,80,80,80,80,80,80,80,80,82,82,84,84,84,84,84,84,84,86,86,86,86,86,88,90,92,92,92,102,102,102,104,104,104,106,106,96,98,100,100,100,102,102,104,108,108,108,112,112,112,114,112,112,112,112],"card_choices":[{"not_picked":["Guardian:TemporalShield","Guardian:Emergency"],"picked":"Guardian:FloatingOrbs","floor":2},{"not_picked":["Guardian:TemporalShield","Guardian:Recover","Guardian:VentSteam"],"picked":"SKIP","floor":3},{"not_picked":["Guardian:Reroute","Guardian:Emergency"],"picked":"Guardian:TemporalStrike","floor":4},{"not_picked":["Guardian:FastForward","Guardian:ChargeCore"],"picked":"Guardian:TimeCapacitor","floor":5},{"not_picked":["Guardian:TemporalStrike","Guardian:WalkerClaw"],"picked":"Guardian:BaubleBeam","floor":8},{"not_picked":["Guardian:MultiBeam","Guardian:Gem_Cyan"],"picked":"Guardian:SentryBeam","floor":9},{"not_picked":["Guardian:ChargeCore","Guardian:TemporalStrike","Guardian:Gem_Cyan"],"picked":"Singing Bowl","floor":11},{"not_picked":["Guardian:Clone","Guardian:ShieldCharger","Guardian:Gem_Purple"],"picked":"Singing Bowl","floor":13},{"not_picked":["Guardian:ShieldCharger","Guardian:Recover"],"picked":"Guardian:StasisField","floor":15},{"not_picked":["Guardian:ExploitGems","Guardian:RevengeProtocol"],"picked":"Guardian:Gem_Synthetic","floor":16},{"not_picked":["Guardian:Recover","Guardian:SpikerProtocol"],"picked":"Guardian:ChargeUp+1","floor":19},{"not_picked":["Guardian:RollAttack","Guardian:WalkerClaw","Guardian:PrimingBeam"],"picked":"Singing Bowl","floor":20},{"not_picked":["Guardian:TemporalStrike","Guardian:CrystalBeam+1"],"picked":"Guardian:Orbwalk","floor":23},{"not_picked":[],"picked":"J.A.X.","floor":25},{"not_picked":["Guardian:TemporalStrike","Guardian:VentSteam","Guardian:MultiBeam"],"picked":"Singing Bowl","floor":25},{"not_picked":["Guardian:Gem_Red","Guardian:Planning","Guardian:PiercingHide"],"picked":"Singing Bowl","floor":26},{"not_picked":["Guardian:Incinerate+1","Guardian:TimeCapacitor+1","Guardian:RefractedBeam"],"picked":"Singing Bowl","floor":27},{"not_picked":["Guardian:PrimingBeam","Guardian:Repulse"],"picked":"Guardian:Gem_Fragmented","floor":28},{"not_picked":["Guardian:Emergency","Guardian:TimeBomb+1"],"picked":"Guardian:GemFinder","floor":29},{"not_picked":["Guardian:Gem_Red","Guardian:Gem_Lightblue"],"picked":"Guardian:Gem_Cyan","floor":32},{"not_picked":["Guardian:VentSteam","Guardian:ArmoredProtocol"],"picked":"Guardian:Gem_Blue","floor":32},{"not_picked":["Guardian:Gem_Red","Guardian:Gem_Lightblue","Guardian:Gem_Cyan"],"picked":"Singing Bowl","floor":33},{"not_picked":["Guardian:StasisField","Guardian:GemFinder"],"picked":"Guardian:CompilePackage","floor":33},{"not_picked":["Guardian:Gem_Cyan","Guardian:Gem_Lightblue","Guardian:Gem_Green"],"picked":"Singing Bowl","floor":36},{"not_picked":["Guardian:Incinerate","Guardian:Suspension"],"picked":"Guardian:Gem_Crimson","floor":36},{"not_picked":["Guardian:PrimingBeam","Guardian:GemFire","Guardian:Incinerate"],"picked":"Singing Bowl","floor":39},{"not_picked":["Guardian:Gem_Lightblue","Guardian:Gem_Red","Guardian:Gem_Green"],"picked":"Singing Bowl","floor":40},{"not_picked":["Guardian:BodySlam+1","Guardian:Emergency+1"],"picked":"Guardian:Gem_Fragmented","floor":40},{"not_picked":["Guardian:Gem_Red","Guardian:Gem_Lightblue","Guardian:Gem_Green"],"picked":"Singing Bowl","floor":43},{"not_picked":["Guardian:PiercingHide","Guardian:Suspension+1"],"picked":"Guardian:Gem_Fragmented","floor":43},{"not_picked":["Guardian:Gem_Green","Guardian:Gem_Red","Guardian:Gem_Lightblue"],"picked":"Singing Bowl","floor":45},{"not_picked":["Guardian:ShieldSpikes","Guardian:WalkerClaw+1"],"picked":"Guardian:PiercingHide+1","floor":45},{"not_picked":["Guardian:Gem_Lightblue","Guardian:Gem_Green","Guardian:Gem_Cyan"],"picked":"Singing Bowl","floor":46},{"not_picked":["Guardian:Planning+1","Guardian:PrimingBeam+1","Guardian:TemporalStrike+1"],"picked":"Singing Bowl","floor":46},{"not_picked":["Guardian:Gem_Cyan","Guardian:Gem_Green","Guardian:Gem_Red"],"picked":"Singing Bowl","floor":49},{"not_picked":["Guardian:CrystalBeam+1","Guardian:Orbwalk","Guardian:Emergency"],"picked":"Singing Bowl","floor":49},{"not_picked":["Guardian:Gem_Cyan","Guardian:Gem_Lightblue","Guardian:Gem_Red"],"picked":"Singing Bowl","floor":52},{"not_picked":["Guardian:WalkerClaw+1","Guardian:PrimingBeam+1"],"picked":"Guardian:Clone","floor":52}],"player_experience":790945,"relics_obtained":[{"floor":7,"key":"Singing Bowl"},{"floor":11,"key":"Du-Vu Doll"},{"floor":23,"key":"Pantograph"},{"floor":24,"key":"Eternal Feather"},{"floor":25,"key":"MutagenicStrength"},{"floor":28,"key":"Shuriken"},{"floor":40,"key":"Molten Egg 2"},{"floor":41,"key":"War Paint"},{"floor":46,"key":"Anchor"},{"floor":47,"key":"ReplayTheSpireMod:Ring of Challenge"},{"floor":47,"key":"ReplayTheSpireMod:Ring of Addiction"},{"floor":47,"key":"SacredBark"},{"floor":47,"key":"Potion Belt"},{"floor":48,"key":"Juzu Bracelet"},{"floor":52,"key":"Gremlin Horn"}],"event_choices":[{"cards_removed":["Guardian:Strike_Guardian"],"damage_healed":0,"gold_gain":0,"player_choice":"Forget","damage_taken":0,"max_hp_gain":0,"max_hp_loss":0,"event_name":"Living Wall","floor":6,"gold_loss":0},{"damage_healed":0,"gold_gain":0,"player_choice":"Ignored","damage_taken":0,"max_hp_gain":0,"max_hp_loss":0,"event_name":"Vampires","floor":22,"gold_loss":0},{"cards_removed":["Guardian:Defend_Guardian"],"damage_healed":0,"gold_gain":0,"player_choice":"Removed Skill","damage_taken":0,"max_hp_gain":0,"max_hp_loss":0,"event_name":"Falling","floor":37,"gold_loss":0}],"is_beta":false,"boss_relics":[{"not_picked":["bronze:MakeshiftBattery","Abe\u0027s Treasure"],"picked":"Empty Cage"},{"not_picked":["Pandora\u0027s Box","Guardian:ModeShifterPlus"],"picked":"Coffee Dripper"}],"items_purged_floors":[29,45],"is_endless":false,"potions_floor_spawned":[4,9,13,15,16,26,32,33,40,46,49],"ascension_level":3}}