{"host":"at5b10nm0iti0w4x","time":1612114057,"event":{"mods":["AchievementEnabler","BaseMod","Bestiary","Block Reminder","Colored Map","Colored Powertips","Highlight Path","Keyboard Shortcuts","Minty Spire (QoL Compilation)","Relic Stats","StSLib","SuperFastMode"],"gold_per_floor":[119,133,133,148,163,191,191,191,191,209,209,541,556,37,37,139,139,149,49,42,141,141,141,141],"floor_reached":23,"language":"ENG","playtime":1184,"items_purged":["Decay","Strike_R"],"score":201,"play_id":"d55d4831-4778-4693-8939-ef74a8dc61dd","local_time":"20210131122737","is_ascension_mode":false,"campfire_choices":[{"data":"Bash","floor":7,"key":"SMITH"},{"data":"Infernal Blade","floor":11,"key":"SMITH"},{"floor":15,"key":"REST"}],"circlet_count":0,"master_deck":["Strike_R","Strike_R","Strike_R","Strike_R","Defend_R","Defend_R","Defend_R","Defend_R","Bash+1","Combust","Armaments+1","Clothesline","Shrug It Off","Juggernaut+1","Infernal Blade+1","Cleave","Flame Barrier","Apotheosis","Metallicize+1","Barricade+1","Entrench","Metallicize+1","J.A.X."],"relics":["Burning Blood","Frozen Egg 2","Bottled Lightning","Old Coin","Regal Pillow","Velvet Choker"],"acts_visited":["Exordium","TheCity"],"potions_floor_usage":[13,16,16,23],"damage_taken":[{"damage":7,"enemies":"Small Slimes","floor":1,"turns":4},{"damage":9,"enemies":"Jaw Worm","floor":2,"turns":4},{"damage":8,"enemies":"Cultist","floor":4,"turns":3},{"damage":10,"enemies":"2 Fungi Beasts","floor":5,"turns":4},{"damage":17,"enemies":"3 Sentries","floor":6,"turns":7},{"damage":22,"enemies":"Blue Slaver","floor":10,"turns":4},{"damage":33,"enemies":"Gremlin Nob","floor":12,"turns":5},{"damage":0,"enemies":"Exordium Wildlife","floor":13,"turns":5},{"damage":24,"enemies":"The Guardian","floor":16,"turns":11},{"damage":19,"enemies":"3 Byrds","floor":18,"turns":5},{"damage":16,"enemies":"2 Thieves","floor":20,"turns":4},{"damage":71,"enemies":"Slavers","floor":23,"turns":4}],"seed_played":"2698957645226633340","potions_obtained":[{"floor":1,"key":"SteroidPotion"},{"floor":6,"key":"SteroidPotion"},{"floor":10,"key":"CultistPotion"},{"floor":18,"key":"Regen Potion"}],"is_trial":false,"path_per_floor":["M","M","?","M","M","E","R","?","T","M","R","E","M","$","R","B",null,"M","$","M","?","?","E"],"character_chosen":"IRONCLAD","items_purchased":["Apotheosis","Metallicize+1","Strength Potion","Regal Pillow"],"campfire_rested":1,"item_purchase_floors":[14,14,14,14],"current_hp_per_floor":[79,76,76,74,70,59,59,59,59,43,43,16,22,22,61,43,80,67,67,57,57,57,0,0],"gold":141,"neow_bonus":"","is_daily":false,"chose_seed":false,"campfire_upgraded":2,"win_rate":0.0,"timestamp":1612114057,"path_taken":["M","M","?","M","M","E","R","?","T","M","R","E","M","$","R","BOSS","M","?","M","?","?","E"],"items_purchased_type":["Card","Card","Potion","Relic"],"build_version":"2020-12-22","purchased_purges":2,"victory":false,"max_hp_per_floor":[80,80,80,80,80,80,80,80,80,80,80,80,80,80,80,80,80,80,80,80,80,80,80,80],"relic_stats":{"Regal Pillow":15,"counters":[12,60],"obtain_stats":[{"Regal Pillow":14,"Velvet Choker":17,"Bottled Lightning":9,"Frozen Egg 2":6,"Burning Blood":0,"Old Coin":12},{"Regal Pillow":8,"Velvet Choker":9,"Bottled Lightning":5,"Frozen Egg 2":5,"Burning Blood":0,"Old Coin":7},{"Regal Pillow":36,"Velvet Choker":47,"Bottled Lightning":22,"Frozen Egg 2":22,"Burning Blood":0,"Old Coin":31}],"Burning Blood":66},"card_choices":[{"not_picked":["Whirlwind","Armaments"],"picked":"Combust","floor":1},{"not_picked":["Entrench","Warcry"],"picked":"Armaments","floor":2},{"not_picked":["Flex","Sever Soul"],"picked":"Clothesline","floor":4},{"not_picked":["Second Wind","Sword Boomerang"],"picked":"Shrug It Off","floor":5},{"not_picked":["Warcry","Clothesline"],"picked":"Juggernaut+1","floor":6},{"not_picked":["Clothesline","Pommel Strike"],"picked":"Infernal Blade","floor":10},{"not_picked":["Sword Boomerang","Pummel"],"picked":"Cleave","floor":12},{"not_picked":["Clash","Dark Embrace+1"],"picked":"Flame Barrier","floor":13},{"not_picked":["Juggernaut+1","Double Tap"],"picked":"Barricade+1","floor":16},{"not_picked":["Body Slam","Fire Breathing+1"],"picked":"Entrench","floor":18},{"not_picked":["Clash+1","Dual Wield"],"picked":"Metallicize+1","floor":20}],"player_experience":0,"relics_obtained":[{"floor":6,"key":"Frozen Egg 2"},{"floor":9,"key":"Bottled Lightning"},{"floor":12,"key":"Old Coin"}],"event_choices":[{"damage_healed":0,"gold_gain":0,"player_choice":"Grow","damage_taken":0,"max_hp_gain":0,"max_hp_loss":0,"event_name":"Living Wall","floor":3,"gold_loss":0,"cards_upgraded":["Armaments"]},{"damage_healed":0,"gold_gain":0,"player_choice":"Cursed","damage_taken":0,"max_hp_gain":0,"max_hp_loss":0,"event_name":"Wheel of Change","floor":8,"gold_loss":0,"cards_obtained":["Decay"]},{"damage_healed":0,"gold_gain":99,"player_choice":"Stole From Cult","damage_taken":0,"max_hp_gain":0,"max_hp_loss":0,"event_name":"Nest","floor":21,"gold_loss":0},{"damage_healed":0,"gold_gain":0,"player_choice":"Obtain J.A.X.","damage_taken":0,"max_hp_gain":0,"max_hp_loss":0,"event_name":"Drug Dealer","floor":22,"gold_loss":0,"cards_obtained":["J.A.X."]}],"is_beta":false,"boss_relics":[{"not_picked":["Mark of Pain","Astrolabe"],"picked":"Velvet Choker"}],"items_purged_floors":[14,19],"is_endless":false,"potions_floor_spawned":[1,6,10,12,18],"killed_by":"Slavers","ascension_level":0}}