{"host":"l3qq6dhgi17n1wbp","time":1612114423,"event":{"mods":["BaseMod","Colored Map","Minty Spire (QoL Compilation)","SuperFastMode"],"gold_per_floor":[113,125,125,125,24,63,63,97,97,97,111,150,174,218,218,342,342,362,277,202,202,202,202,236,253,253,253,265,265,284,302,302,402,402,421,421,441,441,441],"floor_reached":38,"language":"KOR","playtime":994,"items_purged":[],"score":590,"play_id":"99d339f9-b68b-49de-92a0-816b925278f1","local_time":"20210201023343","is_ascension_mode":true,"campfire_choices":[{"data":"Bouncing Flask","floor":7,"key":"SMITH"},{"data":"Survivor","floor":10,"key":"SMITH"},{"floor":15,"key":"REST"},{"floor":23,"key":"REST"},{"floor":27,"key":"REST"},{"floor":29,"key":"REST"},{"floor":32,"key":"REST"}],"circlet_count":0,"master_deck":["Strike_G","Strike_G","Strike_G","Strike_G","Defend_G","Defend_G","Defend_G","Defend_G","Defend_G","Survivor+1","Neutralize","Bouncing Flask+1","Backstab+1","Blade Dance","Blade Dance","Distraction","Adrenaline","Envenom","Backflip","Cloak And Dagger+1","Bane+1","Dagger Throw+1"],"relics":["Ring of the Snake","NeowsBlessing","Bloody Idol","Mango","Molten Egg 2","Art of War","Tingsha","Tiny Chest","Blood Vial","Fusion Hammer","Darkstone Periapt","Sundial","Happy Flower","Nunchaku","Black Star"],"acts_visited":["Exordium","TheCity","TheBeyond"],"potions_floor_usage":[8,8,14,16,24,30,38,38],"damage_taken":[{"damage":0,"enemies":"Small Slimes","floor":1,"turns":1},{"damage":0,"enemies":"Jaw Worm","floor":2,"turns":1},{"damage":0,"enemies":"Lagavulin","floor":6,"turns":1},{"damage":18,"enemies":"3 Sentries","floor":8,"turns":8},{"damage":0,"enemies":"Cultist","floor":11,"turns":2},{"damage":24,"enemies":"Lagavulin","floor":12,"turns":5},{"damage":0,"enemies":"Looter","floor":13,"turns":2},{"damage":15,"enemies":"Gremlin Nob","floor":14,"turns":3},{"damage":29,"enemies":"Hexaghost","floor":16,"turns":9},{"damage":26,"enemies":"2 Thieves","floor":18,"turns":4},{"damage":61,"enemies":"Gremlin Leader","floor":24,"turns":8},{"damage":6,"enemies":"3 Byrds","floor":25,"turns":3},{"damage":15,"enemies":"Centurion and Healer","floor":28,"turns":5},{"damage":22,"enemies":"Shelled Parasite and Fungi","floor":30,"turns":5},{"damage":31,"enemies":"Sentry and Sphere","floor":31,"turns":6},{"damage":80,"enemies":"Automaton","floor":33,"turns":8},{"damage":19,"enemies":"Orb Walker","floor":35,"turns":3},{"damage":17,"enemies":"3 Shapes","floor":37,"turns":4},{"damage":52,"enemies":"2 Orb Walkers","floor":38,"turns":6}],"seed_played":"-7088477606014676234","potions_obtained":[{"floor":1,"key":"FairyPotion"},{"floor":6,"key":"SkillPotion"},{"floor":8,"key":"Weak Potion"},{"floor":14,"key":"BlessingOfTheForge"},{"floor":18,"key":"Block Potion"},{"floor":24,"key":"Block Potion"},{"floor":31,"key":"Block Potion"},{"floor":35,"key":"Strength Potion"},{"floor":37,"key":"Block Potion"}],"is_trial":false,"path_per_floor":["M","M","?","?","$","E","R","E","T","R","M","E","M","E","R","B",null,"M","?","?","?","T","R","E","M","T","R","M","R","M","M","R","B",null,"M","?","M","?"],"character_chosen":"THE_SILENT","items_purchased":["Explosive Potion","PowerPotion"],"campfire_rested":5,"item_purchase_floors":[5,5],"current_hp_per_floor":[70,70,53,67,67,67,67,49,49,49,49,25,25,10,35,8,65,41,41,41,41,41,66,12,13,13,38,30,55,40,16,41,22,69,57,57,47,0,0],"gold":441,"neow_bonus":"THREE_ENEMY_KILL","is_daily":false,"chose_seed":false,"campfire_upgraded":2,"win_rate":0.0,"timestamp":1612114423,"path_taken":["M","M","?","?","$","E","R","E","T","R","?","E","M","E","R","BOSS","M","?","?","?","?","R","E","M","T","R","M","R","M","M","R","BOSS","M","?","M","?"],"items_purchased_type":["Potion","Potion"],"build_version":"2020-12-22","purchased_purges":0,"victory":false,"max_hp_per_floor":[70,70,70,84,84,84,84,84,84,84,84,84,84,84,84,84,84,84,84,84,84,84,84,84,84,84,84,84,84,84,84,84,84,84,84,84,84,84,84],"card_choices":[{"not_picked":["Escape Plan","Outmaneuver"],"picked":"Bouncing Flask","floor":1},{"not_picked":["Caltrops","Finisher"],"picked":"Footwork","floor":2},{"not_picked":["Tactician","Endless Agony+1"],"picked":"Backstab+1","floor":6},{"not_picked":["Accuracy","Acrobatics"],"picked":"Blade Dance","floor":8},{"not_picked":["Acrobatics","Well Laid Plans","Outmaneuver"],"picked":"SKIP","floor":11},{"not_picked":["Deflect","Quick Slash+1"],"picked":"Blade Dance","floor":12},{"not_picked":["All Out Attack+1","Underhanded Strike+1"],"picked":"Distraction","floor":13},{"not_picked":["PiercingWail","Underhanded Strike+1"],"picked":"Adrenaline","floor":14},{"not_picked":["Venomology","Corpse Explosion"],"picked":"Envenom","floor":16},{"not_picked":["Sucker Punch+1","Flechettes+1"],"picked":"Backflip","floor":18},{"not_picked":["Footwork+1","Deflect+1"],"picked":"Cloak And Dagger+1","floor":24},{"not_picked":["Footwork","Dagger Spray+1"],"picked":"Noxious Fumes","floor":25},{"not_picked":["Dagger Spray+1","Masterful Stab+1"],"picked":"Bane+1","floor":28},{"not_picked":["Flechettes+1","Dagger Throw+1","Choke+1"],"picked":"SKIP","floor":30},{"not_picked":["Dagger Throw+1","Distraction","Slice+1"],"picked":"SKIP","floor":31},{"not_picked":["All Out Attack+1","Acrobatics+1"],"picked":"Dagger Throw+1","floor":35},{"not_picked":["Predator+1","Deflect","Eviscerate+1"],"picked":"SKIP","floor":37}],"player_experience":228445,"relics_obtained":[{"floor":6,"key":"Molten Egg 2"},{"floor":8,"key":"Art of War"},{"floor":9,"key":"Tingsha"},{"floor":12,"key":"Tiny Chest"},{"floor":14,"key":"Blood Vial"},{"floor":22,"key":"Sundial"},{"floor":24,"key":"Happy Flower"},{"floor":26,"key":"Nunchaku"}],"event_choices":[{"damage_healed":0,"gold_gain":0,"player_choice":"Take Damage","damage_taken":17,"relics_obtained":["Golden Idol"],"max_hp_gain":0,"max_hp_loss":0,"event_name":"Golden Idol","floor":3,"gold_loss":0},{"cards_removed":["Footwork"],"damage_healed":0,"gold_gain":0,"player_choice":"Gave Card","damage_taken":0,"relics_obtained":["Mango"],"max_hp_gain":0,"max_hp_loss":0,"event_name":"WeMeetAgain","floor":4,"gold_loss":0},{"damage_healed":0,"gold_gain":0,"player_choice":"Obtained Relic","damage_taken":0,"relics_obtained":["Darkstone Periapt"],"max_hp_gain":0,"max_hp_loss":0,"event_name":"Addict","floor":19,"gold_loss":85},{"cards_removed":["Strike_G"],"damage_healed":0,"gold_gain":0,"player_choice":"Gave Gold","damage_taken":0,"max_hp_gain":0,"max_hp_loss":0,"event_name":"Beggar","floor":20,"gold_loss":75},{"damage_healed":0,"gold_gain":0,"player_choice":"Gave Idol","damage_taken":0,"relics_obtained":["Bloody Idol"],"max_hp_gain":0,"max_hp_loss":0,"event_name":"Forgotten Altar","floor":21,"relics_lost":["Golden Idol"],"gold_loss":0},{"cards_removed":["Noxious Fumes"],"damage_healed":0,"gold_gain":0,"player_choice":"Removed Power","damage_taken":0,"max_hp_gain":0,"max_hp_loss":0,"event_name":"Falling","floor":36,"gold_loss":0},{"damage_healed":0,"gold_gain":0,"player_choice":"Fight","damage_taken":0,"max_hp_gain":0,"max_hp_loss":0,"event_name":"Mysterious Sphere","floor":38,"gold_loss":0}],"is_beta":false,"boss_relics":[{"not_picked":["Velvet Choker","SlaversCollar"],"picked":"Fusion Hammer"},{"not_picked":["Sozu","Philosopher\u0027s Stone"],"picked":"Black Star"}],"items_purged_floors":[],"is_endless":false,"potions_floor_spawned":[1,6,8,14,18,24,31,35,37],"killed_by":"2 Orb Walkers","ascension_level":5}}