{"host":"04hh9gplt9wkfmr1","time":1612075145,"event":{"mods":["AchievementEnabler","BaseMod","Colored Map","KOR Keyword Fix","Minty Spire (QoL Compilation)","Rare Cards Sparkle","SuperFastMode"],"gold_per_floor":[111,121,134,154,164,164,190,190,190,222,233,249,349,18,18,89,89,108,0,360,360,360],"floor_reached":21,"language":"KOR","playtime":533,"items_purged":[],"score":315,"play_id":"81b18b27-3926-4087-90b8-9db1d113849c","local_time":"20210131153905","is_ascension_mode":true,"campfire_choices":[{"data":"Bouncing Flask","floor":6.0,"key":"SMITH"},{"floor":8.0,"key":"REST"},{"floor":15.0,"key":"REST"}],"circlet_count":0,"master_deck":["AscendersBane","Strike_G","Strike_G","Strike_G","Strike_G","Strike_G","Defend_G","Defend_G","Defend_G","Defend_G","Defend_G","Survivor","Neutralize","Backstab","Crippling Poison","Bouncing Flask+1","Poisoned Stab","PiercingWail","Noxious Fumes","Backflip","Well Laid Plans","Noxious Fumes","Bullet Time","Deadly Poison"],"relics":["Ring of the Snake","Mercury Hourglass","Ornamental Fan","The Courier","Membership Card","Meat on the Bone","Regal Pillow","Black Star"],"acts_visited":["Exordium","TheCity"],"potions_floor_usage":[21],"damage_taken":[{"damage":10.0,"enemies":"Cultist","floor":1.0,"turns":5.0},{"damage":0.0,"enemies":"2 Louse","floor":2.0,"turns":2.0},{"damage":0.0,"enemies":"Jaw Worm","floor":3.0,"turns":5.0},{"damage":20.0,"enemies":"Gremlin Gang","floor":4.0,"turns":4.0},{"damage":12.0,"enemies":"Large Slime","floor":5.0,"turns":9.0},{"damage":22.0,"enemies":"Lagavulin","floor":7.0,"turns":6.0},{"damage":2.0,"enemies":"Gremlin Nob","floor":10.0,"turns":3.0},{"damage":6.0,"enemies":"3 Louse","floor":11.0,"turns":2.0},{"damage":0.0,"enemies":"Blue Slaver","floor":12.0,"turns":3.0},{"damage":10.0,"enemies":"The Guardian","floor":16.0,"turns":6.0},{"damage":16.0,"enemies":"2 Thieves","floor":18.0,"turns":4.0},{"damage":18,"enemies":"3 Byrds","floor":21,"turns":2}],"seed_played":"-6805720187508724525","potions_obtained":[{"floor":2.0,"key":"SpeedPotion"},{"floor":7.0,"key":"BlessingOfTheForge"},{"floor":10.0,"key":"DuplicationPotion"},{"floor":12.0,"key":"DuplicationPotion"},{"floor":16.0,"key":"EssenceOfSteel"}],"is_trial":false,"path_per_floor":["M","M","M","M","M","R","E","R","T","E","M","M","?","$","R","B",null,"M","?","?","M"],"character_chosen":"THE_SILENT","items_purchased":["Membership Card","Meat on the Bone","Well Laid Plans","Noxious Fumes","Regal Pillow"],"campfire_rested":2,"item_purchase_floors":[14,14,14,14,14],"current_hp_per_floor":[60,60,60,40,28,28,6,29,29,27,21,21,21,21,59,49,70,54,54,18,0,0],"gold":360,"neow_bonus":"TEN_PERCENT_HP_BONUS","is_daily":false,"chose_seed":false,"campfire_upgraded":1,"win_rate":0.0,"timestamp":1612075145,"path_taken":["M","M","M","M","M","R","E","R","T","E","M","?","?","$","R","BOSS","M","?","?","?"],"items_purchased_type":["Relic","Relic","Card","Card","Relic"],"build_version":"2020-12-22","purchased_purges":0,"victory":false,"max_hp_per_floor":[77,77,77,77,77,77,77,77,77,77,77,77,77,77,77,77,77,77,77,77,77,77],"card_choices":[{"not_picked":["Blade Dance","Predator"],"picked":"Backstab","floor":1.0},{"not_picked":["Flying Knee","Dagger Throw"],"picked":"Crippling Poison","floor":2.0},{"not_picked":["Deflect","Slice"],"picked":"Bouncing Flask","floor":3.0},{"not_picked":["Caltrops","Eviscerate"],"picked":"Poisoned Stab","floor":4.0},{"not_picked":["Sucker Punch","Leg Sweep","Deflect"],"picked":"SKIP","floor":5.0},{"not_picked":["Terror","Phantasmal Killer"],"picked":"PiercingWail","floor":7.0},{"not_picked":["A Thousand Cuts","Bouncing Flask"],"picked":"Noxious Fumes","floor":10.0},{"not_picked":["Deflect","Dagger Throw","Acrobatics"],"picked":"SKIP","floor":11.0},{"not_picked":["Finisher","All Out Attack"],"picked":"Backflip","floor":12.0},{"not_picked":["Phantasmal Killer","Tools of the Trade"],"picked":"Bullet Time","floor":16.0},{"not_picked":["Slice","Underhanded Strike"],"picked":"Deadly Poison","floor":18.0}],"player_experience":111144,"relics_obtained":[{"floor":7.0,"key":"Mercury Hourglass"},{"floor":9.0,"key":"Ornamental Fan"},{"floor":10.0,"key":"The Courier"}],"event_choices":[{"damage_healed":0.0,"max_hp_gain":0.0,"max_hp_loss":0.0,"gold_gain":100.0,"event_name":"Wheel of Change","player_choice":"Gold","floor":13.0,"gold_loss":0.0,"damage_taken":0.0},{"damage_healed":0,"gold_gain":0,"player_choice":"Paid Fearfully","damage_taken":0,"max_hp_gain":0,"max_hp_loss":0,"event_name":"Masked Bandits","floor":19,"gold_loss":108},{"damage_healed":0,"gold_gain":360,"player_choice":"GOLD GOLD GOLD GOLD ","damage_taken":36,"max_hp_gain":0,"max_hp_loss":0,"event_name":"Knowing Skull","floor":20,"potions_obtained":[],"gold_loss":0,"cards_obtained":[]}],"is_beta":false,"boss_relics":[{"not_picked":["WristBlade","Empty Cage"],"picked":"Black Star"}],"items_purged_floors":[],"is_endless":false,"potions_floor_spawned":[2,7,10,12,16],"killed_by":"3 Byrds","ascension_level":13}}