{"host":"ecaj4hn004xnnrw9","time":1612029968,"event":{"mods":["AchievementEnabler","BaseMod","Better Third Choice","Hermit","Hubris","Infinite Spire","Jorbs\u0027s Wanderer Trilogy","Minty Spire (QoL Compilation)","Quick Restart","Relic Stats","Replay The Spire","Shop Mod","StSLib","The Construct","The Jungle","The Runesmith"],"gold_per_floor":[112,112,112,132,150,184,202,202,202,233,270,282,308,339,351,492,504,529,541,553,565,591,603,615,642,730,742,742],"floor_reached":27,"language":"ENG","playtime":1616,"items_purged":["Strike_P"],"score":388,"play_id":"7092cc11-25e5-4af6-8b19-376d4b9817f2","local_time":"20210130180608","is_ascension_mode":true,"campfire_choices":[{"floor":8,"key":"REST"},{"floor":12,"key":"REST"},{"floor":15,"key":"REST"},{"data":"Blasphemy","floor":23,"key":"SMITH"}],"circlet_count":0,"master_deck":["AscendersBane","Strike_P","Strike_P","Strike_P","Defend_P","Defend_P+1","Defend_P","Defend_P","Eruption+1","Vigilance","FlyingSleeves","Replay:Vibes","Meditate+1","FlurryOfBlows+1","Vengeance","Blasphemy+1","SashWhip","BowlingBash","Omniscience","Looming Evil","stsjorbsmod:CoupDeGrace","LessonLearned","Good Instincts+1","infinitespire:SevenWalls","infinitespire:Collect","Tantrum+1","MentalFortress"],"relics":["PureWater","NeowsBlessing","Golden Idol","infinitespire:Beetle Shell","ReplayTheSpireMod:TigerMarble","MawBank","ReplayTheSpireMod:SealedPack","hubris:BottledHeart","hubris:CrackedHourglass","Yang","infinitespire:EmpoweringShard"],"acts_visited":["Exordium","TheCity"],"potions_floor_usage":[6,7,11,16],"damage_taken":[{"damage":0,"enemies":"Cultist","floor":1,"turns":1},{"damage":0,"enemies":"Jaw Worm","floor":4,"turns":1},{"damage":0,"enemies":"Small Slimes","floor":5,"turns":1},{"damage":12,"enemies":"Gremlin Nob","floor":6,"turns":2},{"damage":8,"enemies":"3 Louse","floor":7,"turns":2},{"damage":40,"enemies":"3 Sentries","floor":10,"turns":5},{"damage":2,"enemies":"Exordium Thugs","floor":11,"turns":3},{"damage":1,"enemies":"2 Fungi Beasts","floor":13,"turns":4},{"damage":7,"enemies":"Gremlin Gang","floor":14,"turns":3},{"damage":55,"enemies":"The Guardian","floor":16,"turns":12},{"damage":45,"enemies":"3 Byrds","floor":18,"turns":12},{"damage":0,"enemies":"Spheric Guardian","floor":22,"turns":3},{"damage":0,"enemies":"Cultist and Chosen","floor":25,"turns":4},{"damage":99995,"enemies":"Nightmare","floor":27,"turns":4}],"seed_played":"3321150271522421359","potions_obtained":[{"floor":1,"key":"Death Potion"},{"floor":4,"key":"SpeedPotion"},{"floor":6,"key":"Explosive Potion"},{"floor":11,"key":"FairyPotion"},{"floor":14,"key":"Explosive Potion"},{"floor":25,"key":"LiquidBronze"}],"is_trial":false,"path_per_floor":["M","?","?","M","M","E","M","R","T","E","M","R","M","M","R","B",null,"M","?","AVR","?","M","R","?","M","T","NM"],"character_chosen":"WATCHER","items_purchased":[],"campfire_rested":3,"item_purchase_floors":[],"current_hp_per_floor":[65,65,47,47,47,35,27,48,48,8,6,27,26,19,40,12,57,12,1,1,1,1,1,1,1,1,0,0],"gold":742,"neow_bonus":"THREE_ENEMY_KILL","is_daily":false,"chose_seed":false,"campfire_upgraded":1,"win_rate":0.0,"timestamp":1612029968,"path_taken":["M","?","?","M","M","E","M","R","T","E","M","R","M","M","R","BOSS","M","?","AVR","?","M","R","?","M","T","NM"],"items_purchased_type":[],"build_version":"2020-12-22","purchased_purges":1,"victory":false,"max_hp_per_floor":[72,72,72,72,72,72,72,72,72,72,72,72,72,72,72,72,72,72,1,1,1,1,1,1,1,1,1,1],"relic_stats":{"counters":[14,56],"Golden Idol":72,"Yang":[22],"MawBank":204,"obtain_stats":[{"NeowsBlessing":0,"Golden Idol":3,"hubris:BottledHeart":19,"Yang":20,"infinitespire:Beetle Shell":6,"ReplayTheSpireMod:SealedPack":17,"ReplayTheSpireMod:TigerMarble":9,"infinitespire:EmpoweringShard":26,"PureWater":0,"hubris:CrackedHourglass":20,"MawBank":10},{"NeowsBlessing":0,"Golden Idol":1,"hubris:BottledHeart":11,"Yang":11,"infinitespire:Beetle Shell":4,"ReplayTheSpireMod:SealedPack":10,"ReplayTheSpireMod:TigerMarble":5,"infinitespire:EmpoweringShard":13,"PureWater":0,"hubris:CrackedHourglass":11,"MawBank":6},{"NeowsBlessing":0,"Golden Idol":1,"hubris:BottledHeart":46,"Yang":46,"infinitespire:Beetle Shell":5,"ReplayTheSpireMod:SealedPack":34,"ReplayTheSpireMod:TigerMarble":7,"infinitespire:EmpoweringShard":53,"PureWater":0,"hubris:CrackedHourglass":46,"MawBank":12}]},"card_choices":[{"not_picked":["ClearTheMind","CrushJoints"],"picked":"FlyingSleeves","floor":1},{"not_picked":["Prostrate","Replay:BluntJabs","Perseverance"],"picked":"SKIP","floor":4},{"not_picked":["Replay:ManipulateFuture","JustLucky"],"picked":"Replay:Vibes","floor":5},{"not_picked":["Swivel","WaveOfTheHand"],"picked":"Meditate","floor":6},{"not_picked":["CutThroughFate","Crescendo"],"picked":"FlurryOfBlows","floor":7},{"not_picked":["Protect","PathToVictory"],"picked":"Vengeance","floor":10},{"not_picked":["FlurryOfBlows","InnerPeace"],"picked":"Blasphemy","floor":11},{"not_picked":["ClearTheMind","Evaluate"],"picked":"SashWhip","floor":13},{"not_picked":["Replay:AllIn","Replay:AtTheReady"],"picked":"BowlingBash","floor":14},{"not_picked":["DeusExMachina","Wish"],"picked":"Omniscience","floor":16},{"not_picked":["Runesmith:CraftFirestone","Eruption"],"picked":"stsjorbsmod:CoupDeGrace","floor":17},{"not_picked":["Alpha","Establishment"],"picked":"LessonLearned","floor":17},{"not_picked":["Trip","Replay:Sssssssssstrike"],"picked":"Good Instincts","floor":17},{"not_picked":["infinitespire:SealOfDarkness+","hubris:InfiniteBlow+214"],"picked":"infinitespire:SevenWalls","floor":17},{"not_picked":["Perseverance+1","FollowUp","Consecrate"],"picked":"SKIP","floor":18},{"not_picked":["Replay:ManipulateFuture","Protect"],"picked":"Tantrum+1","floor":22},{"not_picked":["Crescendo","FollowUp+1"],"picked":"MentalFortress","floor":25}],"player_experience":428107,"relics_obtained":[{"floor":6,"key":"infinitespire:Beetle Shell"},{"floor":9,"key":"ReplayTheSpireMod:TigerMarble"},{"floor":10,"key":"MawBank"},{"floor":26,"key":"infinitespire:EmpoweringShard"}],"event_choices":[{"damage_healed":0,"gold_gain":0,"player_choice":"Take Damage","damage_taken":18,"relics_obtained":["Golden Idol"],"max_hp_gain":0,"max_hp_loss":0,"event_name":"Golden Idol","floor":3,"gold_loss":0},{"damage_healed":0,"gold_gain":0,"player_choice":"Forge","damage_taken":0,"max_hp_gain":0,"max_hp_loss":0,"event_name":"Accursed Blacksmith","floor":24,"gold_loss":0,"cards_upgraded":["Meditate"]}],"is_beta":false,"boss_relics":[{"not_picked":["Replay:Drink Me","Calling Bell"],"picked":"ReplayTheSpireMod:SealedPack"}],"items_purged_floors":[20],"is_endless":false,"potions_floor_spawned":[1,4,6,11,14,25],"killed_by":"Nightmare","ascension_level":11}}