{"host":"txhhdwa0hqfs4jhb","time":1612119027,"event":{"mods":["BaseMod","Better Third Choice","Filter the Spire","Fox Events","Minty Spire (QoL Compilation)","Relic Filter Mod","Relic Stats","StSLib","Thieving Mod"],"gold_per_floor":[119,119,129,149,23,56,56,82,82,82,116,131,149,159,159,237,237,254,254,272,3,3,28,28,40,40,40,72,72,98,21,21,100,100,115,115,115,133,187,219,232,262,262,275,66,66,93,18,18,18,18,18,18,47,47,47],"floor_reached":55,"language":"ENG","playtime":2720,"items_purged":["Defend_G","Strike_G","Doubt"],"score":1988,"play_id":"e9abf6db-7efe-4170-90e8-38a7e516910f","local_time":"20210131185027","is_ascension_mode":true,"campfire_choices":[{"data":"Apotheosis","floor":7.0,"key":"SMITH"},{"floor":10.0,"key":"REST"},{"data":"Backflip","floor":15.0,"key":"SMITH"},{"data":"Backflip","floor":24.0,"key":"SMITH"},{"data":"Die Die Die","floor":27.0,"key":"SMITH"},{"data":"Footwork","floor":32.0,"key":"SMITH"},{"floor":49.0,"key":"RECALL"},{"data":"Adrenaline","floor":52.0,"key":"SMITH"}],"circlet_count":0,"master_deck":["AscendersBane","Strike_G","Strike_G","Strike_G","Strike_G","Defend_G","Defend_G","Defend_G","Survivor","Neutralize","Apotheosis+1","Calculated Gamble","Cloak And Dagger","Backflip+1","Die Die Die+1","Sucker Punch+1","Backflip+1","Backstab+1","Dagger Spray+1","Die Die Die+1","Dagger Spray+1","Dagger Spray+1","Necronomicurse","Footwork+1","Skewer+1","Adrenaline+1","Footwork","Panache","Flash of Steel+1","Predator+1","Doppelganger","Blade Dance","Heel Hook+1","Panache+1","Skewer+1","Noxious Fumes+1","Panache+1","Dash+1","Blur","Footwork+1"],"relics":["Ring of the Snake","Bag of Preparation","Chemical X","Matryoshka","White Beast Statue","MealTicket","Molten Egg 2","Orichalcum","Philosopher\u0027s Stone","Calipers","Gremlin Horn","Sling","Necronomicon","Bird Faced Urn","Anchor","Gambling Chip","Lantern","Mummified Hand","Ginger","Cursed Key","Dead Branch","Toy Ornithopter","Meat on the Bone","Frozen Egg 2","Happy Flower","DollysMirror","Turnip","Pantograph"],"acts_visited":["Exordium","TheCity","TheBeyond","TheEnding"],"potions_floor_usage":[54,55,55],"damage_taken":[{"damage":0.0,"enemies":"Cultist","floor":1.0,"turns":4.0},{"damage":0.0,"enemies":"Small Slimes","floor":3.0,"turns":5.0},{"damage":4.0,"enemies":"2 Louse","floor":4.0,"turns":3.0},{"damage":2.0,"enemies":"3 Sentries","floor":6.0,"turns":6.0},{"damage":15.0,"enemies":"Gremlin Nob","floor":8.0,"turns":4.0},{"damage":6.0,"enemies":"3 Sentries","floor":11.0,"turns":4.0},{"damage":0.0,"enemies":"Blue Slaver","floor":12.0,"turns":4.0},{"damage":4.0,"enemies":"Large Slime","floor":13.0,"turns":6.0},{"damage":0.0,"enemies":"Exordium Wildlife","floor":14.0,"turns":3.0},{"damage":8.0,"enemies":"Hexaghost","floor":16.0,"turns":9.0},{"damage":1.0,"enemies":"Chosen","floor":18.0,"turns":3.0},{"damage":0.0,"enemies":"3 Byrds","floor":20.0,"turns":3.0},{"damage":23.0,"enemies":"Book of Stabbing","floor":23.0,"turns":5.0},{"damage":40.0,"enemies":"Cultist and Chosen","floor":25.0,"turns":8.0},{"damage":0.0,"enemies":"Gremlin Leader","floor":28.0,"turns":4.0},{"damage":0.0,"enemies":"Slavers","floor":30.0,"turns":1.0},{"damage":0.0,"enemies":"Collector","floor":33.0,"turns":4.0},{"damage":0.0,"enemies":"Orb Walker","floor":35.0,"turns":1.0},{"damage":0.0,"enemies":"3 Shapes","floor":38.0,"turns":1.0},{"damage":0.0,"enemies":"2 Orb Walkers","floor":39.0,"turns":2.0},{"damage":0.0,"enemies":"Nemesis","floor":40.0,"turns":1.0},{"damage":0.0,"enemies":"Spire Growth","floor":41.0,"turns":1.0},{"damage":0.0,"enemies":"Giant Head","floor":42.0,"turns":3.0},{"damage":0.0,"enemies":"3 Darklings","floor":44.0,"turns":1.0},{"damage":0.0,"enemies":"Nemesis","floor":47.0,"turns":2.0},{"damage":6.0,"enemies":"Time Eater","floor":50.0,"turns":7.0},{"damage":0,"enemies":"Shield and Spear","floor":54,"turns":2},{"damage":74,"enemies":"The Heart","floor":55,"turns":6}],"seed_played":"1237257219165057034","potions_obtained":[{"floor":1.0,"key":"ColorlessPotion"},{"floor":3.0,"key":"Strength Potion"},{"floor":11.0,"key":"Strength Potion"},{"floor":12.0,"key":"SkillPotion"},{"floor":13.0,"key":"LiquidBronze"},{"floor":14.0,"key":"Regen Potion"},{"floor":16.0,"key":"Energy Potion"},{"floor":23.0,"key":"Regen Potion"},{"floor":25.0,"key":"GhostInAJar"},{"floor":28.0,"key":"BlessingOfTheForge"},{"floor":30.0,"key":"Swift Potion"},{"floor":33.0,"key":"GamblersBrew"},{"floor":38.0,"key":"DuplicationPotion"},{"floor":39.0,"key":"ThievingMod:ThievingPotion"},{"floor":54,"key":"ColorlessPotion"}],"is_trial":false,"path_per_floor":["M","?","M","M","$","E","R","E","T","R","E","M","M","M","R","B",null,"M","?","M","$","?","E","R","M","T","R","E","?","E","$","R","B",null,"M","$","?","M","?","E","M","E","T","M","$","?","E","$","R","B",null,"R","$","E","B"],"character_chosen":"THE_SILENT","items_purchased":["Backflip","Sling","Skewer+1","Noxious Fumes+1","Dash+1"],"campfire_rested":1,"item_purchase_floors":[5,21,31,45,48],"current_hp_per_floor":[44,44,44,40,40,38,38,23,23,42,36,36,32,32,32,24,56,55,55,55,66,45,22,22,31,31,31,31,24,24,39,39,41,60,60,66,66,66,66,66,66,66,66,66,66,66,66,66,66,66,66,66,66,66,0,0],"gold":47,"neow_bonus":"RANDOM_COLORLESS_2","is_daily":false,"chose_seed":false,"campfire_upgraded":6,"win_rate":0.0,"timestamp":1612119027,"path_taken":["M","?","?","M","$","E","R","E","T","R","E","M","M","M","R","BOSS","M","?","?","$","?","E","R","M","T","R","E","?","E","?","R","BOSS","M","$","?","M","?","E","M","E","T","M","?","?","E","$","R","BOSS","R","$","E","BOSS"],"items_purchased_type":["Card","Relic","Card","Card","Card"],"build_version":"2020-12-22","purchased_purges":3,"victory":false,"max_hp_per_floor":[66,66,66,66,66,66,66,66,66,66,66,66,66,66,66,66,66,66,66,66,66,66,66,66,66,66,66,66,66,66,66,66,66,66,66,66,66,66,66,66,66,66,66,66,66,66,66,66,66,66,66,66,66,66,66,66],"relic_stats":{"Gremlin Horn":[15,15],"Happy Flower":[5],"counters":[28,103],"Dead Branch":[58],"Bag of Preparation":[50],"Ginger":[3],"Orichalcum":[48],"Cursed Key":1,"Mummified Hand":[43],"Bird Faced Urn":[14],"Gambling Chip":[53],"Pantograph":0,"MealTicket":32,"Turnip":[3],"Necronomicon":[21],"Chemical X":[38],"obtain_stats":[{"Lantern":28,"Calipers":19,"Gremlin Horn":21,"Bag of Preparation":5,"Ginger":31,"Sling":21,"Cursed Key":34,"Matryoshka":6,"Mummified Hand":30,"DollysMirror":45,"Gambling Chip":26,"Pantograph":54,"MealTicket":9,"Philosopher\u0027s Stone":17,"Necronomicon":22,"Chemical X":5,"Ring of the Snake":0,"Happy Flower":45,"Dead Branch":39,"Orichalcum":11,"Frozen Egg 2":43,"White Beast Statue":8,"Anchor":26,"Bird Faced Urn":23,"Molten Egg 2":9,"Turnip":47,"Toy Ornithopter":40,"Meat on the Bone":42},{"Lantern":15,"Calipers":11,"Gremlin Horn":12,"Bag of Preparation":3,"Ginger":16,"Sling":12,"Cursed Key":17,"Matryoshka":4,"Mummified Hand":16,"DollysMirror":24,"Gambling Chip":14,"Pantograph":27,"MealTicket":5,"Philosopher\u0027s Stone":10,"Necronomicon":12,"Chemical X":3,"Ring of the Snake":0,"Happy Flower":24,"Dead Branch":20,"Orichalcum":6,"Frozen Egg 2":23,"White Beast Statue":5,"Anchor":14,"Bird Faced Urn":13,"Molten Egg 2":5,"Turnip":25,"Toy Ornithopter":21,"Meat on the Bone":23},{"Lantern":71,"Calipers":51,"Gremlin Horn":54,"Bag of Preparation":12,"Ginger":72,"Sling":54,"Cursed Key":76,"Matryoshka":18,"Mummified Hand":72,"DollysMirror":86,"Gambling Chip":67,"Pantograph":97,"MealTicket":22,"Philosopher\u0027s Stone":48,"Necronomicon":54,"Chemical X":12,"Ring of the Snake":0,"Happy Flower":86,"Dead Branch":80,"Orichalcum":26,"Frozen Egg 2":85,"White Beast Statue":22,"Anchor":67,"Bird Faced Urn":59,"Molten Egg 2":22,"Turnip":88,"Toy Ornithopter":81,"Meat on the Bone":85}],"Toy Ornithopter":0,"Ring of the Snake":[56],"Meat on the Bone":0},"card_choices":[{"not_picked":["Thinking Ahead","Transmutation"],"picked":"Apotheosis","floor":0.0},{"not_picked":["Deflect","Sucker Punch"],"picked":"Calculated Gamble","floor":1.0},{"not_picked":["Prepared","Outmaneuver"],"picked":"Cloak And Dagger","floor":3.0},{"not_picked":["Tactician","Underhanded Strike"],"picked":"Dagger Spray","floor":4.0},{"not_picked":["Dash","Caltrops"],"picked":"Die Die Die","floor":6.0},{"not_picked":["Dagger Throw","Deadly Poison","Slice"],"picked":"SKIP","floor":8.0},{"not_picked":["PiercingWail","Eviscerate+1"],"picked":"Sucker Punch+1","floor":11.0},{"not_picked":["Dash+1","Slice+1"],"picked":"Backflip","floor":12.0},{"not_picked":["Choke+1","Doppelganger"],"picked":"Backstab+1","floor":13.0},{"not_picked":["Dash+1","Deadly Poison"],"picked":"Dagger Spray+1","floor":14.0},{"not_picked":["Storm of Steel","Phantasmal Killer"],"picked":"Die Die Die+1","floor":16.0},{"not_picked":["Dagger Throw+1","Concentrate"],"picked":"Dagger Spray+1","floor":18.0},{"not_picked":["Predator+1","Deflect"],"picked":"Dagger Spray+1","floor":20.0},{"not_picked":["Bullet Time","Sucker Punch+1","Flying Knee+1"],"picked":"SKIP","floor":23.0},{"not_picked":["Outmaneuver","Bouncing Flask","Catalyst"],"picked":"SKIP","floor":25.0},{"not_picked":["All Out Attack+1","Distraction","Finisher+1"],"picked":"SKIP","floor":28.0},{"not_picked":["Poisoned Stab+1","Deadly Poison"],"picked":"Footwork","floor":30.0},{"not_picked":["After Image","Envenom"],"picked":"Adrenaline","floor":33.0},{"not_picked":["Dagger Spray+1","Outmaneuver"],"picked":"Footwork","floor":35.0},{"not_picked":["Magnetism","Dramatic Entrance+1"],"picked":"Flash of Steel+1","floor":37.0},{"not_picked":["Prepared","Sucker Punch+1"],"picked":"Predator+1","floor":38.0},{"not_picked":["Deflect","Calculated Gamble"],"picked":"Doppelganger","floor":40.0},{"not_picked":["PiercingWail","Dodge and Roll"],"picked":"Blade Dance","floor":41.0},{"not_picked":["Wraith Form v2","Prepared","Outmaneuver"],"picked":"SKIP","floor":42.0},{"not_picked":["Sucker Punch+1","All Out Attack+1"],"picked":"Heel Hook+1","floor":44.0},{"not_picked":["Deadly Poison+1","Deflect","Prepared+1"],"picked":"SKIP","floor":47.0},{"not_picked":["Deadly Poison+1","Blade Dance"],"picked":"Footwork+1","floor":54}],"player_experience":295391,"relics_obtained":[{"floor":6.0,"key":"Matryoshka"},{"floor":8.0,"key":"White Beast Statue"},{"floor":9.0,"key":"MealTicket"},{"floor":9.0,"key":"Molten Egg 2"},{"floor":11.0,"key":"Orichalcum"},{"floor":22.0,"key":"Necronomicon"},{"floor":23.0,"key":"Bird Faced Urn"},{"floor":26.0,"key":"Anchor"},{"floor":26.0,"key":"Gambling Chip"},{"floor":28.0,"key":"Lantern"},{"floor":30.0,"key":"Mummified Hand"},{"floor":39.0,"key":"Dead Branch"},{"floor":40.0,"key":"Toy Ornithopter"},{"floor":42.0,"key":"Meat on the Bone"},{"floor":43.0,"key":"Frozen Egg 2"},{"floor":47.0,"key":"Turnip"},{"floor":54,"key":"Pantograph"}],"event_choices":[{"cards_removed":["Defend_G"],"damage_healed":0.0,"max_hp_gain":0.0,"max_hp_loss":0.0,"gold_gain":0.0,"event_name":"Purifier","player_choice":"Purged","floor":2.0,"gold_loss":0.0,"damage_taken":0.0},{"cards_removed":["Dagger Spray"],"damage_healed":0.0,"max_hp_gain":0.0,"max_hp_loss":0.0,"gold_gain":0.0,"event_name":"WeMeetAgain","player_choice":"Gave Card","floor":19.0,"gold_loss":0.0,"damage_taken":0.0,"relics_obtained":["Calipers"]},{"damage_healed":0.0,"max_hp_gain":0.0,"max_hp_loss":0.0,"gold_gain":0.0,"event_name":"Cursed Tome","player_choice":"Obtained Book","floor":22.0,"gold_loss":0.0,"damage_taken":21.0},{"damage_healed":0.0,"max_hp_gain":0.0,"max_hp_loss":0.0,"gold_gain":0.0,"event_name":"SensoryStone","player_choice":"Memory 1","floor":37.0,"gold_loss":0.0,"damage_taken":0.0},{"damage_healed":0.0,"max_hp_gain":0.0,"max_hp_loss":0.0,"gold_gain":0.0,"event_name":"Mysterious Sphere","player_choice":"Fight","floor":39.0,"gold_loss":0.0,"damage_taken":0.0}],"is_beta":false,"boss_relics":[{"not_picked":["Astrolabe","SlaversCollar"],"picked":"Philosopher\u0027s Stone"},{"not_picked":["Ring of the Serpent","Empty Cage"],"picked":"Cursed Key"}],"items_purged_floors":[5,21,45],"is_endless":false,"potions_floor_spawned":[1,3,11,12,13,14,16,18,20,23,25,28,30,33,35,38,39,40,41,42,44,47,54],"killed_by":"The Heart","ascension_level":19}}