{"host":"d5i1qeb9dejicw1z","time":1612124874,"event":{"mods":["AchievementEnabler","BaseMod","Better Note","BetterRewards","Evolution","Gold Saver","Minty Spire (QoL Compilation)","Permanent Neow","Relic Filter Mod","Reliquary","StSLib"],"gold_per_floor":[658,70,70,70,83,83,108,133,133,133,163,163,163,173,173,247,247,267,151,151,151,162,191,191,218,218,218,232,232,232,232],"floor_reached":30,"language":"ENG","playtime":881,"items_purged":["Strike_B"],"score":550,"play_id":"4961bb06-e270-4330-be8c-319a9e509040","local_time":"20210131122754","is_ascension_mode":true,"campfire_choices":[{"data":"Zap","floor":6,"key":"SMITH"},{"floor":10,"key":"REST"},{"data":"Defragment","floor":12,"key":"SMITH"},{"floor":13,"key":"REST"},{"data":"Dualcast","floor":15,"key":"SMITH"},{"floor":24,"key":"REST"}],"circlet_count":0,"master_deck":["AscendersBane","Strike_B","Strike_B","Strike_B","Defend_B","Defend_B","Defend_B","Defend_B","Zap+1","Dualcast+1","Flash of Steel","Electrodynamics+1","Chill","Defragment+1","Machine Learning","Capacitor","Force Field","Fission","Loop"],"relics":["Cracked Core","EVO:Axolotl","Torii","Nunchaku","WingedGreaves","Bag of Preparation","Emotion Chip","Orichalcum","Nuclear Battery","MutagenicStrength","TungstenRod","White Beast Statue","Blue Candle"],"acts_visited":["Exordium","TheCity"],"potions_floor_usage":[8,8,16,23,23,25],"damage_taken":[{"damage":0,"enemies":"Cultist","floor":1,"turns":3},{"damage":1,"enemies":"Jaw Worm","floor":5,"turns":3},{"damage":10,"enemies":"3 Sentries","floor":7,"turns":4},{"damage":30,"enemies":"Lagavulin","floor":8,"turns":5},{"damage":6,"enemies":"Gremlin Nob","floor":11,"turns":3},{"damage":1,"enemies":"Small Slimes","floor":14,"turns":2},{"damage":13,"enemies":"The Guardian","floor":16,"turns":8},{"damage":12,"enemies":"Spheric Guardian","floor":18,"turns":4},{"damage":9,"enemies":"Chosen","floor":22,"turns":4},{"damage":12,"enemies":"Gremlin Leader","floor":23,"turns":6},{"damage":30,"enemies":"Slavers","floor":25,"turns":7},{"damage":0,"enemies":"3 Cultists","floor":28,"turns":3},{"damage":12,"enemies":"Book of Stabbing","floor":30,"turns":4}],"seed_played":"-7926746868580086503","potions_obtained":[{"floor":1,"key":"GamblersBrew"},{"floor":7,"key":"Explosive Potion"},{"floor":14,"key":"Strength Potion"},{"floor":16,"key":"SpeedPotion"},{"floor":18,"key":"LiquidBronze"},{"floor":23,"key":"Swift Potion"},{"floor":28,"key":"Ancient Potion"}],"is_trial":false,"path_per_floor":["M","$","?","$","M","R","E","E","T","R","E","R","R","M","R","B",null,"M","$","?","?","M","E","R","E","T","?","M","?","E"],"character_chosen":"DEFECT","items_purchased":["Torii","Nunchaku","Flash of Steel","Capacitor"],"campfire_rested":3,"item_purchase_floors":[2,2,2,19],"current_hp_per_floor":[71,71,71,71,70,70,60,30,30,53,47,47,70,69,69,56,73,61,61,61,61,52,40,63,33,33,12,12,12,0,0],"gold":232,"neow_bonus":"TEN_PERCENT_HP_BONUS","is_daily":false,"chose_seed":false,"campfire_upgraded":3,"win_rate":0.0,"timestamp":1612124874,"path_taken":["M","$","?","$","?","R","E","E","T","R","E","R","R","M","R","BOSS","M","$","?","?","M","E","R","E","T","?","M","?","E"],"items_purchased_type":["Relic","Relic","Card","Card"],"build_version":"2020-12-22","purchased_purges":1,"victory":false,"max_hp_per_floor":[78,78,78,78,78,78,78,78,78,78,78,78,78,78,78,78,78,78,78,78,78,78,78,78,78,78,83,83,83,83,83],"card_choices":[{"not_picked":["Doom and Gloom","Turbo","Coolheaded"],"picked":"SKIP","floor":1},{"not_picked":["Turbo","Sweeping Beam","Stack"],"picked":"SKIP","floor":5},{"not_picked":["Sweeping Beam","Coolheaded"],"picked":"Chill","floor":7},{"not_picked":["Tempest","Doom and Gloom","Go for the Eyes"],"picked":"SKIP","floor":8},{"not_picked":["Hello World","Melter"],"picked":"Defragment","floor":11},{"not_picked":["Streamline","Steam Power","Sunder"],"picked":"SKIP","floor":14},{"not_picked":["Electrodynamics","Multi-Cast"],"picked":"Machine Learning","floor":16},{"not_picked":["Compile Driver","FTL","Gash"],"picked":"SKIP","floor":18},{"not_picked":["Stack","Fusion"],"picked":"Force Field","floor":22},{"not_picked":["Blizzard","Undo","Heatsinks"],"picked":"SKIP","floor":23},{"not_picked":["Static Discharge","Beam Cell+1"],"picked":"Fission","floor":25},{"not_picked":["Sweeping Beam","FTL"],"picked":"Loop","floor":28}],"player_experience":1200583,"relics_obtained":[{"floor":7,"key":"WingedGreaves"},{"floor":8,"key":"Bag of Preparation"},{"floor":9,"key":"Emotion Chip"},{"floor":11,"key":"Orichalcum"},{"floor":23,"key":"reliquary:FerryPass"},{"floor":25,"key":"TungstenRod"},{"floor":25,"key":"White Beast Statue"},{"floor":26,"key":"Blue Candle"}],"event_choices":[{"damage_healed":0,"gold_gain":0,"player_choice":"Take","damage_taken":0,"max_hp_gain":0,"max_hp_loss":0,"event_name":"betterNote:BetterNote","floor":3,"gold_loss":0,"cards_obtained":["Electrodynamics"]},{"damage_healed":0,"gold_gain":0,"player_choice":"Inject Mutagens","damage_taken":0,"relics_obtained":["MutagenicStrength"],"max_hp_gain":0,"max_hp_loss":0,"event_name":"Drug Dealer","floor":20,"gold_loss":0},{"damage_healed":0,"gold_gain":0,"player_choice":"Ignored","damage_taken":0,"max_hp_gain":0,"max_hp_loss":0,"event_name":"Ghosts","floor":21,"gold_loss":0},{"damage_healed":0,"gold_gain":0,"player_choice":"Shed Blood","damage_taken":27,"max_hp_gain":5,"max_hp_loss":0,"event_name":"Forgotten Altar","floor":27,"gold_loss":0},{"damage_healed":0,"gold_gain":0,"player_choice":"Ignored","damage_taken":0,"max_hp_gain":0,"max_hp_loss":0,"event_name":"Vampires","floor":29,"gold_loss":0}],"is_beta":false,"boss_relics":[{"not_picked":["Empty Cage","Ectoplasm"],"picked":"Nuclear Battery"}],"items_purged_floors":[19],"is_endless":false,"potions_floor_spawned":[1,7,14,16,18,23,28],"killed_by":"Book of Stabbing","ascension_level":19}}