{"host":"o3b7ow6d1xe49css","time":1612135329,"event":{"mods":["Act Like it!","Aspiration","BaseMod","Bestiary","Better Altar","Better Match","Better Note","Better Sensory Stone","Better Skull","Better Third Choice","Colored Powertips","Conspire","Energized Spire","Force Act Four","GifTheSpireLib","Halation","Hermit","Hubris","Infinite Spire","Lobotomy","Minty Spire (QoL Compilation)","Quick Restart","Rare Cards Sparkle","Relic Filter Mod","Reliquary","Replay The Spire","Spicy Shops","Spikes Relics","Spire Arcade","StSLib","Stuff the Spire","The Blue Laboratory","Wandering Minibosses"],"gold_per_floor":[112,125,145,161,9,44,44,44,44,56,85,118,118,145,145,247,247,266,266,341,359,225,258,258,258,330,330,126,126,126,156,156,271,271,301,331,331,1330,797,883,970,458,483,483,483,539,602,602,602,602,602],"floor_reached":50,"language":"ENG","playtime":11102,"items_purged":["hermit:Strike_Hermit","StuffTheSpire:Perfection","Clumsy","hermit:Strike_Hermit","hermit:Defend_Hermit","hermit:FatalDesire","hermit:Strike_Hermit"],"score":1148,"play_id":"35239c8f-9922-42eb-8206-7b13bb3ccbf8","local_time":"20210131142209","daily_mods":["Heirloom","Flight"],"is_ascension_mode":true,"campfire_choices":[{"data":"hermit:Brawl","floor":8,"key":"SMITH"},{"data":"hermit:Determination","floor":13,"key":"SMITH"},{"data":"hermit:WideOpen","floor":15,"key":"SMITH"},{"floor":29,"key":"REST"},{"data":"hermit:Roughhouse","floor":30,"key":"SMITH"},{"floor":32,"key":"REST"},{"floor":44,"key":"REST"},{"floor":49,"key":"RECALL"}],"circlet_count":0,"master_deck":["hermit:Strike_Hermit","hermit:Defend_Hermit+1","hermit:Defend_Hermit+1","hermit:Defend_Hermit+1","hermit:Snapshot","hermit:Covet","hermit:Gestalt","hermit:Spite","hermit:WideOpen+1","hermit:Brawl+1","hermit:PistolWhip","Scorched","hermit:Snipe","hermit:Determination+1","hermit:Ricochet","hermit:Roughhouse+1","OSAHOGD","hermit:FlashPowder+1","hermit:HoleUp","Mercenary","hermit:Dive+1","hermit:Brawl+1","hermit:HighCaliber","hermit:Roughhouse+1","StuffTheSpire:BrainWave"],"relics":["StuffTheSpire:OccultApparatus","Ring of Chaos","infinitespire:Joker Card","CogitoBucket","reliquary:TatteredRug","hubris:PeanutButter","LuminousBracelet","StuffTheSpire:ForceGauntlet","Smiling Mask","halation:KoshaPiece","hubris:Stopwatch","SkinProphecy","Replay:Ringing Soul","Membership Card","Centennial Puzzle","hubris:BottledRain","conspire:TreasureMap","Orrery","Iron Hammer","infinitespire:EvilPickle","energizedSpire:OgreHead","AtMidnight","Theresia","Omamori","Anchor","halation:PenCase","hubris:SphereOfDissonance","Gambling Chip","infinitespire:ShieldingShard","Bottled Lightning","Medical Kit","infinitespire:EmpoweringShard","StuffTheSpire:Expresso","CherryCoatedStake","DollysMirror","reliquary:PartyBalloon","reliquary:NewFriend","hubris:MobiusCoin"],"acts_visited":["Exordium","TheCity","TheBeyond"],"potions_floor_usage":[10,11,41,46],"damage_taken":[{"damage":0,"enemies":"Cultist","floor":1,"turns":3},{"damage":10,"enemies":"Jaw Worm","floor":2,"turns":6},{"damage":0,"enemies":"2 Louse","floor":3,"turns":2},{"damage":2,"enemies":"Blue Slaver","floor":4,"turns":3},{"damage":2,"enemies":"Lagavulin","floor":6,"turns":6},{"damage":10,"enemies":"Exordium Wildlife","floor":10,"turns":5},{"damage":10,"enemies":"3 Sentries","floor":11,"turns":6},{"damage":1,"enemies":"Gremlin Nob","floor":12,"turns":3},{"damage":0,"enemies":"3 Sentries","floor":14,"turns":1},{"damage":2,"enemies":"Fading Forest","floor":16,"turns":11},{"damage":96,"enemies":"2 Thieves","floor":18,"turns":10},{"damage":2,"enemies":"Chosen","floor":21,"turns":3},{"damage":22,"enemies":"Gremlin Leader","floor":23,"turns":5},{"damage":27,"enemies":"Slavers","floor":31,"turns":6},{"damage":20,"enemies":"Pondfish","floor":33,"turns":10},{"damage":0,"enemies":"3 Darklings","floor":35,"turns":4},{"damage":0,"enemies":"3 Shapes","floor":36,"turns":2},{"damage":9,"enemies":"R_Hoarder","floor":40,"turns":5},{"damage":27,"enemies":"Nightmare","floor":41,"turns":7},{"damage":3,"enemies":"R_Hoarder","floor":46,"turns":4},{"damage":1,"enemies":"Nemesis","floor":47,"turns":5},{"damage":56,"enemies":"Time Eater","floor":50,"turns":8}],"seed_played":"-4853342283837071787","potions_obtained":[{"floor":2,"key":"hermit:Tonic"},{"floor":4,"key":"SteroidPotion"},{"floor":11,"key":"blueLaboratory:NullPotion"},{"floor":12,"key":"blueLaboratory:NullPotion"},{"floor":14,"key":"Elixir"},{"floor":31,"key":"Dexterity Potion"},{"floor":40,"key":"blueLaboratory:FrostheartPotion"},{"floor":46,"key":"Weak Potion"}],"is_trial":true,"path_per_floor":["M","M","M","M","$","E","?","R","T","M","E","E","R","E","R","B",null,"M","?","T","M","$","E","AVR","?","T","?","$","R","R","E","R","B",null,"M","M","AVR","?","$","E","NM","$","T","R","?","E","E","?","R","B"],"character_chosen":"HERMIT","items_purchased":["hermit:Brawl","Membership Card","hermit:FlashPowder+1","conspire:TreasureMap","Orrery","Anchor","hermit:Brawl","halation:PenCase","hubris:SphereOfDissonance","blueLaboratory:Moonshine","hermit:HighCaliber","Bottled Lightning","Medical Kit","infinitespire:EmpoweringShard","StuffTheSpire:Expresso","LiquidMemories","Energy Potion","CherryCoatedStake","DollysMirror"],"campfire_rested":3,"item_purchase_floors":[5,22,22,28,28,39,39,39,39,39,39,42,42,42,42,42,42,42,42],"current_hp_per_floor":[75,65,65,63,63,61,69,69,69,74,71,70,70,70,70,77,79,44,29,29,25,28,7,7,7,7,7,10,37,37,12,39,34,81,73,72,72,72,75,63,35,38,38,70,70,64,59,62,62,0,0],"gold":602,"neow_bonus":"","is_daily":false,"chose_seed":false,"campfire_upgraded":4,"win_rate":0.0,"timestamp":1612135329,"path_taken":["M","M","M","M","?","E","?","R","T","?","E","E","R","E","R","BOSS","M","?","?","?","$","E","AVR","?","T","?","$","R","R","E","R","BOSS","M","M","AVR","?","$","E","NM","$","T","R","?","E","E","?","R","BOSS"],"items_purchased_type":["Card","Relic","Card","Relic","Relic","Relic","Card","Relic","Relic","Potion","Card","Relic","Relic","Relic","Relic","Potion","Potion","Relic","Relic"],"build_version":"2020-12-22","purchased_purges":7,"victory":false,"max_hp_per_floor":[75,75,75,75,75,75,75,75,75,90,90,90,90,90,90,80,80,80,80,80,82,85,87,87,87,87,87,90,90,90,92,92,97,97,101,106,106,106,109,102,104,107,107,107,107,109,111,103,103,97,97],"card_choices":[{"not_picked":["CherryBlossoms","MHz","Alriune"],"picked":"Singing Bowl","floor":1},{"not_picked":["hermit:Midnight","hermit:TrackingShot"],"picked":"hermit:Gestalt","floor":1},{"not_picked":["DreamingCurrent","CrumblingArmor","MHz"],"picked":"Singing Bowl","floor":2},{"not_picked":["Porccubus","MeatLantern"],"picked":"OldLady","floor":2},{"not_picked":["hermit:Headshot","hermit:Malice"],"picked":"hermit:Spite","floor":2},{"not_picked":["BeautyBeast","Murderer","Wellcheers"],"picked":"Singing Bowl","floor":3},{"not_picked":["hermit:Coalescence","hermit:Desperado","hermit:Combo"],"picked":"SKIP","floor":3},{"not_picked":["Bloodbath","VoidDream","QueenOfHatred"],"picked":"Singing Bowl","floor":4},{"not_picked":["hermit:Desperado","hermit:Combo"],"picked":"hermit:WideOpen","floor":4},{"not_picked":["BigBird","OSAHOGD","CherryBlossoms"],"picked":"Singing Bowl","floor":6},{"not_picked":["hermit:Quickdraw","hermit:ItchyTrigger","hermit:Cheat"],"picked":"SKIP","floor":6},{"not_picked":["NakedNest","WallGazer","LaLuna"],"picked":"Singing Bowl","floor":10},{"not_picked":["hermit:Quickdraw","hermit:WideOpen"],"picked":"hermit:PistolWhip","floor":10},{"not_picked":["DreamingCurrent","MHz","SpiderBud"],"picked":"Singing Bowl","floor":11},{"not_picked":["Wellcheers","MHz"],"picked":"Scorched","floor":11},{"not_picked":["hermit:Scavenge","hermit:TakeAim"],"picked":"hermit:Snipe","floor":11},{"not_picked":["hermit:Desperado","hermit:Ricochet"],"picked":"hermit:Determination","floor":12},{"not_picked":["DreamingCurrent","VoidDream","Wellcheers"],"picked":"Singing Bowl","floor":12},{"not_picked":["CrumblingArmor","BigBadWolf","DespairKnight"],"picked":"Singing Bowl","floor":14},{"not_picked":["hermit:GoldenBullet","hermit:Misfire"],"picked":"hermit:Ricochet","floor":14},{"not_picked":["Woodsman","Alriune","BlackSwan"],"picked":"Singing Bowl","floor":16},{"not_picked":["hermit:RoundhouseKick","hermit:FromBeyond"],"picked":"hermit:Roughhouse","floor":16},{"not_picked":["CherryBlossoms","VoidDream","Porccubus"],"picked":"Singing Bowl","floor":18},{"not_picked":["OldLady","LittlePrince"],"picked":"OSAHOGD","floor":18},{"not_picked":["hermit:Malice","hermit:WideOpen","hermit:Vantage"],"picked":"SKIP","floor":18},{"not_picked":["FieryBird","LongBird","BlueStar"],"picked":"Singing Bowl","floor":21},{"not_picked":["hermit:CalledShot","hermit:Headshot","hermit:Spite"],"picked":"SKIP","floor":21},{"not_picked":["Murderer","OldLady","Wellcheers"],"picked":"Singing Bowl","floor":23},{"not_picked":["hermit:Gestalt","hermit:LuckOfTheDraw","hermit:Glare"],"picked":"SKIP","floor":23},{"not_picked":["hermit:FinalCanter","hermit:NoHoldsBarred"],"picked":"hermit:HoleUp","floor":28},{"not_picked":["Freischutz","SingingMachine","Porccubus"],"picked":"Singing Bowl","floor":31},{"not_picked":["hermit:Vantage","hermit:Glare+1","hermit:ItchyTrigger"],"picked":"SKIP","floor":31},{"not_picked":["NakedNest","WhitesApple","Yin"],"picked":"Singing Bowl","floor":33},{"not_picked":["hermit:HeroicBravado","hermit:Dissolve"],"picked":"hermit:FatalDesire","floor":33},{"not_picked":["Funeral","DespairKnight","LittlePrince"],"picked":"Singing Bowl","floor":35},{"not_picked":["hermit:BodyArmor","hermit:HighCaliber+1","hermit:Dive+1"],"picked":"SKIP","floor":35},{"not_picked":["Laetitia","BlackArmy"],"picked":"Mercenary","floor":36},{"not_picked":["hermit:CalledShot+1","hermit:Desperado+1"],"picked":"hermit:Dive+1","floor":36},{"not_picked":["SnowQueen","MeltingLove","HappyTeddy"],"picked":"Singing Bowl","floor":40},{"not_picked":["hermit:Determination+1","hermit:CalledShot","hermit:Dive"],"picked":"SKIP","floor":40},{"not_picked":["hermit:Determination+1","hermit:CalledShot","hermit:Dive"],"picked":"SKIP","floor":40},{"not_picked":["hermit:SprayPray","hermit:FromBeyond","hermit:Dive+1"],"picked":"SKIP","floor":41},{"not_picked":["hermit:GhostlyPresence","hermit:FlashPowder","hermit:LuckOfTheDraw+1"],"picked":"SKIP","floor":46},{"not_picked":["hermit:Scavenge","hermit:Malice+1","hermit:Dissolve"],"picked":"SKIP","floor":47}],"player_experience":1238099,"relics_obtained":[{"floor":6,"key":"reliquary:TatteredRug"},{"floor":9,"key":"hubris:PeanutButter"},{"floor":11,"key":"StuffTheSpire:ForceGauntlet"},{"floor":12,"key":"Smiling Mask"},{"floor":14,"key":"halation:KoshaPiece"},{"floor":20,"key":"Replay:Ringing Soul"},{"floor":23,"key":"Centennial Puzzle"},{"floor":31,"key":"Iron Hammer"},{"floor":35,"key":"AtMidnight"},{"floor":40,"key":"Gambling Chip"},{"floor":41,"key":"infinitespire:ShieldingShard"},{"floor":43,"key":"reliquary:PartyBalloon"},{"floor":46,"key":"reliquary:NewFriend"},{"floor":47,"key":"hubris:MobiusCoin"}],"event_choices":[{"damage_healed":0,"gold_gain":999,"player_choice":"Gold","damage_taken":0,"max_hp_gain":0,"max_hp_loss":0,"event_name":"MindBloom","floor":38,"gold_loss":0,"cards_obtained":["Normality","Normality"]}],"is_beta":false,"boss_relics":[{"not_picked":["halation:PinkAlligatorPlush","energizedSpire:StickyHand"],"picked":"hubris:Stopwatch"},{"not_picked":["halation:CatFaceCupcake","hubris:BlackHole"],"picked":"energizedSpire:OgreHead"}],"items_purged_floors":[5,22,24,28,37,39,42],"is_endless":false,"potions_floor_spawned":[2,4,11,12,14,21,31,40,46],"killed_by":"Time Eater","ascension_level":5}}