{"host":"ky7z67tg8zpdk0g7","time":1608621293,"event":{"mods":["BaseMod","Beaked The Cultist","Better Third Choice","CapriCore","Displayed Cursed Tome","Energized Spire","Fireblade Mod","Hubris","Lobotomy","LobotomyExtend","Minty Spire (QoL Compilation)","Replay The Spire","SOS???????","Shop Mod","StSLib","Td1madao Mod","The Dragon Tamer","The Hayseed","The Hierophant","The Immortal","The Marked","The Necromancer","TheBandit","TheWitcher"],"gold_per_floor":[18,34,47,47,122,153,153,166,220,254,267,281,25,55,55,152,152,169,179,193,208,208,208],"floor_reached":22,"playtime":907,"items_purged":["Pain"],"score":259,"play_id":"cde22078-1418-45b6-8a66-2875af66c2e1","local_time":"20201222141453","is_ascension_mode":true,"campfire_choices":[{"floor":7,"key":"REST"},{"floor":15,"key":"REST"}],"circlet_count":0,"master_deck":["theMarked:Strike","theMarked:Strike","theMarked:Strike","theMarked:Strike+1","theMarked:Strike+1","theMarked:Defend","theMarked:Defend","theMarked:Defend","theMarked:Defend","theMarked:SoldierOfQuellstein","theMarked:BindingBlade","theMarked:Reabsorb","theMarked:SwordAndMagic","theMarked:HeritageOfTheMarked","Looming Evil","theMarked:Improvise","theMarked:EmpowerWeapon","theMarked:Defy","theMarked:PowerFlow","theMarked:DeterminationOfTheMarked","theMarked:Defy","Woodsman","theMarked:DeterminationOfTheMarked+1","theMarked:WardOff","theMarked:HeightenedSenses+1"],"relics":["theMarked:ArtifactOfAir","LetterFromLob","WarpedTongs","ReplayTheSpireMod:CursedCoin","theMarked:VonisonLock","Whetstone","Du-Vu Doll","Replay:Baseball","hubris:OldNail","beaked:SacredDeck","RedMistMask"],"acts_visited":["Exordium","TheCity"],"potions_floor_usage":[6,12,12,14,14,14,16],"damage_taken":[{"damage":5,"enemies":"Cultist","floor":1,"turns":4},{"damage":4,"enemies":"Jaw Worm","floor":2,"turns":4},{"damage":10,"enemies":"Small Slimes","floor":3,"turns":2},{"damage":28,"enemies":"3 Sentries","floor":6,"turns":6},{"damage":0,"enemies":"2 Fungi Beasts","floor":8,"turns":2},{"damage":30,"enemies":"Gremlin Nob","floor":10,"turns":4},{"damage":2,"enemies":"3 Louse","floor":11,"turns":3},{"damage":8,"enemies":"Exordium Wildlife","floor":12,"turns":2},{"damage":0,"enemies":"Lagavulin","floor":14,"turns":4},{"damage":19,"enemies":"The Guardian","floor":16,"turns":8},{"damage":38,"enemies":"2 Thieves","floor":18,"turns":4},{"damage":7,"enemies":"Chosen","floor":19,"turns":3},{"damage":41,"enemies":"Snake Plant","floor":20,"turns":4},{"damage":7,"enemies":"Cultist and Chosen","floor":21,"turns":5},{"damage":8,"enemies":"Centurion and Healer","floor":22,"turns":1}],"seed_played":"6925959419026289881","potions_obtained":[{"floor":2,"key":"AttackPotion"},{"floor":3,"key":"EssenceOfSteel"},{"floor":11,"key":"Fire Potion"},{"floor":12,"key":"Weak Potion"},{"floor":14,"key":"PowerPotion"},{"floor":20,"key":"Reflective Coating"}],"is_trial":false,"path_per_floor":["M","M","M","?","$","E","R","M","T","E","M","M","$","E","R","B",null,"M","M","M","M","M"],"character_chosen":"THE_DEFAULT","items_purchased":["ReplayTheSpireMod:CursedCoin","Fire Potion","Adrenaline Potion","Replay:Baseball"],"campfire_rested":2,"item_purchase_floors":[5,13,13,13],"current_hp_per_floor":[65,61,51,51,51,23,44,44,44,14,12,4,4,4,25,6,70,44,43,2,7,0,0],"gold":208,"neow_bonus":"THREE_RARE_CARDS","is_daily":false,"chose_seed":false,"campfire_upgraded":0,"win_rate":0.0,"timestamp":1608621293,"path_taken":["M","?","M","?","?","E","R","M","T","E","M","M","$","E","R","BOSS","M","M","?","M","M"],"items_purchased_type":["Relic","Potion","Potion","Relic"],"build_version":"2020-12-13","purchased_purges":1,"victory":false,"max_hp_per_floor":[70,70,70,70,70,70,70,70,70,70,70,70,70,70,70,70,70,70,70,70,70,70,70],"card_choices":[{"not_picked":["theMarked:SoldierForm","theMarked:UnarmedFury"],"picked":"theMarked:BindingBlade","floor":0},{"not_picked":["theMarked:Electrocute","theMarked:LightningStrikesTwice"],"picked":"theMarked:Reabsorb","floor":1},{"not_picked":["theMarked:Static","theMarked:Parkour"],"picked":"theMarked:SwordAndMagic","floor":2},{"not_picked":["theMarked:EnhancedHearing","theMarked:HeightenedSenses","theMarked:HeritageOfTheMarked"],"picked":"SKIP","floor":3},{"not_picked":["theMarked:EnhancedHearing","theMarked:HeightenedSenses"],"picked":"theMarked:HeritageOfTheMarked","floor":3},{"not_picked":["theMarked:ThrowWeapon","theMarked:Indomitable","theMarked:WastefulDefense"],"picked":"SKIP","floor":6},{"not_picked":["theMarked:Parkour","theMarked:TunnelVision"],"picked":"theMarked:Improvise","floor":8},{"not_picked":["theMarked:Improvise","theMarked:EnhanceMovement"],"picked":"theMarked:EmpowerWeapon","floor":10},{"not_picked":["theMarked:RepellingDischarge","theMarked:Aftermath"],"picked":"theMarked:Defy","floor":11},{"not_picked":["theMarked:RogueSparks","theMarked:BanishingStrike"],"picked":"theMarked:PowerFlow","floor":12},{"not_picked":["theMarked:TwofoldDefense","theMarked:EmpowerWeapon"],"picked":"theMarked:DeterminationOfTheMarked","floor":14},{"not_picked":["theMarked:SummonStrength","theMarked:MuscleMemory"],"picked":"theMarked:Defy","floor":16},{"not_picked":["theMarked:ChainLightning","theMarked:BanishingStrike"],"picked":"theMarked:DeterminationOfTheMarked+1","floor":18},{"not_picked":["theMarked:ElectricStrings","theMarked:Electrocute"],"picked":"theMarked:WardOff","floor":19},{"not_picked":["theMarked:Seal","theMarked:EnhancedHearing"],"picked":"theMarked:HeightenedSenses+1","floor":20},{"not_picked":["theMarked:Reabsorb+1","theMarked:SwordAndMagic","theMarked:ResourceFulStrike"],"picked":"SKIP","floor":21}],"player_experience":291868,"relics_obtained":[{"floor":1,"key":"LetterFromLob"},{"floor":6,"key":"theMarked:VonisonLock"},{"floor":9,"key":"Whetstone"},{"floor":10,"key":"Du-Vu Doll"},{"floor":14,"key":"hubris:OldNail"},{"floor":21,"key":"RedMistMask"}],"event_choices":[{"damage_healed":0,"gold_gain":0,"player_choice":"Rummage","damage_taken":0,"relics_obtained":["WarpedTongs"],"max_hp_gain":0,"max_hp_loss":0,"event_name":"Accursed Blacksmith","floor":4,"gold_loss":0,"cards_obtained":["Pain"]}],"is_beta":false,"boss_relics":[{"not_picked":["Empty Cage","SacredBark"],"picked":"beaked:SacredDeck"}],"items_purged_floors":[5],"is_endless":false,"potions_floor_spawned":[2,3,11,12,14,20],"killed_by":"Centurion and Healer","ascension_level":2}}