{"host":"avjwtc49fhlk6kym","time":1608677586,"event":{"mods":["AchievementEnabler","BaseMod","Better Match","Better Note","Better Third Choice","Colored Map","Colored Powertips","Displayed Cursed Tome","Highlight Path","Minty Spire (QoL Compilation)","Permanent Neow","Quick Restart","StSLib"],"gold_per_floor":[113,123,141,161,172,207,207,53,107,122,155,172,207,226,226,331,331,347,359,374,6,6,6,18,18,18,18,18,44,62,82,82,181,181,197,215,23,43,53,81,96,96,96,106,106,456,488,488,488,488],"floor_reached":51,"playtime":3542,"items_purged":["Strike_P","Strike_P"],"score":830,"play_id":"434807f7-7b9f-4c2e-97a4-6e8fd1d24a39","local_time":"20201222175306","is_ascension_mode":false,"campfire_choices":[{"data":"Establishment","floor":15.0,"key":"SMITH"},{"data":"Eruption","floor":23.0,"key":"SMITH"},{"data":"LessonLearned","floor":25.0,"key":"SMITH"},{"data":"ForeignInfluence","floor":27.0,"key":"SMITH"},{"data":"DeceiveReality","floor":32.0,"key":"SMITH"},{"floor":42,"key":"REST"},{"floor":45,"key":"REST"},{"data":"Mind Blast","floor":49,"key":"SMITH"}],"circlet_count":0,"master_deck":["Strike_P+1","Defend_P","Defend_P+1","Defend_P","Eruption+1","Vigilance","SandsOfTime","PathToVictory","Halt+1","FearNoEvil","FollowUp","BattleHymn+1","Establishment+1","ForeignInfluence+1","Consecrate","WheelKick","Sanctity","Wireheading","LessonLearned+1","JustLucky+1","BowlingBash","CrushJoints+1","Bandage Up","Protect","Defend_P","FollowUp+1","DeceiveReality+1","Wallop","ThirdEye+1","ConjureBlade+1","PathToVictory","Protect","Mind Blast+1","FollowUp+1","Evaluate+1","Swivel","Protect","Parasite","ThirdEye+1","ClearTheMind","Evaluate+1"],"relics":["PureWater","TungstenRod","Lee\u0027s Waffle","PreservedInsect","White Beast Statue","Anchor","SacredBark","Blood Vial","Ornamental Fan","Cursed Key","Pantograph","Frozen Egg 2","Old Coin","Dead Branch"],"acts_visited":["Exordium","TheCity","TheBeyond"],"potions_floor_usage":[38,39,40,41,44,46,47,50],"damage_taken":[{"damage":5.0,"enemies":"2 Louse","floor":1.0,"turns":3.0},{"damage":0.0,"enemies":"Cultist","floor":2.0,"turns":2.0},{"damage":3.0,"enemies":"Small Slimes","floor":3.0,"turns":4.0},{"damage":7.0,"enemies":"2 Fungi Beasts","floor":4.0,"turns":4.0},{"damage":0.0,"enemies":"Large Slime","floor":5.0,"turns":5.0},{"damage":0.0,"enemies":"Lagavulin","floor":6.0,"turns":4.0},{"damage":5.0,"enemies":"3 Louse","floor":10.0,"turns":2.0},{"damage":19.0,"enemies":"Gremlin Nob","floor":11.0,"turns":3.0},{"damage":3.0,"enemies":"Looter","floor":12.0,"turns":3.0},{"damage":2.0,"enemies":"3 Sentries","floor":13.0,"turns":4.0},{"damage":0.0,"enemies":"Blue Slaver","floor":14.0,"turns":2.0},{"damage":12.0,"enemies":"The Guardian","floor":16.0,"turns":11.0},{"damage":2.0,"enemies":"3 Byrds","floor":18.0,"turns":5.0},{"damage":0.0,"enemies":"Chosen","floor":19.0,"turns":4.0},{"damage":12.0,"enemies":"Snake Plant","floor":20.0,"turns":4.0},{"damage":5.0,"enemies":"3 Cultists","floor":24.0,"turns":4.0},{"damage":13.0,"enemies":"Book of Stabbing","floor":29.0,"turns":4.0},{"damage":0.0,"enemies":"Snecko","floor":30.0,"turns":3.0},{"damage":5.0,"enemies":"Snake Plant","floor":31.0,"turns":4.0},{"damage":45.0,"enemies":"Champ","floor":33.0,"turns":9.0},{"damage":19.0,"enemies":"3 Darklings","floor":35.0,"turns":5.0},{"damage":0.0,"enemies":"Orb Walker","floor":36.0,"turns":2.0},{"damage":8,"enemies":"Jaw Worm Horde","floor":38,"turns":5},{"damage":22,"enemies":"Spire Growth","floor":39,"turns":5},{"damage":33,"enemies":"Reptomancer","floor":40,"turns":5},{"damage":3,"enemies":"Transient","floor":41,"turns":5},{"damage":5,"enemies":"4 Shapes","floor":44,"turns":5},{"damage":2,"enemies":"Mind Bloom Boss Battle","floor":46,"turns":7},{"damage":20,"enemies":"Giant Head","floor":47,"turns":6},{"damage":62,"enemies":"Awakened One","floor":50,"turns":16}],"seed_played":"3422312078784248480","potions_obtained":[{"floor":1.0,"key":"Regen Potion"},{"floor":5.0,"key":"Strength Potion"},{"floor":11.0,"key":"Energy Potion"},{"floor":12.0,"key":"FearPotion"},{"floor":13.0,"key":"EssenceOfSteel"},{"floor":14.0,"key":"SteroidPotion"},{"floor":16.0,"key":"Swift Potion"},{"floor":18.0,"key":"Fire Potion"},{"floor":19.0,"key":"EntropicBrew"},{"floor":20.0,"key":"AttackPotion"},{"floor":24.0,"key":"Ambrosia"},{"floor":29.0,"key":"Swift Potion"},{"floor":30.0,"key":"Weak Potion"},{"floor":31.0,"key":"Swift Potion"},{"floor":33.0,"key":"BlessingOfTheForge"},{"floor":35.0,"key":"DuplicationPotion"},{"floor":36.0,"key":"Energy Potion"},{"floor":38,"key":"BlessingOfTheForge"},{"floor":39,"key":"EssenceOfSteel"},{"floor":40,"key":"Fruit Juice"},{"floor":41,"key":"Dexterity Potion"},{"floor":44,"key":"AttackPotion"},{"floor":46,"key":"BlessingOfTheForge"},{"floor":47,"key":"EssenceOfSteel"}],"is_trial":false,"path_per_floor":["M","M","M","M","M","E","?","$","T","M","E","M","E","M","R","B",null,"M","M","M","$","?","R","M","R","T","R","?","E","M","M","R","B",null,"M","M","$","M","M","E","M","R","T","M","R","?","E","?","R","B",null],"character_chosen":"WATCHER","items_purchased":["Lee\u0027s Waffle","Blood Vial","Bandage Up","Protect","Mind Blast"],"campfire_rested":2,"item_purchase_floors":[8,21,21,21,37],"current_hp_per_floor":[46,51,48,41,41,41,41,79,79,74,55,52,50,50,50,38,79,77,77,65,65,65,65,66,66,66,66,79,70,76,73,73,34,79,64,66,66,60,40,13,26,52,52,49,75,89,73,73,73,31],"gold":488,"neow_bonus":"TRANSFORM_TWO_CARDS","is_daily":false,"chose_seed":false,"campfire_upgraded":6,"win_rate":0.0,"timestamp":1608677586,"path_taken":["M","M","M","M","M","E","?","$","T","M","E","M","E","M","R","BOSS","M","?","M","$","?","R","?","R","T","R","?","E","M","M","R","BOSS","M","M","$","M","M","E","M","R","T","?","R","?","E","?","R","BOSS"],"items_purchased_type":["Relic","Relic","Card","Card","Card"],"build_version":"2020-12-13","purchased_purges":2,"victory":true,"max_hp_per_floor":[72,72,72,72,72,72,72,79,79,79,79,79,79,79,79,79,79,79,79,79,79,79,79,79,79,79,79,79,79,79,79,79,79,79,79,79,79,79,79,79,89,89,89,89,89,89,89,89,89,89],"card_choices":[{"not_picked":["Pray","ClearTheMind"],"picked":"Halt","floor":1.0},{"not_picked":["FollowUp","Study"],"picked":"FearNoEvil","floor":2.0},{"not_picked":["Halt","Prostrate"],"picked":"FollowUp","floor":3.0},{"not_picked":["FollowUp","Wireheading"],"picked":"BattleHymn","floor":4.0},{"not_picked":["CrushJoints","JustLucky"],"picked":"Establishment","floor":5.0},{"not_picked":["Ragnarok","Wireheading"],"picked":"ForeignInfluence","floor":6.0},{"not_picked":["JustLucky","PathToVictory"],"picked":"Consecrate","floor":10.0},{"not_picked":["ClearTheMind","Weave"],"picked":"WheelKick","floor":11.0},{"not_picked":["EmptyMind","Meditate"],"picked":"Sanctity","floor":12.0},{"not_picked":["EmptyFist","ThirdEye"],"picked":"Study","floor":13.0},{"not_picked":["EmptyFist","SignatureMove"],"picked":"Wireheading","floor":14.0},{"not_picked":["Alpha","DeusExMachina"],"picked":"LessonLearned","floor":16.0},{"not_picked":["Consecrate","Crescendo"],"picked":"JustLucky+1","floor":18.0},{"not_picked":["Vengeance+1","EmptyFist"],"picked":"BowlingBash","floor":19.0},{"not_picked":["SashWhip+1","BowlingBash"],"picked":"CrushJoints+1","floor":20.0},{"not_picked":["Sanctity+1","CrushJoints"],"picked":"FollowUp+1","floor":24.0},{"not_picked":["Crescendo","SignatureMove"],"picked":"DeceiveReality","floor":29.0},{"not_picked":["Blasphemy","ClearTheMind"],"picked":"Wallop","floor":30.0},{"not_picked":["Evaluate","Meditate"],"picked":"ThirdEye+1","floor":31.0},{"not_picked":["Ragnarok","Vault"],"picked":"ConjureBlade","floor":33.0},{"not_picked":["FollowUp","BattleHymn+1"],"picked":"PathToVictory","floor":35.0},{"not_picked":["Vengeance+1","TalkToTheHand+1"],"picked":"Protect","floor":36.0},{"not_picked":["EmptyBody+1","FlyingSleeves+1"],"picked":"FollowUp+1","floor":38},{"not_picked":["Perseverance+1","Vengeance+1"],"picked":"Evaluate+1","floor":39},{"not_picked":["BattleHymn","Indignation+1"],"picked":"Swivel","floor":40},{"not_picked":["Crescendo+1","Omniscience"],"picked":"Protect","floor":41},{"not_picked":["SignatureMove","Meditate"],"picked":"ThirdEye+1","floor":44},{"not_picked":["ThirdEye","CutThroughFate+1"],"picked":"ClearTheMind","floor":46},{"not_picked":["SashWhip","Ragnarok"],"picked":"Evaluate+1","floor":47}],"player_experience":355242,"relics_obtained":[{"floor":6.0,"key":"TungstenRod"},{"floor":9.0,"key":"PreservedInsect"},{"floor":11.0,"key":"White Beast Statue"},{"floor":13.0,"key":"Anchor"},{"floor":29.0,"key":"Ornamental Fan"},{"floor":40,"key":"Pantograph"},{"floor":43,"key":"Frozen Egg 2"},{"floor":46,"key":"Old Coin"},{"floor":47,"key":"Dead Branch"}],"event_choices":[{"damage_healed":0.0,"max_hp_gain":0.0,"max_hp_loss":0.0,"gold_gain":0.0,"event_name":"Upgrade Shrine","player_choice":"Upgraded","floor":7.0,"gold_loss":0.0,"damage_taken":0.0,"cards_upgraded":["BattleHymn"]},{"cards_removed":["Strike_P"],"damage_healed":0.0,"max_hp_gain":0.0,"max_hp_loss":0.0,"gold_gain":0.0,"event_name":"betterNote:BetterNote","player_choice":"Take \u0026 Give","floor":22.0,"gold_loss":0.0,"damage_taken":0.0,"cards_obtained":["Defend_P"]},{"cards_removed":["Study"],"damage_healed":13.0,"max_hp_gain":0.0,"max_hp_loss":0.0,"gold_gain":0.0,"event_name":"Bonfire Elementals","player_choice":"Offered Uncommon","floor":28.0,"gold_loss":0.0,"damage_taken":0.0},{"damage_healed":0,"gold_gain":0,"player_choice":"Fight","damage_taken":0,"max_hp_gain":0,"max_hp_loss":0,"event_name":"MindBloom","floor":46,"gold_loss":0},{"damage_healed":0,"gold_gain":0,"player_choice":"Ignored","damage_taken":0,"max_hp_gain":0,"max_hp_loss":0,"event_name":"Tomb of Lord Red Mask","floor":48,"gold_loss":0}],"is_beta":false,"boss_relics":[{"not_picked":["VioletLotus","Fusion Hammer"],"picked":"SacredBark"},{"not_picked":["Velvet Choker","Runic Pyramid"],"picked":"Cursed Key"}],"items_purged_floors":[21,37],"is_endless":false,"potions_floor_spawned":[1,5,11,12,13,14,16,18,19,20,24,29,30,31,33,35,36,38,39,40,41,44,46,47],"ascension_level":0}}