{"host":"yiap6yub505sf01z","time":1608636455,"event":{"mods":["BaseMod","BetterRewards","Downfall","Marisa£®ÏF”Í°°ƒß¿Ì…≥£©","Minty Spire (QoL Compilation)","Remilia£®¿Ÿ√◊¿Ú—«£©","Replay The Spire","Shop Mod","StSLib","The Servant 0.9.4","Youmu£®ªÍ∆«—˝√Œ£©"],"gold_per_floor":[99,113,123,123,8942,8967,8967,8987,9007,8069,8087,8087,8101,8120,8136,8237,8237,8162,8174,8187,7278,7278,7291,7291,7309,7309,6818,6846,6696,6723,6739,6749,6844,6844,6844,6864,6351,6366,6399,6424,6471,6471,6203,6222,6274,6286,6286,6299,6314,6314,6314,6341,5844,5844,5844],"floor_reached":56,"playtime":4708,"items_purged":[],"score":1357,"play_id":"f3fc7c98-98a1-458a-9029-3598d9adf7f8","local_time":"20201222192735","is_ascension_mode":false,"campfire_choices":[{"floor":12.0,"key":"RECALL"},{"data":"Apotheosis","floor":18.0,"key":"SMITH"},{"data":"Slimebound:MassRepurpose","floor":29,"key":"SMITH"},{"data":"Slimebound:DuplicatedForm","floor":35,"key":"SMITH"},{"data":"expansioncontent:QuickStudy","floor":47,"key":"SMITH"},{"floor":54,"key":"REST"}],"circlet_count":0,"master_deck":["Slimebound:Strike_Slimebound","Slimebound:Strike_Slimebound","Slimebound:Strike_Slimebound","Slimebound:Tackle","Slimebound:Defend_Slimebound","Slimebound:Defend_Slimebound","Slimebound:Defend_Slimebound","Slimebound:Defend_Slimebound","Slimebound:Split","Slimebound:CorrosiveSpit","Slimebound:RainOfGoop+1","Slimebound:RollThrough","Slimebound:SplitBruiser","Slimebound:Equalize","Slimebound:AcidTongue","Slimebound:SplitMire","Slimebound:GrowthPunch","expansioncontent:DashGenerateEvil+1","Jack Of All Trades","Slimebound:ViciousTackle","Slimebound:GoopSpray","Slimebound:ProtectTheBoss","Slimebound:LivingWall","Slimebound:ForwardTackle","Pot Of Greed","Pot Of Greed","Pot Of Greed","Slimebound:MinionMaster","Apotheosis+1","Purity","Slimebound:Prepare","Slimebound:RallyTheTroops","Slimebound:SlimeTap","Slimebound:SpikyOuterGoop","Slimebound:SlimeTap","Slimebound:MassRepurpose+1","Slimebound:SplitBruiser+1","Slimebound:LeechingTouch","Slimebound:SpikyOuterGoop","Pot Of Greed","expansioncontent:QuickStudy+1","expansioncontent:Sear","Slimebound:SamplingLick","Slimebound:SplitAcid+1","Slimebound:FinishingTackle","Metamorphosis","expansioncontent:Flail","Slimebound:SplitBruiser","Slimebound:SplitMire","Slimebound:SplitMire","Slimebound:GrowthPunch","Slimebound:Gluttony+1","Pot Of Greed","Slimebound:AcidTongue","Slimebound:SplitLeeching+1","Slimebound:DuplicatedForm+1","Slimebound:SamplingLick+1","Slimebound:Overexert","Secret Weapon","Replay:SS_fish_3","Slimebound:Dissolve+1","Slimebound:GrowthPunch","Slimebound:LevelUp+1","Slimebound:SplitLeeching+1","Slimebound:DuplicatedForm+1","Pot Of Greed","Slimebound:SplitMire+1","Slimebound:SplitAcid+1","Slimebound:SplitAcid","Slimebound:SplitLeeching+1","Slimebound:RollThrough+1","Slimebound:SplitMire+1","Slimebound:SpikyOuterGoop+1","Slimebound:SamplingLick+1","Slimebound:Equalize","Slimebound:RollThrough+1","Slimebound:SplitMire","Transmutation","Pot Of Greed","Slimebound:OneTwoCombo","Slimebound:SplitMire","Slimebound:LeadByExample+1","Slimebound:LeechEnergy","Slimebound:LeechEnergy"],"relics":["Slimebound:AbsorbEndCombat","Toy Ornithopter","Boot","Lee\u0027s Waffle","MerchantsRug","Replay:Kaleidoscope","Replay:Bottled Steam","Replay:Mystery Machine","Grinning Jar","Guide Book","Black Star","downfall:HeartBlessingRed","Pantograph","StoneCalendar","Membership Card","Nunchaku","TungstenRod","ClockworkSouvenir","Torii","Blue Doll","downfall:HeartBlessingBlue","downfall:HeartBlessingGreen","Oddly Smooth Stone","Sozu","Eternal Feather","Darkstone Periapt","Chemical X","Replay:Wax Seal","Replay:Multitool","Simple Rune","Juzu Bracelet","ReplayTheSpireMod:Shallot","Orrery","CatCart","Blood Vial","Pet Ghost","Iron Hammer","Replay:Ringing Soul","Strange Spoon"],"acts_visited":["Exordium","TheCity","TheBeyond","TheEnding"],"potions_floor_usage":[45,50,50],"damage_taken":[{"damage":4.0,"enemies":"Small Slimes","floor":2.0,"turns":3.0},{"damage":8.0,"enemies":"Cultist","floor":3.0,"turns":3.0},{"damage":4.0,"enemies":"downfall:FleeingMerchant","floor":5.0,"turns":1.0},{"damage":48.0,"enemies":"3 Sentries","floor":6.0,"turns":6.0},{"damage":4.0,"enemies":"2 Louse","floor":8.0,"turns":3.0},{"damage":10.0,"enemies":"Blue Slaver","floor":9.0,"turns":3.0},{"damage":32.0,"enemies":"Exordium Thugs","floor":11.0,"turns":5.0},{"damage":48.0,"enemies":"Lots of Slimes","floor":13.0,"turns":4.0},{"damage":13.0,"enemies":"Large Slime","floor":14.0,"turns":5.0},{"damage":4.0,"enemies":"Exordium Wildlife","floor":15.0,"turns":1.0},{"damage":60.0,"enemies":"downfall:Watcher","floor":16.0,"turns":10.0},{"damage":21.0,"enemies":"Shell Parasite","floor":19.0,"turns":4.0},{"damage":4.0,"enemies":"Chosen","floor":20.0,"turns":3.0},{"damage":34.0,"enemies":"Centurion and Healer","floor":23.0,"turns":6.0},{"damage":68.0,"enemies":"Sentry and Sphere","floor":25.0,"turns":7.0},{"damage":58,"enemies":"Gremlin Leader","floor":28,"turns":6},{"damage":12,"enemies":"Snake Plant","floor":31,"turns":5},{"damage":6,"enemies":"Snecko","floor":32,"turns":5},{"damage":19,"enemies":"downfall:Defect","floor":33,"turns":7},{"damage":35,"enemies":"3 Darklings","floor":36,"turns":3},{"damage":27,"enemies":"3 Shapes","floor":38,"turns":3},{"damage":15,"enemies":"Maw","floor":39,"turns":6},{"damage":72,"enemies":"Reptomancer","floor":40,"turns":7},{"damage":29,"enemies":"4 Shapes","floor":44,"turns":6},{"damage":79,"enemies":"Orin","floor":45,"turns":9},{"damage":19,"enemies":"Spire Growth","floor":46,"turns":5},{"damage":45,"enemies":"Jaw Worm Horde","floor":48,"turns":5},{"damage":37,"enemies":"Sphere and 2 Shapes","floor":49,"turns":5},{"damage":128,"enemies":"downfall:Silent","floor":50,"turns":11},{"damage":140,"enemies":"downfall:CharBossMerchant","floor":52,"turns":9},{"damage":88,"enemies":"downfall:NeowBoss","floor":55,"turns":18}],"seed_played":"-8928268465399167496","potions_obtained":[{"floor":3.0,"key":"BlessingOfTheForge"},{"floor":4.0,"key":"EssenceOfSteel"},{"floor":4.0,"key":"Fire Potion"},{"floor":11.0,"key":"SkillPotion"},{"floor":23.0,"key":"Block Potion"},{"floor":31,"key":"Reflective Coating"},{"floor":32,"key":"Reflective Coating"}],"is_trial":false,"path_per_floor":["R","M","M","?","$","E","T","M","M","$","M","R","M","M","M","B",null,"R","M","M","$","?","M","T","M","?","$","E","R","T","M","M","B",null,"R","M","$","M","M","E","T","?","$","M","?","M","R","M","M","B",null,"E","$","R","B",null],"character_chosen":"SLIMEBOUND","items_purchased":["Slimebound:AcidTongue","Slimebound:SplitMire","Slimebound:GrowthPunch","expansioncontent:DashGenerateEvil","Jack Of All Trades","Toy Ornithopter","Boot","Lee\u0027s Waffle","Slimebound:ViciousTackle","Slimebound:GoopSpray","MerchantsRug","Replay:Mystery Machine","Grinning Jar","Guide Book","Slimebound:MinionMaster","Apotheosis","Purity","Slimebound:Prepare","Pantograph","StoneCalendar","Membership Card","Slimebound:SpikyOuterGoop","expansioncontent:QuickStudy","expansioncontent:Sear","Slimebound:SamplingLick","Nunchaku","TungstenRod","ClockworkSouvenir","Metamorphosis","expansioncontent:Flail","Slimebound:SplitBruiser","Slimebound:SplitMire","Slimebound:GrowthPunch","Eternal Feather","Darkstone Periapt","Chemical X","Slimebound:Overexert","Secret Weapon","Replay:SS_fish_3","Slimebound:Dissolve+1","Juzu Bracelet","ReplayTheSpireMod:Shallot","Orrery","Iron Hammer","Replay:Ringing Soul","Strange Spoon","Transmutation","Slimebound:OneTwoCombo","Slimebound:SplitMire","Slimebound:LeadByExample+1","Slimebound:LeechEnergy"],"campfire_rested":1,"item_purchase_floors":[5,5,5,5,5,5,5,5,5,5,5,10,10,10,10,10,10,10,21,21,21,21,21,21,21,27,27,27,27,27,27,27,27,37,37,37,37,37,37,37,43,43,43,53,53,53,53,53,53,53,53],"current_hp_per_floor":[60,60,60,60,67,57,57,65,67,67,61,61,41,40,40,31,67,67,62,66,66,66,61,61,29,29,29,67,77,77,77,77,77,77,77,66,66,59,77,48,48,48,48,55,37,58,77,70,77,54,77,10,13,80,70],"gold":5844,"neow_bonus":"ONE_RANDOM_RARE_CARD","is_daily":false,"chose_seed":false,"campfire_upgraded":4,"win_rate":0.0,"timestamp":1608636455,"path_taken":["R","M","M","?","$","E","T","M","M","$","M","R","M","?","M","BOSS","R","M","M","$","?","M","T","M","?","$","E","R","?","M","M","BOSS","R","M","$","M","M","E","T","?","$","M","?","M","R","M","M","BOSS","E","$","R","BOSS"],"items_purchased_type":["Card","Card","Card","Card","Card","Relic","Relic","Relic","Card","Card","Relic","Relic","Relic","Relic","Card","Card","Card","Card","Relic","Relic","Relic","Card","Card","Card","Card","Relic","Relic","Relic","Card","Card","Card","Card","Card","Relic","Relic","Relic","Card","Card","Card","Card","Relic","Relic","Relic","Relic","Relic","Relic","Card","Card","Card","Card","Card"],"build_version":"2020-12-13","purchased_purges":0,"victory":true,"max_hp_per_floor":[60,60,60,60,67,67,67,67,67,67,67,67,67,67,67,67,67,67,67,67,67,67,67,67,67,67,67,67,77,77,77,77,77,77,77,77,77,77,77,77,77,77,77,77,77,77,77,77,77,77,77,77,80,80,80],"card_choices":[{"not_picked":["Slimebound:FormOfPuddle","Slimebound:SamplingLick"],"picked":"Slimebound:RollThrough","floor":2.0},{"not_picked":["Slimebound:PressTheAttack","Slimebound:ServeAndProtect"],"picked":"Slimebound:SplitBruiser","floor":3.0},{"not_picked":["Slimebound:Schlurp","Slimebound:ComboTackle"],"picked":"Slimebound:Equalize","floor":5.0},{"not_picked":["Slimebound:Dissolve","Slimebound:Chomp"],"picked":"Slimebound:ProtectTheBoss","floor":6.0},{"not_picked":["Slimebound:DisruptingSlam","Slimebound:ItLooksTasty"],"picked":"Slimebound:LivingWall","floor":8.0},{"not_picked":["Slimebound:SlimeSpikes","Slimebound:RollThrough"],"picked":"Slimebound:ForwardTackle","floor":9.0},{"not_picked":["Slimebound:LeechEnergy","Slimebound:SplitBruiser"],"picked":"Slimebound:RallyTheTroops","floor":11.0},{"not_picked":["Slimebound:ViciousTackle","Slimebound:SplitLeeching"],"picked":"Slimebound:SlimeTap","floor":13.0},{"not_picked":["Slimebound:FinishingTackle","Slimebound:Gluttony"],"picked":"Slimebound:SpikyOuterGoop","floor":14.0},{"not_picked":["Slimebound:ComboTackle","Slimebound:PressTheAttack"],"picked":"Slimebound:SlimeTap","floor":15.0},{"not_picked":["Slimebound:Overexert","Slimebound:OozeBath"],"picked":"Slimebound:MassRepurpose","floor":16.0},{"not_picked":["Slimebound:HauntingLick","Slimebound:Schlurp"],"picked":"Slimebound:SplitBruiser+1","floor":19.0},{"not_picked":["Slimebound:Repurpose","Slimebound:HauntingLick"],"picked":"Slimebound:LeechingTouch","floor":20.0},{"not_picked":["Slimebound:LeechingTouch","Slimebound:Dissolve+1"],"picked":"Slimebound:SplitAcid+1","floor":23.0},{"not_picked":["Slimebound:PressTheAttack","Slimebound:ComboTackle"],"picked":"Slimebound:FinishingTackle","floor":25.0},{"not_picked":["Slimebound:Chomp+1","Slimebound:RallyTheTroops"],"picked":"Slimebound:Gluttony+1","floor":28},{"not_picked":["Slimebound:DivideAndConquer","Slimebound:SlimeSpikes"],"picked":"Slimebound:AcidTongue","floor":31},{"not_picked":["Slimebound:LeechingTouch","Slimebound:GoopSpray"],"picked":"Slimebound:SplitLeeching+1","floor":32},{"not_picked":["Slimebound:Overexert","Slimebound:SlimeSlap"],"picked":"Slimebound:DuplicatedForm","floor":33},{"not_picked":["Slimebound:PressTheAttack","Slimebound:GoopSpray"],"picked":"Slimebound:SamplingLick+1","floor":36},{"not_picked":["Slimebound:ServeAndProtect+1","Slimebound:LeechingTouch"],"picked":"Slimebound:GrowthPunch","floor":38},{"not_picked":["Slimebound:ServeAndProtect+1","Slimebound:Chomp+1"],"picked":"Slimebound:LevelUp+1","floor":39},{"not_picked":["Slimebound:GoopTackle","Slimebound:MassRepurpose"],"picked":"Slimebound:SplitLeeching+1","floor":40},{"not_picked":["Slimebound:Grow+1","Slimebound:AcidTongue"],"picked":"Slimebound:SplitMire+1","floor":43},{"not_picked":["Slimebound:FinishingTackle+1","Slimebound:Prepare+1"],"picked":"Slimebound:SplitAcid+1","floor":43},{"not_picked":["Slimebound:MegaLick","Slimebound:ViciousTackle"],"picked":"Slimebound:SplitAcid","floor":43},{"not_picked":["Slimebound:FinishingTackle","Slimebound:FlameTackle"],"picked":"Slimebound:SplitLeeching+1","floor":43},{"not_picked":["Slimebound:SamplingLick","Slimebound:ServeAndProtect"],"picked":"Slimebound:RollThrough+1","floor":43},{"not_picked":["Slimebound:SplitAcid","Slimebound:SlimeSlap"],"picked":"Slimebound:SplitMire+1","floor":44},{"not_picked":["Slimebound:ViciousTackle+1","Slimebound:RainOfGoop"],"picked":"Slimebound:SpikyOuterGoop+1","floor":45},{"not_picked":["Slimebound:ViciousTackle+1","Slimebound:DivideAndConquer"],"picked":"Slimebound:SamplingLick+1","floor":46},{"not_picked":["Slimebound:GoopSpray+1","Slimebound:DuplicatedForm"],"picked":"Slimebound:Equalize","floor":48},{"not_picked":["Slimebound:Dissolve","Slimebound:ComboTackle"],"picked":"Slimebound:RollThrough+1","floor":49},{"not_picked":["Slimebound:RainOfGoop","Slimebound:SpikyOuterGoop+1"],"picked":"Slimebound:SplitMire","floor":52}],"player_experience":22902,"relics_obtained":[{"floor":6.0,"key":"Replay:Kaleidoscope"},{"floor":7.0,"key":"Replay:Bottled Steam"},{"floor":28,"key":"Torii"},{"floor":28,"key":"Blue Doll"},{"floor":30,"key":"Oddly Smooth Stone"},{"floor":40,"key":"Replay:Wax Seal"},{"floor":40,"key":"Replay:Multitool"},{"floor":41,"key":"Simple Rune"},{"floor":45,"key":"CatCart"},{"floor":52,"key":"Blood Vial"},{"floor":52,"key":"Pet Ghost"}],"event_choices":[{"damage_healed":0.0,"max_hp_gain":0.0,"max_hp_loss":0.0,"gold_gain":0.0,"event_name":"Lab","player_choice":"Got Potions","floor":4.0,"gold_loss":0.0,"damage_taken":0.0},{"damage_healed":0.0,"max_hp_gain":0.0,"max_hp_loss":0.0,"gold_gain":0.0,"event_name":"Vampires","player_choice":"Ignored","floor":22.0,"gold_loss":0.0,"damage_taken":0.0},{"damage_healed":0.0,"max_hp_gain":0.0,"max_hp_loss":0.0,"gold_gain":0.0,"event_name":"Back to Basics","player_choice":"Simplicity","floor":26.0,"gold_loss":0.0,"damage_taken":0.0,"cards_upgraded":["Slimebound:Strike_Slimebound","Slimebound:Strike_Slimebound","Slimebound:Strike_Slimebound","Slimebound:Defend_Slimebound","Slimebound:Defend_Slimebound","Slimebound:Defend_Slimebound","Slimebound:Defend_Slimebound"]},{"damage_healed":0,"gold_gain":0,"player_choice":"Copied","damage_taken":0,"max_hp_gain":0,"max_hp_loss":0,"event_name":"Duplicator","floor":42,"gold_loss":0,"cards_obtained":["Slimebound:DuplicatedForm"]},{"damage_healed":0,"gold_gain":0,"player_choice":"Fight","damage_taken":0,"max_hp_gain":0,"max_hp_loss":0,"event_name":"OrinTheCat","floor":45,"gold_loss":0}],"is_beta":false,"boss_relics":[{"not_picked":["Honey Jar","Empty Cage"],"picked":"Black Star"},{"not_picked":["Slimebound:TarBlob","Painkiller Herb"],"picked":"Sozu"}],"items_purged_floors":[],"is_endless":false,"potions_floor_spawned":[3,6,11,14,15,23,31,32,36,39,48,52],"ascension_level":0}}