{"host":"5ygm0jh81n7e92ft","time":1608670164,"event":{"mods":["AchievementEnabler","BaseMod","BetterRewards","Colored Map","Colored Powertips","Conspire","Duelist Mod","KomeijiMod","Minty Spire (QoL Compilation)","Quick Restart","StSLib","SuperFastMode","The Bug Knight"],"gold_per_floor":[145,160,174,249,267,293,293,308,353,407,427,437,466,484,484,597,597,616,645,671,701,730,730,756,756,756,787,787,813,843,867,867,867,867],"floor_reached":33,"playtime":2653,"items_purged":[],"score":400,"play_id":"a6af3228-9139-4bb0-81ef-60679cffbc56","local_time":"20201222154924","is_ascension_mode":false,"campfire_choices":[{"data":"theDuelist:WingedDragonRa","floor":7,"key":"SMITH"},{"floor":15,"key":"REST"},{"data":"theDuelist:HorusServant","floor":23,"key":"SMITH"},{"floor":25,"key":"REST"},{"data":"theDuelist:OceanDragonLord","floor":28,"key":"SMITH"},{"floor":32,"key":"REST"}],"circlet_count":0,"master_deck":["theDuelist:BabyDragon","theDuelist:CastleWalls","theDuelist:CastleWalls","theDuelist:CaveDragon","theDuelist:CaveDragon","theDuelist:LesserDragon","theDuelist:LesserDragon","theDuelist:Sparks","theDuelist:Sparks","theDuelist:YamataDragon","theDuelist:BarrelDragon","theDuelist:DragonMastery","theDuelist:DragonCaptureJar","theDuelist:WingedDragonRa+1","theDuelist:BlueEyes","theDuelist:Hinotama","theDuelist:Lancephorhynchus","theDuelist:HorusServant+1","theDuelist:GaiaDragonChamp","theDuelist:DragonTreasure","theDuelist:BlackBrachios","theDuelist:BlasterDragonInfernos","theDuelist:TotemDragon+1","theDuelist:DarkfireDragon","theDuelist:TyrantWing","theDuelist:OceanDragonLord+1","theDuelist:RedEyes+1","theDuelist:SeismicShockwave","theDuelist:Mausoleum","theDuelist:EvilMind","theDuelist:DefenseDraw+1","theDuelist:SeismicShockwave+1","theDuelist:TwinBarrelDragon"],"relics":["theDuelist:MillenniumPuzzle","theDuelist:CardPoolRelic","theDuelist:CardPoolBasicRelic","theDuelist:BoosterPackPoolRelic","theDuelist:CardPoolAddRelic","theDuelist:CardPoolMinusRelic","theDuelist:CardPoolSaveRelic","theDuelist:CardPoolOptionsRelic","Bronze Scales","theDuelist:MillenniumArmor","theDuelist:SpellMaxHPRelic","Champion Belt","conspire:IceCreamScoop","Eternal Feather","theDuelist:ElectricKey","Dream Catcher","Lantern","HollowMod:StagPassRelic"],"acts_visited":["Exordium","TheCity"],"potions_floor_usage":[10,10,10,24,30,33],"damage_taken":[{"damage":0,"enemies":"Cultist","floor":1,"turns":2},{"damage":4,"enemies":"Small Slimes","floor":2,"turns":3},{"damage":5,"enemies":"2 Louse","floor":3,"turns":3},{"damage":0,"enemies":"2 Fungi Beasts","floor":5,"turns":4},{"damage":23,"enemies":"Gremlin Nob","floor":6,"turns":4},{"damage":1,"enemies":"Exordium Thugs","floor":8,"turns":3},{"damage":0,"enemies":"Exordium Thugs","floor":10,"turns":11},{"damage":0,"enemies":"Red Slaver","floor":11,"turns":3},{"damage":0,"enemies":"2 Fungi Beasts","floor":12,"turns":3},{"damage":24,"enemies":"Lagavulin","floor":13,"turns":8},{"damage":0,"enemies":"3 Louse","floor":14,"turns":2},{"damage":10,"enemies":"Hexaghost","floor":16,"turns":7},{"damage":4,"enemies":"Shell Parasite","floor":18,"turns":5},{"damage":16,"enemies":"Spheric Guardian","floor":19,"turns":4},{"damage":1,"enemies":"Snecko","floor":20,"turns":7},{"damage":0,"enemies":"Centurion and Healer","floor":21,"turns":7},{"damage":46,"enemies":"Sentry and Sphere","floor":22,"turns":8},{"damage":0,"enemies":"theDuelist:KaibaA2","floor":24,"turns":6},{"damage":0,"enemies":"Book of Stabbing","floor":27,"turns":2},{"damage":18,"enemies":"Snecko","floor":29,"turns":4},{"damage":47,"enemies":"Gremlin Leader","floor":30,"turns":6},{"damage":7,"enemies":"Snake Plant","floor":31,"turns":3},{"damage":70,"enemies":"Automaton","floor":33,"turns":6}],"seed_played":"2069606378327352022","potions_obtained":[{"floor":1,"key":"theDuelist:VoidBottle"},{"floor":2,"key":"theDuelist:VampireVial"},{"floor":5,"key":"PowerPotion"},{"floor":14,"key":"ExcitationPotion"},{"floor":16,"key":"theDuelist:DragonfirePotion"},{"floor":20,"key":"LiquidMemories"},{"floor":24,"key":"SpeedPotion"},{"floor":29,"key":"theDuelist:SealedPackB"},{"floor":30,"key":"theDuelist:FlamingBottle"}],"is_trial":false,"path_per_floor":["M","M","M","?","M","E","R","M","T","?","M","M","E","M","R","B",null,"M","M","M","M","M","R","E","R","T","E","R","M","E","M","R","B"],"character_chosen":"THE_DUELIST","items_purchased":[],"campfire_rested":3,"item_purchase_floors":[],"current_hp_per_floor":[88,84,79,68,68,45,45,44,44,44,44,44,21,21,59,49,89,85,69,68,68,22,37,37,78,78,79,90,73,26,19,64,0,0],"gold":867,"neow_bonus":"TEN_PERCENT_HP_BONUS","is_daily":false,"chose_seed":false,"campfire_upgraded":3,"win_rate":0.0,"timestamp":1608670164,"path_taken":["M","M","M","?","M","E","R","M","T","?","M","M","E","M","R","BOSS","M","M","M","M","M","R","E","R","T","E","R","M","E","M","R","BOSS"],"items_purchased_type":[],"build_version":"2020-12-13","purchased_purges":0,"victory":false,"max_hp_per_floor":[88,88,88,88,88,88,88,88,88,88,88,88,89,89,89,89,89,89,89,89,89,89,89,89,89,89,90,90,91,91,91,91,91,91],"card_choices":[{"not_picked":["theDuelist:MadFlameKaiju","theDuelist:GiantRex","theDuelist:BlackTyranno","theDuelist:BlackStego"],"picked":"theDuelist:BarrelDragon","floor":1},{"not_picked":["theDuelist:OceanDragonLord","theDuelist:GaiaDragonChamp","theDuelist:ChimeratechOverdragon","theDuelist:BSkullDragon"],"picked":"theDuelist:DragonMastery","floor":2},{"not_picked":["theDuelist:WhiteHowling","theDuelist:VolcanicEruption","theDuelist:CyberneticRevolution","theDuelist:CastleDragonSouls"],"picked":"theDuelist:DragonCaptureJar","floor":3},{"not_picked":["theDuelist:Scapegoat","theDuelist:FiveHeaded","theDuelist:CyberDragonInfinity","theDuelist:ArmageddonDragonEmp"],"picked":"theDuelist:WingedDragonRa","floor":5},{"not_picked":["theDuelist:Pyrorex","theDuelist:Kabazauls","theDuelist:MaskedDragon","theDuelist:BlackStego"],"picked":"theDuelist:BlueEyes","floor":6},{"not_picked":["theDuelist:BattleguardKing","theDuelist:BigFire","theDuelist:RainbowOverdragon","theDuelist:SmashingGround"],"picked":"theDuelist:Hinotama","floor":8},{"not_picked":["theDuelist:MadFlameKaiju","theDuelist:Frostosaurus","theDuelist:Anthrosaurus"],"picked":"theDuelist:Lancephorhynchus","floor":10},{"not_picked":["theDuelist:LesserDragon","theDuelist:Hydrogeddon","theDuelist:CloudianGhost","theDuelist:BusterDrake"],"picked":"theDuelist:HorusServant","floor":11},{"not_picked":["theDuelist:Beatraptor","theDuelist:CyberDragon","theDuelist:BlizzardDragon","theDuelist:BeserkDragon"],"picked":"theDuelist:GaiaDragonChamp","floor":12},{"not_picked":["theDuelist:WhiteHornDragon","theDuelist:SystemDown","theDuelist:AutorokketDragon"],"picked":"theDuelist:DragonTreasure","floor":13},{"not_picked":["theDuelist:TrihornedDragon","theDuelist:Kabazauls","theDuelist:BlackPtera","theDuelist:CyberTwinDragon"],"picked":"theDuelist:BlackBrachios","floor":14},{"not_picked":["theDuelist:SurvivalFittest","theDuelist:OceanDragonLord","theDuelist:DoomkaiserDragon","theDuelist:CyberDragonInfinity"],"picked":"theDuelist:BlasterDragonInfernos","floor":16},{"not_picked":["theDuelist:SystemDown+1","theDuelist:DragonMirror+1","theDuelist:LostWorld+1","theDuelist:CyberLaserDragon+1"],"picked":"theDuelist:TotemDragon+1","floor":18},{"not_picked":["theDuelist:LavaDragon","theDuelist:HazyFlameHydra","theDuelist:CyberEltanin","theDuelist:OceanDragonLord"],"picked":"theDuelist:DarkfireDragon","floor":19},{"not_picked":["theDuelist:FireDarts","theDuelist:CyberneticOverflow","theDuelist:CastleDragonSouls","theDuelist:BurstBreath"],"picked":"theDuelist:TyrantWing","floor":20},{"not_picked":["theDuelist:BusterBladerDDS","theDuelist:BlueDuston","theDuelist:BlasterDragonInfernos","theDuelist:ArmedProtectorDragon"],"picked":"theDuelist:OceanDragonLord","floor":21},{"not_picked":["theDuelist:Pyrorex","theDuelist:DarkHorus","theDuelist:WhiteNightDragon","theDuelist:StampingDestruction"],"picked":"theDuelist:RedEyes+1","floor":22},{"not_picked":["theDuelist:MythicWaterDragon","theDuelist:BarrelDragon+1"],"picked":"theDuelist:SeismicShockwave","floor":24},{"not_picked":["theDuelist:BigFire","theDuelist:DarkFactory","theDuelist:RainbowOverdragon","theDuelist:BlackPendant"],"picked":"theDuelist:Mausoleum","floor":27},{"not_picked":["theDuelist:BlackStego+1","theDuelist:VolcanicEruption","theDuelist:BlackVeloci","theDuelist:SuperStridentBlaze"],"picked":"theDuelist:EvilMind","floor":29},{"not_picked":["theDuelist:YamataDragon","theDuelist:CloudianGhost+1","theDuelist:SphereChaos","theDuelist:WaterDragonCluster"],"picked":"theDuelist:DefenseDraw+1","floor":30},{"not_picked":["theDuelist:WaterDragon","theDuelist:OceanDragonLord","theDuelist:BlueDuston","theDuelist:BerserkScales"],"picked":"theDuelist:SeismicShockwave+1","floor":31},{"not_picked":["theDuelist:SafeZone","theDuelist:VeilDarkness"],"picked":"theDuelist:TwinBarrelDragon","floor":32}],"player_experience":119273,"relics_obtained":[{"floor":6,"key":"Bronze Scales"},{"floor":9,"key":"theDuelist:MillenniumArmor"},{"floor":10,"key":"theDuelist:SpellMaxHPRelic"},{"floor":10,"key":"Champion Belt"},{"floor":10,"key":"conspire:IceCreamScoop"},{"floor":13,"key":"Eternal Feather"},{"floor":24,"key":"Dream Catcher"},{"floor":27,"key":"Lantern"},{"floor":30,"key":"HollowMod:StagPassRelic"}],"event_choices":[{"damage_healed":0,"gold_gain":75,"player_choice":"Gather Gold","damage_taken":11,"max_hp_gain":0,"max_hp_loss":0,"event_name":"World of Goop","floor":4,"gold_loss":0},{"damage_healed":0,"gold_gain":0,"player_choice":"Fight","duelist":true,"damage_taken":0,"max_hp_gain":0,"max_hp_loss":0,"event_name":"Battle City","floor":10,"gold_loss":0}],"is_beta":false,"boss_relics":[{"not_picked":["Snecko Eye","SacredBark"],"picked":"theDuelist:ElectricKey"}],"items_purged_floors":[],"is_endless":false,"potions_floor_spawned":[1,2,5,8,14,16,20,21,22,24,29,30],"killed_by":"Automaton","ascension_level":0}}