{"host":"igi9xpgoc000gxf5","time":1608675817,"event":{"mods":["BaseMod","Colored Powertips","Downfall","Googly Eyes","Minty Spire (QoL Compilation)","StSLib"],"gold_per_floor":[99,109,121,27,40,75,98,114,39,49,49,49,60,75,90,188,188,113,113,213,213,228,153,226,226,246,118,128,143,143,155,171,271,271,271,271,271,289,289,306,329,329,329,45,57,73,73,5,24,24,24,24,24,24],"floor_reached":52,"playtime":2943,"items_purged":["Shame"],"score":658,"play_id":"2e9fd730-1d23-4d46-b577-40ccb3ff732c","local_time":"20201222232337","is_ascension_mode":false,"campfire_choices":[{"floor":1,"key":"RECALL"},{"floor":9,"key":"REST"},{"floor":12,"key":"REST"},{"data":"Slimebound:Darklings","floor":18,"key":"SMITH"},{"floor":23,"key":"REST"},{"data":"Slimebound:MegaLick","floor":25,"key":"SMITH"},{"data":"Slimebound:Overexert","floor":30,"key":"SMITH"},{"data":"Slimebound:Teamwork","floor":35,"key":"SMITH"},{"data":"Slimebound:SplitSpecialist","floor":42,"key":"SMITH"},{"floor":47,"key":"REST"}],"circlet_count":0,"master_deck":["Slimebound:Strike_Slimebound","Slimebound:Strike_Slimebound","Slimebound:Tackle","Slimebound:Defend_Slimebound","Slimebound:Defend_Slimebound","Slimebound:Defend_Slimebound","Slimebound:Split","Slimebound:CorrosiveSpit","Slimebound:SplitBruiser","Slimebound:RollThrough","Slimebound:SelfFormingGoo","Slimebound:MegaLick","Slimebound:RollThrough","Slimebound:AcidTongue","Slimebound:RollThrough","Slimebound:LeechEnergy","Slimebound:ProtectTheBoss","Slimebound:SlimeTap","Slimebound:LeechLife","Slimebound:RainOfGoop","Slimebound:Darklings+1","Slimebound:OozeBath","Slimebound:DisruptingSlam","J.A.X.","Slimebound:GoopSpray+1","Slimebound:MegaLick+1","Slimebound:Gluttony+1","Slimebound:Repurpose","Slimebound:Overexert+1","Slimebound:LevelUp","Slimebound:SplitAcid+1","Slimebound:SplitBruiser+1","Slimebound:SplitSpecialist+1","Slimebound:Grow+1","Slimebound:Teamwork+1","Slimebound:SplitSpecialist+1","Slimebound:SamplingLick+1","hexamod:AdvancingGuard","Slimebound:OneTwoCombo","Slimebound:LeadByExample","Slimebound:TongueLash","Slimebound:FinishingTackle","Slimebound:LeechingTouch+1","Slimebound:FormOfPuddle","Slimebound:LivingWall","Slimebound:SplitSpecialist"],"relics":["Slimebound:AbsorbEndCombat","Bronze Scales","Anchor","downfall:HeartBlessingBlue","Philosopher\u0027s Stone","downfall:HeartBlessingRed","Orichalcum","MutagenicStrength","downfall:HeartBlessingGreen","Ornamental Fan","SlaversCollar","The Courier","Vajra","Incense Burner","Meat on the Bone"],"acts_visited":["Exordium","TheCity","TheBeyond","TheEnding"],"potions_floor_usage":[6,6,20,28,33,44,44,50,50,50],"damage_taken":[{"damage":8,"enemies":"Cultist","floor":2,"turns":4},{"damage":9,"enemies":"2 Louse","floor":3,"turns":3},{"damage":9,"enemies":"downfall:FleeingMerchant","floor":4,"turns":4},{"damage":11,"enemies":"Jaw Worm","floor":5,"turns":3},{"damage":41,"enemies":"3 Sentries","floor":6,"turns":4},{"damage":23,"enemies":"Red Slaver","floor":8,"turns":4},{"damage":15,"enemies":"Lots of Slimes","floor":10,"turns":3},{"damage":34,"enemies":"Large Slime","floor":13,"turns":5},{"damage":8,"enemies":"2 Fungi Beasts","floor":14,"turns":3},{"damage":5,"enemies":"Red Slaver","floor":15,"turns":3},{"damage":66,"enemies":"downfall:Watcher","floor":16,"turns":9},{"damage":70,"enemies":"downfall:Augmenter","floor":20,"turns":6},{"damage":4,"enemies":"3 Byrds","floor":22,"turns":2},{"damage":35,"enemies":"Shell Parasite","floor":26,"turns":4},{"damage":31,"enemies":"downfall:FleeingMerchant","floor":27,"turns":4},{"damage":29,"enemies":"Centurion and Healer","floor":28,"turns":4},{"damage":22,"enemies":"Cultist and Chosen","floor":29,"turns":3},{"damage":27,"enemies":"Snake Plant","floor":31,"turns":3},{"damage":54,"enemies":"Sentry and Sphere","floor":32,"turns":4},{"damage":36,"enemies":"downfall:Defect","floor":33,"turns":4},{"damage":6,"enemies":"3 Shapes","floor":38,"turns":3},{"damage":15,"enemies":"3 Darklings","floor":40,"turns":2},{"damage":51,"enemies":"downfall:FleeingMerchant","floor":44,"turns":4},{"damage":27,"enemies":"Spire Growth","floor":45,"turns":4},{"damage":21,"enemies":"Writhing Mass","floor":46,"turns":4},{"damage":8,"enemies":"3 Darklings","floor":49,"turns":3},{"damage":59,"enemies":"downfall:Silent","floor":50,"turns":8},{"damage":96,"enemies":"downfall:CharBossMerchant","floor":52,"turns":7}],"seed_played":"-8774994005103252930","potions_obtained":[{"floor":2,"key":"FearPotion"},{"floor":3,"key":"AttackPotion"},{"floor":5,"key":"BlessingOfTheForge"},{"floor":13,"key":"SkillPotion"},{"floor":14,"key":"Slimebound:SlimyTonguePotion"},{"floor":16,"key":"Energy Potion"},{"floor":22,"key":"SpeedPotion"},{"floor":29,"key":"Explosive Potion"},{"floor":31,"key":"Slimebound:ThreeZeroPotion"},{"floor":38,"key":"AttackPotion"},{"floor":49,"key":"Slimebound:ThreeZeroPotion"}],"is_trial":false,"path_per_floor":["R","M","M","$","M","E","T","M","R","M","?","R","M","M","M","B",null,"R","?","?","?","M","R","T","R","M","$","M","M","R","M","M","B",null,"R","?","?","M","?","M","T","R","?","$","M","M","R","$","M","B",null,"E"],"character_chosen":"SLIMEBOUND","items_purchased":["Slimebound:MegaLick","Slimebound:LevelUp","Incense Burner","Meat on the Bone","Slimebound:LeadByExample","Slimebound:TongueLash","SkillPotion","Slimebound:FinishingTackle","Slimebound:LivingWall","AttackPotion"],"campfire_rested":4,"item_purchase_floors":[4,27,44,44,44,44,44,44,48,48],"current_hp_per_floor":[60,56,55,54,53,28,28,17,48,41,41,62,42,42,41,5,70,70,70,22,22,48,69,69,69,61,66,68,68,68,63,33,31,70,70,70,70,70,70,59,59,59,59,32,47,56,70,70,70,62,70,0,0,0],"gold":24,"neow_bonus":"RANDOM_COMMON_RELIC","is_daily":false,"chose_seed":false,"campfire_upgraded":5,"win_rate":0.0,"timestamp":1608675817,"path_taken":["R","M","M","$","M","E","T","?","R","M","?","R","M","M","M","BOSS","R","?","?","?","M","R","T","R","M","$","?","?","R","M","M","BOSS","R","?","?","M","?","M","T","R","?","$","?","M","R","?","M","BOSS","E"],"items_purchased_type":["Card","Card","Relic","Relic","Card","Card","Potion","Card","Card","Potion"],"build_version":"2020-12-13","purchased_purges":1,"victory":false,"max_hp_per_floor":[60,60,60,60,60,60,60,60,70,70,70,70,70,70,70,70,70,70,70,70,70,70,70,70,70,70,70,70,70,70,70,70,70,70,70,70,70,70,70,70,70,70,70,70,70,70,70,70,70,70,70,70,70,70],"card_choices":[{"not_picked":["Slimebound:ViciousTackle","Slimebound:BestDefense"],"picked":"Slimebound:SplitBruiser","floor":2},{"not_picked":["Slimebound:GrowthPunch","Slimebound:SplitLeeching"],"picked":"Slimebound:RollThrough","floor":3},{"not_picked":["Slimebound:DisruptingSlam","Slimebound:RejuvenatingLick"],"picked":"Slimebound:SelfFormingGoo","floor":4},{"not_picked":["Slimebound:ViciousTackle","Slimebound:Schlurp"],"picked":"Slimebound:RollThrough","floor":5},{"not_picked":["Slimebound:GoopSpray","Slimebound:Schlurp"],"picked":"Slimebound:AcidTongue","floor":6},{"not_picked":["Slimebound:ServeAndProtect","Slimebound:GoopSpray"],"picked":"Slimebound:LeechEnergy","floor":8},{"not_picked":["Slimebound:Schlurp","Slimebound:ForwardTackle"],"picked":"Slimebound:RollThrough","floor":10},{"not_picked":["Slimebound:Schlurp","Slimebound:GoopTackle"],"picked":"Slimebound:SlimeTap","floor":13},{"not_picked":["Slimebound:FirmFortitude","Slimebound:ServeAndProtect"],"picked":"Slimebound:LeechLife","floor":14},{"not_picked":["Slimebound:ForwardTackle","Slimebound:SplitLeeching"],"picked":"Slimebound:RainOfGoop","floor":15},{"not_picked":["Slimebound:SlimeSlap","Slimebound:WasteNot"],"picked":"Slimebound:Darklings","floor":16},{"not_picked":[],"picked":"J.A.X.","floor":20},{"not_picked":["Slimebound:Chomp+1","Slimebound:AcidTongue"],"picked":"Slimebound:GoopSpray+1","floor":20},{"not_picked":["Slimebound:GrowthPunch","Slimebound:ForwardTackle"],"picked":"Slimebound:Gluttony+1","floor":22},{"not_picked":["Slimebound:LeechingTouch","Slimebound:ProtectTheBoss"],"picked":"Slimebound:Repurpose","floor":26},{"not_picked":["Slimebound:BestDefense","Slimebound:Replication"],"picked":"Slimebound:Overexert","floor":27},{"not_picked":["Slimebound:SplitMire","Slimebound:ForwardTackle"],"picked":"Slimebound:SplitAcid+1","floor":28},{"not_picked":["Slimebound:LivingWall+1","Slimebound:SlimeBarrage"],"picked":"Slimebound:SplitBruiser+1","floor":29},{"not_picked":["Slimebound:DivideAndConquer","Slimebound:SplitMire"],"picked":"Slimebound:SplitSpecialist+1","floor":31},{"not_picked":["Slimebound:SplitAcid","Slimebound:LeechingTouch"],"picked":"Slimebound:Grow+1","floor":32},{"not_picked":["Slimebound:CheckThePlaybook","Slimebound:WasteNot"],"picked":"Slimebound:Teamwork","floor":33},{"not_picked":["Slimebound:Prepare","Slimebound:LeechingTouch"],"picked":"Slimebound:SplitSpecialist","floor":38},{"not_picked":["expansioncontent:ManipulateTime","expansioncontent:FaceSlap"],"picked":"expansioncontent:HyperBeam","floor":39},{"not_picked":["Slimebound:SplitAcid","Slimebound:SplitMire"],"picked":"Slimebound:SamplingLick+1","floor":40},{"not_picked":["Slimebound:GrowthPunch+1","Slimebound:MegaLick+1"],"picked":"Slimebound:OneTwoCombo","floor":44},{"not_picked":["Slimebound:GrowthPunch","Slimebound:SplitLeeching"],"picked":"Slimebound:LeechingTouch+1","floor":45},{"not_picked":["Slimebound:DivideAndConquer","Slimebound:SplitLeeching"],"picked":"Slimebound:FormOfPuddle","floor":46},{"not_picked":["Slimebound:GoopSpray","Slimebound:PressTheAttack+1"],"picked":"Slimebound:SplitSpecialist","floor":49}],"player_experience":896701,"relics_obtained":[{"floor":6,"key":"Anchor"},{"floor":20,"key":"MutagenicStrength"},{"floor":24,"key":"Ornamental Fan"},{"floor":37,"key":"The Courier"},{"floor":41,"key":"Vajra"}],"event_choices":[{"damage_healed":0,"gold_gain":0,"player_choice":"Stole Relic","damage_taken":0,"relics_obtained":["Orichalcum"],"max_hp_gain":0,"max_hp_loss":0,"event_name":"Addict","floor":19,"gold_loss":0,"cards_obtained":["Shame"]},{"damage_healed":0,"gold_gain":0,"player_choice":"Copied","damage_taken":0,"max_hp_gain":0,"max_hp_loss":0,"event_name":"Duplicator","floor":21,"gold_loss":0,"cards_obtained":["Slimebound:MegaLick"]},{"cards_removed":["Slimebound:LeechEnergy"],"damage_healed":0,"gold_gain":0,"player_choice":"Removed Attack","damage_taken":0,"max_hp_gain":0,"max_hp_loss":0,"event_name":"Falling","floor":36,"gold_loss":0},{"cards_removed":["expansioncontent:HyperBeam"],"damage_healed":0,"gold_gain":0,"player_choice":"Took Card","damage_taken":0,"max_hp_gain":0,"max_hp_loss":0,"event_name":"NoteForYourself","floor":43,"gold_loss":0,"cards_obtained":["hexamod:AdvancingGuard"]}],"is_beta":false,"boss_relics":[{"not_picked":["Astrolabe","Snecko Eye"],"picked":"Philosopher\u0027s Stone"},{"not_picked":["Cursed Key","Pandora\u0027s Box"],"picked":"SlaversCollar"}],"items_purged_floors":[27],"is_endless":false,"potions_floor_spawned":[2,3,5,13,14,16,22,29,31,38,49],"killed_by":"downfall:CharBossMerchant","ascension_level":0}}