{"host":"esx1hwjnbftf3eqj","time":1608651276,"event":{"mods":["BaseMod","Colored Map","Minty Spire (QoL Compilation)","StSLib","The Jungle"],"gold_per_floor":[20,20,32,7,20,50,50,85,85,14,89,89,89,106,106,209,209,223,123,398,408,229,229,229,229],"floor_reached":24,"playtime":1505,"items_purged":["Defend_B","Regret"],"score":283,"play_id":"73f630e7-950e-4fea-a78f-ec98d09eec81","local_time":"20201222073436","is_ascension_mode":true,"campfire_choices":[{"data":"Chaos","floor":7,"key":"SMITH"},{"floor":12,"key":"REST"},{"floor":15,"key":"REST"},{"data":"Fission","floor":23,"key":"SMITH"}],"circlet_count":0,"master_deck":["Defend_B","Defend_B","Zap","Dualcast","Gash","Chaos+1","Go for the Eyes","Sweeping Beam","Streamline","Leap","White Noise","Machine Learning","Fission+1","Leap","Leap","Hologram+1","Double Energy"],"relics":["Cracked Core","Potion Belt","Kunai","Lantern","InkBottle","Empty Cage"],"acts_visited":["Exordium","TheCity"],"potions_floor_usage":[6,8,24],"damage_taken":[{"damage":0,"enemies":"2 Louse","floor":1,"turns":1},{"damage":0,"enemies":"Cultist","floor":3,"turns":4},{"damage":4,"enemies":"Jaw Worm","floor":5,"turns":3},{"damage":43,"enemies":"Gremlin Nob","floor":6,"turns":5},{"damage":20,"enemies":"3 Sentries","floor":8,"turns":7},{"damage":10,"enemies":"Large Slime","floor":14,"turns":5},{"damage":18,"enemies":"Slime Boss","floor":16,"turns":6},{"damage":12,"enemies":"Spheric Guardian","floor":18,"turns":6},{"damage":15,"enemies":"Shell Parasite","floor":21,"turns":6},{"damage":34,"enemies":"Gremlin Leader","floor":24,"turns":4}],"seed_played":"7083776873512851606","potions_obtained":[{"floor":5,"key":"Block Potion"},{"floor":6,"key":"PowerPotion"},{"floor":14,"key":"LiquidMemories"}],"is_trial":false,"path_per_floor":["M","?","M","$","M","E","R","E","T","$","T","R","?","M","R","B",null,"M","$","?","M","$","R","E"],"character_chosen":"DEFECT","items_purchased":["Streamline","White Noise","Leap","Double Energy"],"campfire_rested":2,"item_purchase_floors":[4,10,19,22],"current_hp_per_floor":[68,68,68,68,64,21,21,1,1,1,1,23,23,13,35,17,61,49,49,49,34,34,34,0,0],"gold":229,"neow_bonus":"TRANSFORM_TWO_CARDS","is_daily":false,"chose_seed":false,"campfire_upgraded":2,"win_rate":0.0,"timestamp":1608651276,"path_taken":["M","?","M","?","M","E","R","E","T","$","?","R","?","M","R","BOSS","M","$","?","?","$","R","E"],"items_purchased_type":["Card","Card","Card","Card"],"build_version":"2020-12-13","purchased_purges":2,"victory":false,"max_hp_per_floor":[75,75,75,75,75,75,75,75,75,75,75,75,75,75,75,75,75,75,75,75,75,75,75,75,75],"card_choices":[{"not_picked":["Cold Snap","Beam Cell"],"picked":"Go for the Eyes","floor":1},{"not_picked":["Melter","Ball Lightning"],"picked":"Sweeping Beam","floor":3},{"not_picked":["Go for the Eyes","Consume"],"picked":"Leap","floor":5},{"not_picked":["Meteor Strike","Compile Driver","Barrage"],"picked":"SKIP","floor":6},{"not_picked":["Stack","Barrage","Melter"],"picked":"SKIP","floor":8},{"not_picked":["Consume","Cold Snap"],"picked":"Machine Learning","floor":14},{"not_picked":["Thunder Strike","Biased Cognition"],"picked":"Fission","floor":16},{"not_picked":["Chill","Loop"],"picked":"Leap","floor":18},{"not_picked":["Go for the Eyes","Coolheaded"],"picked":"Hologram+1","floor":21}],"player_experience":587434,"relics_obtained":[{"floor":6,"key":"Potion Belt"},{"floor":8,"key":"Kunai"},{"floor":9,"key":"Lantern"},{"floor":11,"key":"InkBottle"}],"event_choices":[{"cards_removed":["Strike_B"],"damage_healed":0,"gold_gain":0,"player_choice":"Purged","damage_taken":0,"max_hp_gain":0,"max_hp_loss":0,"event_name":"Purifier","floor":2,"gold_loss":0},{"damage_healed":0,"gold_gain":0,"cards_transformed":["Strike_B"],"player_choice":"Transformed","damage_taken":0,"max_hp_gain":0,"max_hp_loss":0,"event_name":"Transmorgrifier","floor":13,"gold_loss":0,"cards_obtained":["Reprogram"]},{"damage_healed":0,"gold_gain":275,"player_choice":"Desecrate","damage_taken":0,"max_hp_gain":0,"max_hp_loss":0,"event_name":"Golden Shrine","floor":20,"gold_loss":0,"cards_obtained":["Regret"]}],"is_beta":false,"boss_relics":[{"not_picked":["Fusion Hammer","Busted Crown"],"picked":"Empty Cage"}],"items_purged_floors":[19,22],"is_endless":false,"potions_floor_spawned":[5,6,14],"killed_by":"Gremlin Leader","ascension_level":8}}