{"host":"867cnhxguf2bzj4x","time":1608633838,"event":{"mods":["BaseMod","GifTheSpireLib","Hermit","Minty Spire (QoL Compilation)","StSLib","The Bug Knight","The Cursed","The Hierophant","The Servant 0.9.4"],"gold_per_floor":[118,43,43,62,72,107,107,120,120,120,134,168,168,25,25,127,127,137,137,15,30,48,48,59,85,85,99,116,133,133,133,133,234,234,246,93,104,158,176,176,192,45,45,45,45],"floor_reached":44,"playtime":1757,"items_purged":["Defend_S","Shame"],"score":442,"play_id":"b3d5a51f-0314-4ea5-b04a-03f73438cef8","local_time":"20201222114358","is_ascension_mode":false,"campfire_choices":[{"data":"Exchange","floor":7,"key":"SMITH"},{"data":"Rearm","floor":10,"key":"SMITH"},{"data":"ShatteredReality","floor":13,"key":"SMITH"},{"floor":15,"key":"REST"},{"data":"BottledTime","floor":23,"key":"SMITH"},{"floor":30,"key":"REST"},{"floor":32,"key":"REST"},{"floor":40,"key":"REST"}],"circlet_count":0,"master_deck":["Strike_S","Strike_S","Strike_S","Strike_S","Defend_S","Defend_S","Defend_S","KidneyShot+1","Exchange+1","Ricochet","ShatteredReality+1","TimeWarp","Rearm+1","TimeWarp","ShatteredReality+1","Starlight+1","Dilation+1","TimeWarp","Ricochet+1","BottledTime+1","Potential+1","SilverBlades+1","SurpressingFire"],"relics":["SplendidAttire","NeowsBlessing","Bag of Marbles","HollowMod:PaleOreRelic","HollowMod:StagPassRelic","Orrery","Nunchaku","Whetstone","Eternal Feather","Enchiridion","Busted Crown","Toolbox","Torii","PreservedInsect","Gremlin Horn"],"acts_visited":["Exordium","TheCity","TheBeyond"],"potions_floor_usage":[33,33,44],"damage_taken":[{"damage":0,"enemies":"Cultist","floor":1,"turns":1},{"damage":0,"enemies":"Jaw Worm","floor":4,"turns":1},{"damage":0,"enemies":"Small Slimes","floor":5,"turns":1},{"damage":10,"enemies":"Gremlin Nob","floor":6,"turns":4},{"damage":9,"enemies":"Blue Slaver","floor":8,"turns":3},{"damage":0,"enemies":"2 Fungi Beasts","floor":11,"turns":2},{"damage":14,"enemies":"3 Sentries","floor":12,"turns":4},{"damage":23,"enemies":"Slime Boss","floor":16,"turns":5},{"damage":0,"enemies":"Shell Parasite","floor":18,"turns":1},{"damage":0,"enemies":"3 Byrds","floor":21,"turns":2},{"damage":25,"enemies":"Snake Plant","floor":22,"turns":4},{"damage":10,"enemies":"Cultist and Chosen","floor":24,"turns":3},{"damage":10,"enemies":"Slavers","floor":25,"turns":3},{"damage":0,"enemies":"Chosen and Byrds","floor":27,"turns":2},{"damage":1,"enemies":"3 Cultists","floor":28,"turns":3},{"damage":1,"enemies":"Centurion and Healer","floor":29,"turns":2},{"damage":20,"enemies":"Collector","floor":33,"turns":6},{"damage":21,"enemies":"3 Shapes","floor":35,"turns":1},{"damage":0,"enemies":"3 Darklings","floor":37,"turns":2},{"damage":22,"enemies":"2 Orb Walkers","floor":38,"turns":3},{"damage":15,"enemies":"Sphere and 2 Shapes","floor":39,"turns":3},{"damage":0,"enemies":"Maw","floor":41,"turns":3},{"damage":41,"enemies":"Transient","floor":44,"turns":5}],"seed_played":"7375996697888972175","potions_obtained":[{"floor":8,"key":"BlessingOfTheForge"},{"floor":11,"key":"SkillPotion"},{"floor":12,"key":"Weak Potion"},{"floor":18,"key":"Fire Potion"},{"floor":39,"key":"LiquidBronze"}],"is_trial":false,"path_per_floor":["M","$","?","M","M","E","R","M","T","R","M","E","R","$","R","B",null,"M","?","$","M","M","R","M","E","T","M","M","M","R","?","R","B",null,"M","$","M","?","M","R","M","$","T","M"],"character_chosen":"THE_SERVANT","items_purchased":["Orrery","Ricochet","Toolbox","PreservedInsect"],"campfire_rested":4,"item_purchase_floors":[14,20,36,42],"current_hp_per_floor":[65,65,65,65,65,55,55,46,46,46,46,32,32,32,51,28,65,65,65,65,65,40,40,30,20,20,20,19,18,49,33,64,44,65,44,44,44,22,7,38,38,38,38,0,0],"gold":45,"neow_bonus":"THREE_ENEMY_KILL","is_daily":false,"chose_seed":false,"campfire_upgraded":4,"win_rate":0.0,"timestamp":1608633838,"path_taken":["M","?","?","M","?","E","R","M","T","R","M","E","R","$","R","BOSS","M","?","$","M","M","R","M","E","T","M","M","M","R","?","R","BOSS","M","$","M","?","M","R","M","$","T","M"],"items_purchased_type":["Relic","Card","Relic","Relic"],"build_version":"2020-12-13","purchased_purges":2,"victory":false,"max_hp_per_floor":[65,65,65,65,65,65,65,65,65,65,65,65,65,65,65,65,65,65,65,65,65,65,65,65,65,65,65,65,65,65,65,65,65,65,65,65,65,65,65,65,65,65,65,65,65],"card_choices":[{"not_picked":["FastForward","Defy"],"picked":"Ricochet","floor":1},{"not_picked":["Rewind","Misdirection"],"picked":"ShatteredReality","floor":4},{"not_picked":["Desolation","Potential"],"picked":"TimeWarp","floor":5},{"not_picked":["Spin","Hightail"],"picked":"Rearm","floor":6},{"not_picked":["Hightail","Unruled"],"picked":"TimeWarp","floor":8},{"not_picked":["Unruled","MurderousAura","Read"],"picked":"SKIP","floor":11},{"not_picked":["Revamp","SoulSculpture","WasteNot"],"picked":"SKIP","floor":12},{"not_picked":["Ricochet","Spin"],"picked":"ShatteredReality","floor":14},{"not_picked":["DoubleEdge","Rewind"],"picked":"Starlight","floor":14},{"not_picked":["MurderousAura","RealityMarble"],"picked":"Dilation","floor":14},{"not_picked":["Luminosity","Rearm"],"picked":"TimeWarp","floor":18},{"not_picked":["Starlight","TimeWarp","Rewind"],"picked":"SKIP","floor":21},{"not_picked":["ShiftingGears+1","Alleviate+1"],"picked":"BottledTime","floor":22},{"not_picked":["Defy","Alleviate+1"],"picked":"Potential","floor":24},{"not_picked":["ShiftingGears","Comet+1","Potential"],"picked":"SKIP","floor":25},{"not_picked":["StarChef","TimeWarp","RealityMarble"],"picked":"SKIP","floor":27},{"not_picked":["SpecialFormula","Ricochet+1"],"picked":"SilverBlades+1","floor":28},{"not_picked":["RealityMarble+1","Starlight","Revamp"],"picked":"SKIP","floor":29},{"not_picked":["Potential"],"picked":"SKIP","floor":35},{"not_picked":["RealityMarble+1"],"picked":"SKIP","floor":37},{"not_picked":["Snipe"],"picked":"SKIP","floor":39},{"not_picked":[],"picked":"SurpressingFire","floor":41}],"player_experience":86113,"relics_obtained":[{"floor":6,"key":"Bag of Marbles"},{"floor":9,"key":"HollowMod:PaleOreRelic"},{"floor":12,"key":"HollowMod:StagPassRelic"},{"floor":25,"key":"Whetstone"},{"floor":26,"key":"Eternal Feather"},{"floor":31,"key":"Enchiridion"},{"floor":38,"key":"Torii"},{"floor":43,"key":"Gremlin Horn"}],"event_choices":[{"damage_healed":0,"gold_gain":0,"player_choice":"Ignored","damage_taken":0,"max_hp_gain":0,"max_hp_loss":0,"event_name":"NoteForYourself","floor":3,"gold_loss":0},{"damage_healed":0,"gold_gain":0,"player_choice":"Stole Relic","damage_taken":0,"relics_obtained":["Nunchaku"],"max_hp_gain":0,"max_hp_loss":0,"event_name":"Addict","floor":19,"gold_loss":0,"cards_obtained":["Shame"]},{"damage_healed":0,"gold_gain":0,"player_choice":"Obtained Book","damage_taken":16,"max_hp_gain":0,"max_hp_loss":0,"event_name":"Cursed Tome","floor":31,"gold_loss":0},{"damage_healed":0,"gold_gain":0,"player_choice":"Fight","damage_taken":0,"max_hp_gain":0,"max_hp_loss":0,"event_name":"Mysterious Sphere","floor":38,"gold_loss":0}],"is_beta":false,"boss_relics":[{"not_picked":["Astrolabe","StoneMask"],"picked":"SplendidAttire"},{"not_picked":["Philosopher\u0027s Stone","Coffee Dripper"],"picked":"Busted Crown"}],"items_purged_floors":[2,20],"is_endless":false,"potions_floor_spawned":[8,11,12,16,18,22,27,28,39],"killed_by":"Transient","ascension_level":0}}