{"host":"03a85bwj0a5skoit","time":1608622755,"event":{"mods":["BaseMod","Block Reminder","Minty Spire (QoL Compilation)","Relic Stats","StSLib"],"gold_per_floor":[111,127,127,14,29,29,40,40,67,82,116,116,116,21,21,112,112,75,75,95,95,10,10,10,10],"floor_reached":24,"playtime":589,"items_purged":[],"score":433,"play_id":"07b8f50a-cdb1-465a-b8a3-ed3f1bc3aa13","local_time":"20201222180915","is_ascension_mode":true,"campfire_choices":[{"data":"Sweeping Beam","floor":6,"key":"SMITH"},{"data":"Sunder","floor":8,"key":"SMITH"},{"floor":15,"key":"REST"},{"floor":23,"key":"REST"}],"circlet_count":0,"master_deck":["AscendersBane","Strike_B+1","Strike_B+1","Strike_B+1","Strike_B+1","Defend_B+1","Defend_B+1","Defend_B+1","Defend_B+1","Zap+1","Dualcast+1","Sweeping Beam+1","Gash","Gash","Coolheaded","Sunder+1","BootSequence","Chill","Compile Driver","Static Discharge","Barrage","Fission","Gash","Ghostly","Ghostly","Ghostly","Gash"],"relics":["Cracked Core","Ancient Tea Set","DataDisk","Golden Idol","Inserter","Mercury Hourglass"],"acts_visited":["Exordium","TheCity"],"potions_floor_usage":[11,13,24,24],"damage_taken":[{"damage":7,"enemies":"Jaw Worm","floor":1,"turns":3},{"damage":5,"enemies":"Small Slimes","floor":2,"turns":3},{"damage":1,"enemies":"2 Louse","floor":5,"turns":2},{"damage":9,"enemies":"2 Fungi Beasts","floor":7,"turns":2},{"damage":5,"enemies":"3 Louse","floor":10,"turns":3},{"damage":31,"enemies":"Gremlin Nob","floor":11,"turns":4},{"damage":0,"enemies":"3 Sentries","floor":13,"turns":2},{"damage":14,"enemies":"Slime Boss","floor":16,"turns":6},{"damage":34,"enemies":"2 Thieves","floor":18,"turns":5},{"damage":8,"enemies":"Shell Parasite","floor":20,"turns":5},{"damage":22,"enemies":"Gremlin Leader","floor":24,"turns":5}],"seed_played":"1765975874132210334","potions_obtained":[{"floor":1,"key":"BlessingOfTheForge"},{"floor":2,"key":"SmokeBomb"},{"floor":16,"key":"AttackPotion"},{"floor":18,"key":"FearPotion"}],"is_trial":false,"path_per_floor":["M","M","?","$","M","R","M","R","T","M","E","?","E","$","R","B",null,"M","?","M","?","?","R","E"],"character_chosen":"DEFECT","items_purchased":["Gash","Coolheaded","Static Discharge","Barrage"],"campfire_rested":2,"item_purchase_floors":[4,4,14,14],"current_hp_per_floor":[57,52,52,52,51,51,42,42,42,37,6,6,6,6,25,11,51,17,17,9,9,9,18,0,0],"gold":10,"neow_bonus":"UPGRADE_CARD","is_daily":false,"chose_seed":false,"campfire_upgraded":2,"win_rate":0.0,"timestamp":1608622755,"path_taken":["M","M","?","$","M","R","M","R","T","M","E","?","E","$","R","BOSS","M","?","M","?","?","R","E"],"items_purchased_type":["Card","Card","Card","Card"],"build_version":"2020-12-13","purchased_purges":0,"victory":false,"max_hp_per_floor":[71,71,71,71,71,71,71,71,71,71,71,64,64,64,64,64,64,64,32,32,32,32,32,32,32],"relic_stats":{"Inserter":[7],"counters":[11,40],"Golden Idol":35,"obtain_stats":[{"DataDisk":11,"Inserter":17,"Golden Idol":12,"Cracked Core":0,"Ancient Tea Set":9,"Mercury Hourglass":22},{"DataDisk":6,"Inserter":8,"Golden Idol":6,"Cracked Core":0,"Ancient Tea Set":4,"Mercury Hourglass":10},{"DataDisk":17,"Inserter":25,"Golden Idol":17,"Cracked Core":0,"Ancient Tea Set":10,"Mercury Hourglass":35}],"Mercury Hourglass":[36]},"card_choices":[{"not_picked":["Glacier","Heatsinks"],"picked":"Sweeping Beam","floor":1},{"not_picked":["Rip and Tear","Chaos"],"picked":"Gash","floor":2},{"not_picked":["Chaos","Compile Driver"],"picked":"Sunder","floor":5},{"not_picked":["Reprogram","Blizzard"],"picked":"BootSequence","floor":7},{"not_picked":["BootSequence","Sweeping Beam"],"picked":"Chill","floor":10},{"not_picked":["Streamline","Coolheaded"],"picked":"Compile Driver","floor":11},{"not_picked":["Meteor Strike","Multi-Cast"],"picked":"Fission","floor":16},{"not_picked":["Scrape","Hologram"],"picked":"Gash","floor":18},{"not_picked":["Go for the Eyes","Storm"],"picked":"Gash","floor":20}],"player_experience":2296847,"relics_obtained":[{"floor":9,"key":"Ancient Tea Set"},{"floor":11,"key":"DataDisk"}],"event_choices":[{"damage_healed":0,"gold_gain":0,"player_choice":"Grow","damage_taken":0,"max_hp_gain":0,"max_hp_loss":0,"event_name":"Living Wall","floor":3,"gold_loss":0,"cards_upgraded":["Zap"]},{"damage_healed":0,"gold_gain":0,"player_choice":"Lose Max HP","damage_taken":0,"relics_obtained":["Golden Idol"],"max_hp_gain":0,"max_hp_loss":7,"event_name":"Golden Idol","floor":12,"gold_loss":0},{"damage_healed":0,"gold_gain":0,"player_choice":"Became a Ghost","damage_taken":0,"max_hp_gain":0,"max_hp_loss":32,"event_name":"Ghosts","floor":19,"gold_loss":0,"cards_obtained":["Ghostly","Ghostly","Ghostly"]},{"damage_healed":0,"gold_gain":0,"player_choice":"Simplicity","damage_taken":0,"max_hp_gain":0,"max_hp_loss":0,"event_name":"Back to Basics","floor":21,"gold_loss":0,"cards_upgraded":["Strike_B","Strike_B","Strike_B","Strike_B","Defend_B","Defend_B","Defend_B","Defend_B"]},{"damage_healed":0,"gold_gain":0,"player_choice":"Obtained Relic","damage_taken":0,"relics_obtained":["Mercury Hourglass"],"max_hp_gain":0,"max_hp_loss":0,"event_name":"Addict","floor":22,"gold_loss":85}],"is_beta":false,"boss_relics":[{"not_picked":["Snecko Eye","Philosopher\u0027s Stone"],"picked":"Inserter"}],"items_purged_floors":[],"is_endless":false,"potions_floor_spawned":[1,2,10,13,16,18,20],"killed_by":"Gremlin Leader","ascension_level":20}}