{"host":"rwzz6mk6bpmb57ql","time":1608601315,"event":{"mods":["AchievementEnabler","BaseMod","BetterRewards","Colored Map","Highlight Path","Hubris","Minty Spire (QoL Compilation)","Replay The Spire","StSLib"],"gold_per_floor":[5016,5034,5034,5054,4315,4343,4343,4382,4382,4382,4430,4430,4447,4464,4464,4576,4676,4706,4525,4549,4578,4578,4578,4621,4621,4647,4562,4350,4372,4408,4508,4508,4619,4619,4637,4637,4322,4322,4347,4347,4394,4394,4421,4461,4481,4512,4553,4209,4209,4221,4221,4221,3862,3901,3913],"floor_reached":56,"playtime":2144,"items_purged":["Defend_R","Defend_R","Defend_R","Strike_R"],"score":1959,"play_id":"0c3a09af-26c4-43f2-875c-fc76e66de95e","local_time":"20201221194155","is_ascension_mode":true,"campfire_choices":[{"data":"hubris:EnhanceAbility","floor":7,"key":"SMITH"},{"data":"1","floor":10,"key":"LIFT"},{"data":"2","floor":12,"key":"LIFT"},{"data":"3","floor":15,"key":"LIFT"},{"data":"Spot Weakness","floor":23,"key":"SMITH"},{"data":"Flex","floor":25,"key":"SMITH"},{"data":"Heavy Blade","floor":32,"key":"SMITH"},{"data":"Berserk","floor":40,"key":"SMITH"},{"data":"ReplayTheSpireMod:Muscle Training","floor":42,"key":"SMITH"},{"floor":49,"key":"RECALL"},{"data":"Inflame","floor":52,"key":"SMITH"}],"circlet_count":0,"master_deck":["Strike_R+1","Strike_R+1","Strike_R+2","Bash","Heavy Blade+1","Inflame+1","ReplayTheSpireMod:Muscle Training+1","Inflame+1","hubris:EnhanceAbility+1","Heavy Blade+1","Flex+1","Brutality+1","CurseOfTheBell","Spot Weakness+1","Flex+1","Offering","Berserk+1","Inflame","Spot Weakness+1","Rupture+1","Inflame+1","Rupture"],"relics":["Burning Blood","hubris:TenFootPole","Membership Card","Matryoshka","Replay:Bandana","Girya","White Beast Statue","Replay:Grab Bag","Replay:Bronze Core","Replay:Wanted Poster","Calling Bell","hubris:Backtick","Guide Book","Anchor","Question Card","Ginger","Replay:WaspNest","MutagenicStrength","Thread and Needle","hubris:ToyBattleship","Mirror","Happy Flower","Centennial Puzzle","Ring of Searing","Toxic Egg 2","Whetstone","King of Hearts","Simple Rune","ReplayTheSpireMod:Lightbulb","Torii","ReplayFunnel","hubris:64BitClover","OrangePellets","Red Skull","Counterbalance","Toolbox","Du-Vu Doll"],"acts_visited":["Exordium","TheCity","TheBeyond","TheEnding"],"potions_floor_usage":[13,14,16,16,18,21,24,29,30,33,35,39,41,44,45,46,47,50,54,55,55,55],"damage_taken":[{"damage":3,"enemies":"2 Louse","floor":1,"turns":3},{"damage":0,"enemies":"Small Slimes","floor":2,"turns":4},{"damage":2,"enemies":"Jaw Worm","floor":4,"turns":3},{"damage":14,"enemies":"Replay:BlueRogue","floor":6,"turns":3},{"damage":2,"enemies":"Lagavulin","floor":8,"turns":4},{"damage":1,"enemies":"Red Slaver","floor":13,"turns":1},{"damage":13,"enemies":"Blue Slaver","floor":14,"turns":2},{"damage":6,"enemies":"Fading Forest","floor":16,"turns":9},{"damage":15,"enemies":"3 Byrds","floor":18,"turns":3},{"damage":4,"enemies":"Chosen","floor":20,"turns":3},{"damage":41,"enemies":"Snecko","floor":21,"turns":4},{"damage":28,"enemies":"Book of Stabbing","floor":24,"turns":3},{"damage":2,"enemies":"Cultist and Chosen","floor":29,"turns":3},{"damage":0,"enemies":"Replay:Snechameleon","floor":30,"turns":3},{"damage":14,"enemies":"Collector","floor":33,"turns":3},{"damage":4,"enemies":"Orb Walker","floor":35,"turns":2},{"damage":15,"enemies":"3 Darklings","floor":39,"turns":3},{"damage":40,"enemies":"R_Hoarder","floor":41,"turns":3},{"damage":15,"enemies":"Nemesis","floor":44,"turns":3},{"damage":30,"enemies":"Maw","floor":45,"turns":3},{"damage":30,"enemies":"4 Shapes","floor":46,"turns":4},{"damage":1,"enemies":"R_Hoarder","floor":47,"turns":3},{"damage":28,"enemies":"hubris:GrandSnecko","floor":50,"turns":4},{"damage":12,"enemies":"Shield and Spear","floor":54,"turns":2},{"damage":31,"enemies":"The Heart","floor":55,"turns":4}],"seed_played":"5868780871257920462","potions_obtained":[{"floor":2,"key":"GamblersBrew"},{"floor":4,"key":"Swift Potion"},{"floor":8,"key":"Dexterity Potion"},{"floor":11,"key":"Toxic Potion"},{"floor":11,"key":"Explosive Potion"},{"floor":11,"key":"Cursed Concoction"},{"floor":13,"key":"GamblersBrew"},{"floor":14,"key":"BlessingOfTheForge"},{"floor":16,"key":"Adrenaline Potion"},{"floor":18,"key":"FearPotion"},{"floor":20,"key":"PowerPotion"},{"floor":21,"key":"FearPotion"},{"floor":24,"key":"SpeedPotion"},{"floor":29,"key":"Weak Potion"},{"floor":30,"key":"SteroidPotion"},{"floor":33,"key":"Elixir"},{"floor":35,"key":"Strength Potion"},{"floor":39,"key":"Elixir"},{"floor":41,"key":"SkillPotion"},{"floor":44,"key":"BloodPotion"},{"floor":45,"key":"LifebloodPotion"},{"floor":46,"key":"SpeedPotion"},{"floor":47,"key":"SteroidPotion"},{"floor":54,"key":"SteroidPotion"}],"is_trial":false,"path_per_floor":["M","M","?","M","$","E","R","E","T","R","?","R","M","M","R","B",null,"M","$","M","M","?","R","E","R","T","?","$","M","E","?","R","B",null,"M","?","$","?","M","R","E","R","T","E","M","M","E","$","R","B",null,"R","$","E","B",null],"character_chosen":"IRONCLAD","items_purchased":["Inflame+1","hubris:EnhanceAbility","hubris:TenFootPole","Membership Card","Matryoshka","Heavy Blade","Replay:WaspNest","Offering","Happy Flower","Inflame","Toxic Egg 2","Whetstone","Inflame","ReplayFunnel","hubris:64BitClover","OrangePellets","SkillPotion","Rupture","Red Skull","Counterbalance","Toolbox","Energy Potion"],"campfire_rested":0,"item_purchase_floors":[5,5,5,5,5,5,19,28,28,37,37,37,48,48,48,48,48,53,53,53,53,53],"current_hp_per_floor":[125,130,130,130,130,122,122,126,126,126,110,110,115,108,108,108,125,116,116,118,83,83,83,61,61,61,61,61,65,71,71,71,63,113,115,115,115,115,106,106,72,72,72,63,65,41,46,46,46,24,104,104,104,98,73],"gold":3913,"neow_bonus":"REMOVE_TWO","is_daily":false,"chose_seed":false,"campfire_upgraded":7,"win_rate":0.0,"timestamp":1608601315,"path_taken":["M","M","?","M","$","E","R","E","T","R","?","R","M","?","R","BOSS","M","$","M","M","?","R","E","R","T","?","$","M","E","?","R","BOSS","M","?","$","?","M","R","E","R","T","E","M","M","E","$","R","BOSS","R","$","E","BOSS"],"items_purchased_type":["Card","Card","Relic","Relic","Relic","Card","Relic","Card","Relic","Card","Relic","Relic","Card","Relic","Relic","Relic","Potion","Card","Relic","Relic","Relic","Potion"],"build_version":"2020-12-13","purchased_purges":4,"victory":true,"max_hp_per_floor":[130,130,130,130,130,130,130,130,130,130,130,130,130,130,130,130,130,130,130,130,130,130,130,130,130,130,130,130,130,130,130,130,130,130,130,130,130,130,130,130,130,130,130,130,130,130,130,130,130,130,130,130,130,130,130],"card_choices":[{"not_picked":["Armaments","Feel No Pain"],"picked":"Heavy Blade","floor":1},{"not_picked":["Replay:Undeath\u0027s Touch","Headbutt"],"picked":"Inflame","floor":2},{"not_picked":["Reckless Charge","Clothesline"],"picked":"ReplayTheSpireMod:Muscle Training","floor":4},{"not_picked":["Cleave","hubris:SharpeningStone","Sword Boomerang"],"picked":"SKIP","floor":6},{"not_picked":["Armaments","Havoc","Clothesline"],"picked":"SKIP","floor":8},{"not_picked":["Cleave","ReplayTheSpireMod:LeadingStrike"],"picked":"Flex","floor":13},{"not_picked":["ReplayTheSpireMod:Strike From Hell","Armaments","Cleave"],"picked":"SKIP","floor":14},{"not_picked":["Immolate","Impervious"],"picked":"Brutality","floor":16},{"not_picked":["Havoc","Armaments","Wild Strike+1","Clothesline+1"],"picked":"SKIP","floor":18},{"not_picked":["True Grit","Abandon+1","ReplayReversal","Pommel Strike"],"picked":"SKIP","floor":20},{"not_picked":["Clothesline","Cleave","Replay:Undeath\u0027s Touch"],"picked":"Spot Weakness","floor":21},{"not_picked":["Cleave+1","ReplayTheSpireMod:Strike From Hell","Sever Soul"],"picked":"Flex+1","floor":24},{"not_picked":["Clash","Warcry","ReplayTheSpireMod:Limb From Limb","Clothesline+1"],"picked":"SKIP","floor":29},{"not_picked":["hubris:ReadiedAction","Bludgeon","Warcry+1","Clothesline"],"picked":"SKIP","floor":30},{"not_picked":["Impervious","Feed","Brutality"],"picked":"Berserk","floor":33},{"not_picked":["Clash+1","Replay:Undeath\u0027s Touch","Evolve+1","Iron Wave+1"],"picked":"SKIP","floor":35},{"not_picked":["Wild Strike","Evolve+1","Abandon+1"],"picked":"Rupture+1","floor":39},{"not_picked":["Pummel+1","Brutality","Thunderclap+1","True Grit+1"],"picked":"SKIP","floor":41},{"not_picked":["Twin Strike","Replay:Undeath\u0027s Touch","Battle Trance+1","Combust+1"],"picked":"SKIP","floor":44},{"not_picked":["ReplayTheSpireMod:Limb From Limb","True Grit+1","Anger","Heavy Blade"],"picked":"SKIP","floor":45},{"not_picked":["Pummel","Wild Strike","Rampage","Dropkick+1"],"picked":"SKIP","floor":46},{"not_picked":["Replay:Undeath\u0027s Touch","Bludgeon","Heavy Blade","Bloodletting+1"],"picked":"SKIP","floor":47},{"not_picked":["Replay:Undeath\u0027s Touch","Bloodletting+1","True Grit+1","Combust+1"],"picked":"SKIP","floor":54}],"player_experience":61839,"relics_obtained":[{"floor":6,"key":"Replay:Bandana"},{"floor":8,"key":"Girya"},{"floor":11,"key":"White Beast Statue"},{"floor":17,"key":"Anchor"},{"floor":17,"key":"Question Card"},{"floor":17,"key":"Ginger"},{"floor":24,"key":"Thread and Needle"},{"floor":26,"key":"hubris:ToyBattleship"},{"floor":30,"key":"Centennial Puzzle"},{"floor":36,"key":"Ring of Searing"},{"floor":41,"key":"King of Hearts"},{"floor":43,"key":"Simple Rune"},{"floor":44,"key":"ReplayTheSpireMod:Lightbulb"},{"floor":47,"key":"Torii"},{"floor":54,"key":"Du-Vu Doll"}],"event_choices":[{"damage_healed":0,"gold_gain":0,"player_choice":"Grow","damage_taken":0,"max_hp_gain":0,"max_hp_loss":0,"event_name":"Living Wall","floor":3,"gold_loss":0,"cards_upgraded":["Heavy Blade"]},{"damage_healed":0,"gold_gain":0,"player_choice":"Inject Mutagens","damage_taken":0,"relics_obtained":["MutagenicStrength"],"max_hp_gain":0,"max_hp_loss":0,"event_name":"Drug Dealer","floor":22,"gold_loss":0},{"damage_healed":0,"gold_gain":0,"player_choice":"Obtained Relic","damage_taken":0,"relics_obtained":["Mirror"],"max_hp_gain":0,"max_hp_loss":0,"event_name":"Addict","floor":27,"gold_loss":85},{"damage_healed":0,"gold_gain":100,"player_choice":"Pray","damage_taken":0,"max_hp_gain":0,"max_hp_loss":0,"event_name":"Golden Shrine","floor":31,"gold_loss":0},{"damage_healed":0,"gold_gain":0,"player_choice":"Copied","damage_taken":0,"max_hp_gain":0,"max_hp_loss":0,"event_name":"Duplicator","floor":38,"gold_loss":0,"cards_obtained":["Spot Weakness"]}],"is_beta":false,"boss_relics":[{"not_picked":["Black Blood","Astrolabe"],"picked":"Replay:Grab Bag"},{"not_picked":["hubris:CrackedHourglass","ReplayTheSpireMod:Onyx Gauntlets"],"picked":"Replay:Bronze Core"},{"not_picked":["Coffee Dripper","Ooze Armor"],"picked":"Replay:Wanted Poster"},{"not_picked":["SlaversCollar","Ring of Chaos"],"picked":"Calling Bell"},{"not_picked":["Replay:Drink Me","Runic Pyramid"],"picked":"hubris:Backtick"},{"not_picked":["ReplayTheSpireMod:DimensionalGlitch","hubris:GrandSneckoEye","Honey Jar"]}],"items_purged_floors":[5,19,28,37],"is_endless":false,"potions_floor_spawned":[2,4,8,13,14,16,18,20,21,24,29,30,33,35,39,41,44,45,46,47,54],"ascension_level":7}}