{"host":"nsu382cuivk29rjh","time":1608622377,"event":{"mods":["BaseMod","Downfall","Minty Spire (QoL Compilation)","StSLib"],"gold_per_floor":[99,111,129,129,129,147,174,174,191,50,83,83,96,127,139,237,237,237,250,267,267,283,283,283,283],"floor_reached":23,"playtime":1252,"items_purged":["Regret"],"score":223,"play_id":"1aea6c15-ab6d-4cb2-bd3d-de9057920bb1","local_time":"20201222153257","is_ascension_mode":true,"campfire_choices":[{"data":"Guardian:BaubleBeam","floor":1,"key":"SMITH"},{"data":"Guardian:Clone","floor":8,"key":"SMITH"},{"floor":12,"key":"REST"},{"data":"Guardian:ShieldSpikes","floor":18,"key":"SMITH"}],"circlet_count":0,"master_deck":["Guardian:Strike_Guardian","Guardian:Strike_Guardian","Guardian:Strike_Guardian","Guardian:Strike_Guardian","Guardian:Defend_Guardian+1","Guardian:Defend_Guardian","Guardian:Defend_Guardian+1","Guardian:Defend_Guardian","Guardian:CurlUp","Guardian:TwinSlam","Guardian:BaubleBeam+1","Guardian:SpikerProtocol+1","Guardian:Clone+1","Guardian:PrismaticBeam","Guardian:ShieldSpikes+1","Guardian:PrimingBeam","Guardian:TimeSifter+1","Guardian:AncientConstruct+1","Guardian:Gem_Green","Guardian:Gem_Green","Guardian:Gem_Yellow","Guardian:Gem_Red","Guardian:SpikerProtocol+1"],"relics":["Guardian:ModeShifter","Pear","Centennial Puzzle","Frozen Egg 2","Omamori","Runic Pyramid"],"acts_visited":["TheCity"],"potions_floor_usage":[14,16,16,23,23],"damage_taken":[{"damage":10,"enemies":"Small Slimes","floor":2,"turns":4},{"damage":3,"enemies":"Jaw Worm","floor":3,"turns":3},{"damage":2,"enemies":"2 Louse","floor":6,"turns":3},{"damage":8,"enemies":"Lots of Slimes","floor":9,"turns":5},{"damage":1,"enemies":"downfall:FleeingMerchant","floor":10,"turns":4},{"damage":19,"enemies":"3 Sentries","floor":11,"turns":9},{"damage":13,"enemies":"3 Louse","floor":13,"turns":3},{"damage":24,"enemies":"Lagavulin","floor":14,"turns":9},{"damage":6,"enemies":"2 Fungi Beasts","floor":15,"turns":4},{"damage":26,"enemies":"downfall:Silent","floor":16,"turns":9},{"damage":12,"enemies":"Spheric Guardian","floor":19,"turns":7},{"damage":7,"enemies":"Shell Parasite","floor":20,"turns":5},{"damage":21,"enemies":"Shelled Parasite and Fungi","floor":22,"turns":6},{"damage":44,"enemies":"Gremlin Leader","floor":23,"turns":4}],"seed_played":"8358974010483878465","potions_obtained":[{"floor":3,"key":"BlessingOfTheForge"},{"floor":11,"key":"Fire Potion"},{"floor":13,"key":"Regen Potion"},{"floor":15,"key":"champ:CounterPotion"},{"floor":20,"key":"DistilledChaos"},{"floor":22,"key":"Fire Potion"}],"is_trial":false,"path_per_floor":["R","M","M","?","?","M","T","R","M","$","E","R","M","E","M","B",null,"R","M","M","?","M","E"],"character_chosen":"GUARDIAN","items_purchased":["Guardian:Gem_Lightblue"],"campfire_rested":1,"item_purchase_floors":[10],"current_hp_per_floor":[72,62,59,59,62,60,60,60,52,51,32,56,43,34,28,2,82,82,70,63,63,42,0,0,0],"gold":283,"neow_bonus":"THREE_RARE_CARDS","is_daily":false,"chose_seed":false,"campfire_upgraded":3,"win_rate":0.0,"timestamp":1608622377,"path_taken":["R","M","M","?","?","M","T","R","M","$","E","R","M","E","M","BOSS","R","M","M","?","?","E"],"items_purchased_type":["Card"],"build_version":"2020-12-13","purchased_purges":1,"victory":false,"max_hp_per_floor":[72,72,72,72,82,82,82,82,82,82,82,82,82,82,82,82,82,82,82,82,82,82,82,82,82],"card_choices":[{"not_picked":["Guardian:StasisStrike","Guardian:ExploitGems"],"picked":"Guardian:BaubleBeam","floor":0},{"not_picked":["Guardian:Planning","Guardian:RollAttack"],"picked":"Guardian:SpikerProtocol","floor":2},{"not_picked":["Guardian:PiercingHide","Guardian:CrystalBeam"],"picked":"Guardian:Clone","floor":3},{"not_picked":["Guardian:SpikerProtocol","Guardian:Gem_Cyan"],"picked":"Guardian:Gem_Purple","floor":6},{"not_picked":["Guardian:Gem_Green","Guardian:Recover"],"picked":"Guardian:PrismaticBeam","floor":9},{"not_picked":["Guardian:Suspension","Guardian:Gem_Fragmented"],"picked":"Guardian:Gem_Crimson","floor":10},{"not_picked":["Guardian:ChargeUp","Guardian:PrismaticBarrier"],"picked":"Guardian:ShieldSpikes","floor":11},{"not_picked":["Guardian:BronzeOrb","Guardian:Gem_Red"],"picked":"Guardian:PrimingBeam","floor":13},{"not_picked":["Guardian:Gem_Lightblue","Guardian:ChargeCore","Guardian:PrimingBeam"],"picked":"SKIP","floor":14},{"not_picked":["Guardian:Gem_Crimson","Guardian:Repulse+1"],"picked":"Guardian:TimeSifter+1","floor":15},{"not_picked":["Guardian:StasisField","Guardian:BaubleBeam"],"picked":"Guardian:AncientConstruct+1","floor":16},{"not_picked":["Guardian:Recover+1","Guardian:Gem_Lightblue"],"picked":"Guardian:Gem_Green","floor":19},{"not_picked":["Guardian:Emergency","Guardian:Incinerate"],"picked":"Guardian:Gem_Green","floor":20},{"not_picked":["Guardian:Gem_Fragmented","Guardian:ArmoredProtocol+1"],"picked":"Guardian:SpikerProtocol+1","floor":22}],"player_experience":1116567,"relics_obtained":[{"floor":7,"key":"Centennial Puzzle"},{"floor":11,"key":"Frozen Egg 2"},{"floor":14,"key":"Omamori"}],"event_choices":[{"damage_healed":0,"gold_gain":0,"player_choice":"Success","damage_taken":7,"relics_obtained":["Pear"],"max_hp_gain":0,"max_hp_loss":0,"event_name":"Scrap Ooze","floor":5,"gold_loss":0}],"is_beta":false,"boss_relics":[{"not_picked":["Coffee Dripper","Velvet Choker"],"picked":"Runic Pyramid"}],"items_purged_floors":[10],"is_endless":false,"potions_floor_spawned":[3,11,13,15,20,22],"killed_by":"Gremlin Leader","ascension_level":2}}