{"host":"03a85bwj0a5skoit","time":1608597582,"event":{"mods":["BaseMod","Block Reminder","Minty Spire (QoL Compilation)","Relic Stats","StSLib"],"gold_per_floor":[115,40,40,14,27,62,62,74,74,74,104,142,142,159,159,246,246,273,273,248,248,28,28,28],"floor_reached":23,"playtime":691,"items_purged":["Strike_R"],"score":444,"play_id":"0fae469d-76ef-4bf5-8527-54f9e48cbddb","local_time":"20201222110942","is_ascension_mode":true,"campfire_choices":[{"data":"Berserk","floor":7,"key":"SMITH"},{"data":"1","floor":13,"key":"LIFT"},{"data":"Juggernaut","floor":15,"key":"SMITH"}],"circlet_count":0,"master_deck":["AscendersBane","Strike_R","Strike_R","Defend_R","Defend_R","Defend_R","Defend_R","Bash","Metallicize","Berserk+1","Heavy Blade","Metallicize","Juggernaut+1","Iron Wave","Dual Wield","Demon Form","Disarm","Seeing Red","Shrug It Off","Metallicize"],"relics":["Burning Blood","NeowsBlessing","Eternal Feather","CeramicFish","Girya","Centennial Puzzle","Strawberry","Runic Pyramid","Bottled Tornado"],"acts_visited":["Exordium","TheCity"],"potions_floor_usage":[12,18,18,23],"damage_taken":[{"damage":0,"enemies":"Jaw Worm","floor":1,"turns":1},{"damage":0,"enemies":"Cultist","floor":5,"turns":1},{"damage":0,"enemies":"3 Sentries","floor":6,"turns":2},{"damage":1,"enemies":"Small Slimes","floor":8,"turns":4},{"damage":20,"enemies":"Lagavulin","floor":12,"turns":6},{"damage":6,"enemies":"2 Fungi Beasts","floor":14,"turns":5},{"damage":22,"enemies":"Slime Boss","floor":16,"turns":7},{"damage":3,"enemies":"Spheric Guardian","floor":18,"turns":3},{"damage":27,"enemies":"2 Thieves","floor":20,"turns":5},{"damage":63,"enemies":"Gremlin Leader","floor":23,"turns":7}],"seed_played":"6800166041949885495","potions_obtained":[{"floor":1,"key":"Weak Potion"},{"floor":6,"key":"Ancient Potion"},{"floor":8,"key":"BlessingOfTheForge"},{"floor":16,"key":"Energy Potion"},{"floor":18,"key":"Ancient Potion"}],"is_trial":false,"path_per_floor":["M","?","?","$","M","E","R","M","T","?","?","E","R","M","R","B",null,"M","?","M","T","$","E"],"character_chosen":"IRONCLAD","items_purchased":["Heavy Blade","Seeing Red","Shrug It Off","Metallicize"],"campfire_rested":0,"item_purchase_floors":[4,22,22,22],"current_hp_per_floor":[74,74,74,74,75,75,75,75,75,70,70,63,72,72,81,65,78,81,81,60,60,60,0,0],"gold":28,"neow_bonus":"THREE_ENEMY_KILL","is_daily":false,"chose_seed":false,"campfire_upgraded":2,"win_rate":0.0,"timestamp":1608597582,"path_taken":["M","?","?","$","?","E","R","M","T","?","?","E","R","M","R","BOSS","M","?","?","?","$","E"],"items_purchased_type":["Card","Card","Card","Card"],"build_version":"2020-12-13","purchased_purges":1,"victory":false,"max_hp_per_floor":[75,75,75,75,75,75,75,75,75,75,75,82,82,82,82,82,82,82,82,82,82,82,82,82],"relic_stats":{"Centennial Puzzle":[18],"counters":[10,41],"CeramicFish":54,"Eternal Feather":18,"obtain_stats":[{"Girya":10,"Centennial Puzzle":11,"NeowsBlessing":0,"CeramicFish":9,"Strawberry":12,"Eternal Feather":6,"Bottled Tornado":21,"Burning Blood":0,"Runic Pyramid":17},{"Girya":4,"Centennial Puzzle":4,"NeowsBlessing":0,"CeramicFish":4,"Strawberry":5,"Eternal Feather":3,"Bottled Tornado":9,"Burning Blood":0,"Runic Pyramid":7},{"Girya":8,"Centennial Puzzle":8,"NeowsBlessing":0,"CeramicFish":8,"Strawberry":14,"Eternal Feather":4,"Bottled Tornado":34,"Burning Blood":0,"Runic Pyramid":26}],"Burning Blood":38},"card_choices":[{"not_picked":["Rupture","Blood for Blood"],"picked":"Metallicize","floor":1},{"not_picked":["Searing Blow","Anger"],"picked":"Metallicize","floor":5},{"not_picked":["Pommel Strike","True Grit"],"picked":"Juggernaut","floor":6},{"not_picked":["Warcry","Wild Strike"],"picked":"Iron Wave","floor":8},{"not_picked":["Disarm","Intimidate"],"picked":"Dual Wield","floor":12},{"not_picked":["Clothesline","Dropkick","Perfected Strike"],"picked":"SKIP","floor":14},{"not_picked":["Bludgeon","Brutality"],"picked":"Demon Form","floor":16},{"not_picked":["Searing Blow","Pommel Strike"],"picked":"Disarm","floor":18},{"not_picked":["Perfected Strike","Wild Strike","Thunderclap"],"picked":"SKIP","floor":20}],"player_experience":2277744,"relics_obtained":[{"floor":6,"key":"Eternal Feather"},{"floor":9,"key":"CeramicFish"},{"floor":12,"key":"Strawberry"},{"floor":21,"key":"Bottled Tornado"}],"event_choices":[{"cards_removed":["Strike_R"],"damage_healed":0,"gold_gain":0,"player_choice":"Card Removal","damage_taken":0,"max_hp_gain":0,"max_hp_loss":0,"event_name":"The Cleric","floor":2,"gold_loss":75},{"damage_healed":0,"gold_gain":0,"cards_transformed":["Strike_R"],"player_choice":"Transformed","damage_taken":0,"max_hp_gain":0,"max_hp_loss":0,"event_name":"Transmorgrifier","floor":3,"gold_loss":0,"cards_obtained":["Berserk"]},{"damage_healed":0,"gold_gain":0,"player_choice":"Success","damage_taken":5,"relics_obtained":["Girya"],"max_hp_gain":0,"max_hp_loss":0,"event_name":"Scrap Ooze","floor":10,"gold_loss":0},{"damage_healed":0,"gold_gain":30,"player_choice":"Searched \u00272\u0027 times","damage_taken":0,"relics_obtained":["Centennial Puzzle"],"max_hp_gain":0,"max_hp_loss":0,"event_name":"Dead Adventurer","floor":11,"gold_loss":0},{"damage_healed":0,"gold_gain":0,"player_choice":"0 cards matched","damage_taken":0,"max_hp_gain":0,"max_hp_loss":0,"event_name":"Match and Keep!","floor":19,"gold_loss":0,"cards_obtained":[]}],"is_beta":false,"boss_relics":[{"not_picked":["Cursed Key","Runic Cube"],"picked":"Runic Pyramid"}],"items_purged_floors":[22],"is_endless":false,"potions_floor_spawned":[1,6,8,16,18],"killed_by":"Gremlin Leader","ascension_level":20}}