{"host":"etaq29tqikxfqxk8","time":1608677803,"event":{"mods":["AchievementEnabler","BaseMod","Better Third Choice","BetterRewards","Colored Map","Colored Powertips","Minty Spire (QoL Compilation)","Rare Cards Sparkle","Shop Mod","StSLib","yUi"],"gold_per_floor":[115,132,152,152,170,170,184,204,204,232,247,261,261,261,261,261,261],"floor_reached":16,"playtime":1547,"items_purged":[],"score":106,"play_id":"0484fd3e-e133-4230-8e61-d5ea6ce644a7","local_time":"20201222235643","is_ascension_mode":false,"campfire_choices":[{"data":"Darkness","floor":6,"key":"SMITH"},{"floor":15,"key":"REST"}],"circlet_count":0,"master_deck":["Strike_B","Strike_B","Strike_B","Strike_B","Defend_B","Defend_B","Defend_B","Defend_B","Zap","Dualcast","Darkness+1","Streamline","Redo","Self Repair","Leap","Darkness","Auto Shields","Redo","Redo","Glacier","Double Energy","Burn"],"relics":["Cracked Core","NeowsBlessing","Matryoshka","Ornamental Fan"],"acts_visited":["Exordium"],"potions_floor_usage":[],"damage_taken":[{"damage":0,"enemies":"Cultist","floor":1,"turns":1},{"damage":0,"enemies":"Small Slimes","floor":2,"turns":1},{"damage":0,"enemies":"Jaw Worm","floor":3,"turns":1},{"damage":17,"enemies":"2 Fungi Beasts","floor":5,"turns":5},{"damage":4,"enemies":"Exordium Wildlife","floor":7,"turns":4},{"damage":34,"enemies":"Gremlin Gang","floor":8,"turns":5},{"damage":34,"enemies":"3 Sentries","floor":10,"turns":10},{"damage":7,"enemies":"Blue Slaver","floor":11,"turns":3},{"damage":8,"enemies":"Red Slaver","floor":12,"turns":3},{"damage":55,"enemies":"Slime Boss","floor":16,"turns":12}],"seed_played":"7421862625859503058","potions_obtained":[{"floor":3,"key":"Dexterity Potion"},{"floor":7,"key":"GamblersBrew"},{"floor":10,"key":"GamblersBrew"}],"is_trial":false,"path_per_floor":["M","M","M","?","M","R","M","M","T","E","M","M","?","?","R","B"],"character_chosen":"DEFECT","items_purchased":[],"campfire_rested":1,"item_purchase_floors":[],"current_hp_per_floor":[75,75,75,75,65,65,68,41,41,14,14,6,6,31,53,0,0],"gold":261,"neow_bonus":"THREE_ENEMY_KILL","is_daily":false,"chose_seed":false,"campfire_upgraded":1,"win_rate":0.0,"timestamp":1608677803,"path_taken":["M","M","?","?","M","R","M","M","T","E","?","M","?","?","R","BOSS"],"items_purchased_type":[],"build_version":"2020-12-13","purchased_purges":0,"victory":false,"max_hp_per_floor":[75,75,75,75,75,75,75,75,75,75,75,75,75,75,75,75,75],"card_choices":[{"not_picked":["Stack","Ball Lightning"],"picked":"Darkness","floor":1},{"not_picked":["Redo","Amplify"],"picked":"Streamline","floor":2},{"not_picked":["Coolheaded","Heatsinks"],"picked":"Redo","floor":3},{"not_picked":["Gash","Blizzard"],"picked":"Darkness","floor":5},{"not_picked":["Force Field","Sweeping Beam"],"picked":"Auto Shields","floor":7},{"not_picked":["Gash","Go for the Eyes"],"picked":"Redo","floor":8},{"not_picked":["Steam","Loop"],"picked":"Redo","floor":10},{"not_picked":["Steam","Hologram"],"picked":"Glacier","floor":11},{"not_picked":["Hologram","Loop"],"picked":"Double Energy","floor":12}],"player_experience":25337,"relics_obtained":[{"floor":9,"key":"Matryoshka"},{"floor":10,"key":"Ornamental Fan"}],"event_choices":[{"damage_healed":0,"gold_gain":0,"player_choice":"2 cards matched","damage_taken":0,"max_hp_gain":0,"max_hp_loss":0,"event_name":"Match and Keep!","floor":4,"gold_loss":0,"cards_obtained":["Self Repair","Leap"]},{"damage_healed":6,"gold_gain":0,"player_choice":"Embrace Burn","damage_taken":0,"max_hp_gain":0,"max_hp_loss":75,"event_name":"betterThird:BetterShining","floor":13,"gold_loss":0},{"damage_healed":25,"gold_gain":0,"player_choice":"Banana","damage_taken":0,"max_hp_gain":0,"max_hp_loss":0,"event_name":"Big Fish","floor":14,"gold_loss":0}],"is_beta":false,"boss_relics":[],"items_purged_floors":[],"is_endless":false,"potions_floor_spawned":[3,7,10,12],"killed_by":"Slime Boss","ascension_level":0}}