{"host":"htqwg582tjjtn9p7","time":1608646379,"event":{"mods":["2.2 Compatiblity","AchievementEnabler","Act Like it!","Aspiration","BaseMod","Better Third Choice","Colored Map","Conspire","Curses Come First","Displayed Cursed Tome","Energized Spire","Force Act Four","GifTheSpireLib","Hermit","Highlight Path","JesterMod","Mad Scientist","Minty Spire (QoL Compilation)","Pale of the Ancients","Permanent Neow","Random Character Button","Relic Stats","Replay The Spire","Robot Space Explorer","Somnambulant","Spicy Shops","Spikes Relics","StSLib","Stuff the Spire","The Blue Laboratory","The Disciple","The Dragon Tamer","The Forsaken","The Gatherer","The Judge","The Jungle","The Runesmith","The Servant 0.9.4"],"gold_per_floor":[10,20,20,38,3,3,38,38,38,49,77,5,5,21,21,93,93,109,109,29,29,29,29,29,29],"floor_reached":24,"playtime":694,"items_purged":[],"score":404,"play_id":"91758c93-a346-4957-be9a-955ae887ab76","local_time":"20201222151259","is_ascension_mode":true,"campfire_choices":[{"data":"Deadly Poison","floor":6,"key":"SMITH"},{"floor":8,"key":"REST"},{"data":"A Thousand Cuts","floor":13,"key":"SMITH"},{"floor":15,"key":"REST"},{"floor":23,"key":"REST"}],"circlet_count":0,"master_deck":["AscendersBane","conspire:GhostlyStrike+1","conspire:GhostlyStrike+1","conspire:GhostlyStrike+1","conspire:GhostlyStrike+1","conspire:GhostlyStrike+1","conspire:GhostlyDefend+1","conspire:GhostlyDefend+1","conspire:GhostlyDefend+1","conspire:GhostlyDefend+1","conspire:GhostlyDefend+1","Survivor","Neutralize","ReplayTheSpireMod:Necrogeddon","Deadly Poison+1","PiercingWail","Flying Knee","StuffTheSpire:Incantation","Poisoned Stab+1","A Thousand Cuts+1","Footwork","Cloak And Dagger","Storm of Steel","Blade Dance","Noxious Fumes","StuffTheSpire:WarGroove"],"relics":["Ring of the Snake","Peace Pipe","Molten Egg 2","aspiration:AnachronicSnailShell"],"acts_visited":["Exordium","TheCity"],"potions_floor_usage":[11,18],"damage_taken":[{"damage":7,"enemies":"Cultist","floor":1,"turns":5},{"damage":4,"enemies":"2 Louse","floor":2,"turns":3},{"damage":0,"enemies":"Jaw Worm","floor":4,"turns":5},{"damage":38,"enemies":"Gremlin Nob","floor":7,"turns":5},{"damage":2,"enemies":"Exordium Wildlife","floor":10,"turns":5},{"damage":22,"enemies":"3 Sentries","floor":11,"turns":7},{"damage":1,"enemies":"Looter","floor":14,"turns":4},{"damage":11,"enemies":"Hexaghost","floor":16,"turns":8},{"damage":7,"enemies":"3 Byrds","floor":18,"turns":5},{"damage":43,"enemies":"Book of Stabbing","floor":24,"turns":6}],"seed_played":"393247729025532795","potions_obtained":[{"floor":4,"key":"Explosive Potion"},{"floor":14,"key":"Energy Potion"},{"floor":16,"key":"blueLaboratory:NinjaPotion"},{"floor":18,"key":"SpeedPotion"}],"is_trial":false,"path_per_floor":["M","M","?","M","?","R","E","R","T","M","E","$","R","M","R","B",null,"M","?","$","?","?","R","E"],"character_chosen":"THE_SILENT","items_purchased":["Footwork","Noxious Fumes"],"campfire_rested":3,"item_purchase_floors":[12,20],"current_hp_per_floor":[52,48,48,48,64,64,26,45,45,43,21,21,21,20,39,28,57,50,50,50,50,25,44,1,1],"gold":29,"neow_bonus":"RANDOM_COLORLESS_2","is_daily":false,"chose_seed":false,"campfire_upgraded":2,"win_rate":0.0,"timestamp":1608646379,"path_taken":["M","M","?","M","?","R","E","R","T","M","E","?","R","M","R","BOSS","M","?","$","?","?","R","E"],"items_purchased_type":["Card","Card"],"build_version":"2020-12-13","purchased_purges":0,"victory":false,"max_hp_per_floor":[66,66,66,66,66,66,66,66,66,66,66,66,66,66,66,66,66,66,66,66,66,66,66,66,66],"relic_stats":{"Peace Pipe":0,"counters":[10,53],"obtain_stats":[{"Peace Pipe":7,"aspiration:AnachronicSnailShell":11,"Molten Egg 2":9,"Ring of the Snake":0},{"Peace Pipe":4,"aspiration:AnachronicSnailShell":6,"Molten Egg 2":4,"Ring of the Snake":0},{"Peace Pipe":18,"aspiration:AnachronicSnailShell":30,"Molten Egg 2":18,"Ring of the Snake":0}],"Ring of the Snake":[20]},"card_choices":[{"not_picked":["Transmutation","Metamorphosis"],"picked":"ReplayTheSpireMod:Necrogeddon","floor":0},{"not_picked":["Concentrate","Deflect"],"picked":"Deadly Poison","floor":1},{"not_picked":["Backflip","Outmaneuver"],"picked":"PiercingWail","floor":2},{"not_picked":["Pace","Underhanded Strike"],"picked":"Flying Knee","floor":4},{"not_picked":["ReplayTheSpireMod:From All Sides","Prepared"],"picked":"StuffTheSpire:Incantation","floor":7},{"not_picked":["StuffTheSpire:Repulse","Toxin Wave"],"picked":"Poisoned Stab+1","floor":10},{"not_picked":["Doppelganger","ReplayTheSpireMod:Shiv Toss"],"picked":"A Thousand Cuts","floor":11},{"not_picked":["Riddle With Holes+1","Prepared"],"picked":"Cloak And Dagger","floor":14},{"not_picked":["Burst","After Image"],"picked":"Storm of Steel","floor":16},{"not_picked":["Deadly Poison","Hidden Blade"],"picked":"Blade Dance","floor":18}],"player_experience":1743552,"relics_obtained":[{"floor":7,"key":"Peace Pipe"},{"floor":9,"key":"Molten Egg 2"},{"floor":11,"key":"aspiration:AnachronicSnailShell"}],"event_choices":[{"damage_healed":0,"gold_gain":0,"player_choice":"Agree","damage_taken":0,"max_hp_gain":0,"max_hp_loss":0,"event_name":"conspire:LoneGhost","floor":3,"gold_loss":0},{"damage_healed":16,"gold_gain":0,"player_choice":"Healed","damage_taken":0,"max_hp_gain":0,"max_hp_loss":0,"event_name":"The Cleric","floor":5,"gold_loss":35},{"damage_healed":0,"gold_gain":0,"player_choice":"Ignored","damage_taken":0,"max_hp_gain":0,"max_hp_loss":0,"event_name":"Ghosts","floor":19,"gold_loss":0},{"damage_healed":0,"gold_gain":0,"player_choice":"Simplicity","damage_taken":0,"max_hp_gain":0,"max_hp_loss":10,"event_name":"betterThird:BetterWriting","floor":21,"gold_loss":0}],"is_beta":false,"boss_relics":[{"not_picked":["Busted Crown","ReplayTheSpireMod:DimensionalGlitch","Kintsugi"]}],"items_purged_floors":[],"is_endless":false,"potions_floor_spawned":[4,14,16,18],"killed_by":"Book of Stabbing","ascension_level":15}}