{"host":"36ls4ricihodphgx","time":1608680881,"event":{"mods":["AchievementEnabler","BaseMod","Colored Map","Downfall","Hermit","HololiveMod","Marisa????????","Minty Spire (QoL Compilation)","Replay The Spire","StSLib","The Animator","The Cursed","The Servant 0.9.4"],"gold_per_floor":[109,28,28,45,56,84,84,95,145,145,145,145,95,106,106,210,210,229,246,246,265,285,285,285,285],"floor_reached":24,"playtime":810,"items_purged":[],"score":198,"play_id":"445fd837-8302-48d2-968a-983c5b8874ad","local_time":"20201222164801","is_ascension_mode":false,"campfire_choices":[{"data":"hermit:Brawl","floor":7,"key":"SMITH"},{"floor":11,"key":"REST"},{"data":"hermit:Headshot","floor":15,"key":"SMITH"},{"floor":23,"key":"REST"}],"circlet_count":0,"master_deck":["hermit:Strike_Hermit","hermit:Strike_Hermit","hermit:Strike_Hermit","hermit:Strike_Hermit","hermit:Defend_Hermit","hermit:Defend_Hermit","hermit:Defend_Hermit","hermit:Defend_Hermit","hermit:Snapshot","hermit:Covet","hermit:Glare","hermit:Brawl+1","hermit:Headshot+1","hermit:Shortfuse+1","hermit:PistolWhip+1","hermit:Dive","hermit:Roughhouse","hermit:Vantage","hermit:Headshot+1","hermit:EyeOfTheStorm+1"],"relics":["hermit:Momento","NeowsBlessing","FaceOfCleric","Bottled Flame","Replay:Rubber Ducky","SlaversCollar"],"acts_visited":["Exordium","TheCity"],"potions_floor_usage":[24],"damage_taken":[{"damage":0,"enemies":"2 Louse","floor":1,"turns":1},{"damage":0,"enemies":"Cultist","floor":4,"turns":1},{"damage":0,"enemies":"Small Slimes","floor":5,"turns":1},{"damage":35,"enemies":"3 Sentries","floor":6,"turns":6},{"damage":15,"enemies":"Looter","floor":8,"turns":3},{"damage":5,"enemies":"2 Fungi Beasts","floor":14,"turns":3},{"damage":21,"enemies":"The Guardian","floor":16,"turns":8},{"damage":12,"enemies":"3 Byrds","floor":18,"turns":4},{"damage":8,"enemies":"Chosen","floor":19,"turns":5},{"damage":7,"enemies":"Snecko","floor":21,"turns":7},{"damage":27,"enemies":"Chosen and Byrds","floor":22,"turns":5},{"damage":63,"enemies":"Slavers","floor":24,"turns":4}],"seed_played":"6896243034768668764","potions_obtained":[{"floor":5,"key":"LiquidMemories"},{"floor":8,"key":"sneckomod:MuddlingPotion"},{"floor":14,"key":"Strength Potion"}],"is_trial":false,"path_per_floor":["M","$","?","M","M","E","R","M","T","?","R","?","?","M","R","B",null,"M","M","?","M","M","R","E"],"character_chosen":"HERMIT","items_purchased":["hermit:Brawl"],"campfire_rested":2,"item_purchase_floors":[2],"current_hp_per_floor":[75,75,75,76,77,43,43,29,29,29,52,71,71,67,67,47,78,67,60,60,54,28,52,0,0],"gold":285,"neow_bonus":"THREE_ENEMY_KILL","is_daily":false,"chose_seed":false,"campfire_upgraded":2,"win_rate":0.0,"timestamp":1608680881,"path_taken":["M","$","?","?","M","E","R","M","T","?","R","?","?","M","R","BOSS","M","M","?","?","M","R","E"],"items_purchased_type":["Card"],"build_version":"2020-12-13","purchased_purges":0,"victory":false,"max_hp_per_floor":[75,75,75,76,77,78,78,79,79,79,79,79,76,77,77,78,78,79,80,80,81,82,82,82,82],"card_choices":[{"not_picked":["hermit:Quickdraw","hermit:Feint"],"picked":"hermit:Glare","floor":1},{"not_picked":["hermit:ItchyTrigger","hermit:Glare"],"picked":"hermit:Headshot","floor":4},{"not_picked":["hermit:SprayPray","hermit:Glare"],"picked":"hermit:Shortfuse","floor":5},{"not_picked":["hermit:CalledShot","hermit:Determination","hermit:TrackingShot"],"picked":"SKIP","floor":6},{"not_picked":["hermit:TrackingShot","hermit:Snipe"],"picked":"hermit:PistolWhip","floor":8},{"not_picked":["hermit:TakeAim","hermit:FinalCanter"],"picked":"hermit:Dive","floor":14},{"not_picked":["hermit:FinalCanter","hermit:Reprieve"],"picked":"hermit:Roughhouse","floor":16},{"not_picked":["hermit:Gestalt+1","hermit:Scavenge"],"picked":"hermit:Vantage","floor":18},{"not_picked":["hermit:ItchyTrigger","hermit:PistolWhip"],"picked":"hermit:Headshot+1","floor":19},{"not_picked":["hermit:Headshot","hermit:Roulette","hermit:GhostlyPresence"],"picked":"SKIP","floor":21},{"not_picked":["hermit:Headshot","hermit:LowProfile+1"],"picked":"hermit:EyeOfTheStorm+1","floor":22}],"player_experience":19099,"relics_obtained":[{"floor":6,"key":"Bottled Flame"},{"floor":9,"key":"Replay:Rubber Ducky"}],"event_choices":[{"damage_healed":0,"gold_gain":0,"player_choice":"Trade","damage_taken":0,"relics_obtained":["FaceOfCleric"],"max_hp_gain":0,"max_hp_loss":0,"event_name":"FaceTrader","floor":3,"gold_loss":0},{"damage_healed":0,"gold_gain":0,"player_choice":"Grow","damage_taken":0,"max_hp_gain":0,"max_hp_loss":0,"event_name":"Living Wall","floor":10,"gold_loss":0,"cards_upgraded":["hermit:Shortfuse"]},{"damage_healed":19,"gold_gain":0,"player_choice":"Healed and dodged fight","damage_taken":0,"max_hp_gain":0,"max_hp_loss":0,"event_name":"Mushrooms","floor":12,"gold_loss":0,"cards_obtained":["Parasite"]},{"cards_removed":["Parasite"],"damage_healed":0,"gold_gain":0,"player_choice":"Card Removal","damage_taken":0,"max_hp_gain":0,"max_hp_loss":0,"event_name":"The Cleric","floor":13,"gold_loss":50},{"damage_healed":0,"gold_gain":0,"player_choice":"Forge","damage_taken":0,"max_hp_gain":0,"max_hp_loss":0,"event_name":"Accursed Blacksmith","floor":20,"gold_loss":0,"cards_upgraded":["hermit:PistolWhip"]}],"is_beta":false,"boss_relics":[{"not_picked":["hermit:BartenderGlass","Coffee Dripper"],"picked":"SlaversCollar"}],"items_purged_floors":[],"is_endless":false,"potions_floor_spawned":[5,8,14,19,21],"killed_by":"Slavers","ascension_level":0}}