{"host":"lh9qfzqeqctr28d2","time":1608623964,"event":{"mods":["BaseMod","Minty Spire (QoL Compilation)","Quick Restart","Relic Stats","StSLib","【东方二次创作】八云紫mod"],"gold_per_floor":[140,140,152,166,183,183,193,213,213,213,213,228,245,297,297,421,421,435,435,453,7,51,51,51,62,85,85,85,85],"floor_reached":28,"playtime":3375,"items_purged":[],"score":249,"play_id":"2a44be3f-0ccd-4323-b015-ac79906432dc","local_time":"20201222155924","is_ascension_mode":false,"campfire_choices":[{"floor":6,"key":"REST"},{"data":"Know_ledgeAbilityRealm_purple","floor":10,"key":"SMITH"},{"data":"OmniscientAndOmnipotent_Monster_purple","floor":15,"key":"SMITH"},{"floor":23,"key":"REST"},{"floor":27,"key":"REST"}],"circlet_count":0,"master_deck":["AT_purpleEX+1","AT_purpleEX","AT_purpleEX","AT_purpleEX","Defend_purpleEX+1","Defend_purpleEX","Defend_purpleEX+1","Defend_purpleEX","Observe_purple_1","Observe_purple_2","PurpleNeedle_purple","OmniscientAndOmnipotent_Monster_purple+1","MeetDecomposer_purple","WeekHit_purple","Bait_HighSpeedFlying_purple","Know_ledgeAbilityRealm_purple+1","DimensionStaggered_purple+1","Mirror_Drifter_purple+1","SharpContractionReality_purple+1","ProofOfUnderstanding_purple","Shallow_ocean_purpleEX+1","RitualDagger+1","SharpContractionReality_purple+1","FragmentationRealm_purple+1","Line_surface_state_purple+1"],"relics":["Boundary_crack","Memoryfragments_purpleEX","NeowsBlessing","Molten Egg 2","Peace Pipe","Busted Crown","Antimatter_spacedebris","Ice Cream","Happy Flower","War Paint"],"acts_visited":["Exordium","TheCity"],"potions_floor_usage":[16,16],"damage_taken":[{"damage":0,"enemies":"2 Louse","floor":1,"turns":1},{"damage":0,"enemies":"Small Slimes","floor":3,"turns":2},{"damage":0,"enemies":"Jaw Worm","floor":4,"turns":1},{"damage":8,"enemies":"Blue Slaver","floor":5,"turns":3},{"damage":0,"enemies":"Looter","floor":7,"turns":3},{"damage":0,"enemies":"Red Slaver","floor":8,"turns":3},{"damage":5,"enemies":"Large Slime","floor":12,"turns":3},{"damage":0,"enemies":"3 Louse","floor":13,"turns":3},{"damage":25,"enemies":"Gremlin Nob","floor":14,"turns":4},{"damage":16,"enemies":"Slime Boss","floor":16,"turns":8},{"damage":25,"enemies":"2 Thieves","floor":18,"turns":4},{"damage":13,"enemies":"3 Byrds","floor":20,"turns":5},{"damage":28,"enemies":"3 Cultists","floor":22,"turns":6},{"damage":23,"enemies":"Snake Plant","floor":25,"turns":5},{"damage":0,"enemies":"Snecko","floor":28,"turns":2}],"seed_played":"-8793633315700725404","potions_obtained":[{"floor":3,"key":"Fire Potion"},{"floor":4,"key":"Fruit Juice"},{"floor":5,"key":"Energy Potion"},{"floor":22,"key":"Ancient Potion"}],"is_trial":false,"path_per_floor":["M","?","M","M","M","R","M","M","T","R","?","M","M","E","R","B",null,"M","?","M","$","M","R","?","M","T","R","M"],"character_chosen":"Youkari","items_purchased":["Antimatter_spacedebris","Ice Cream"],"campfire_rested":3,"item_purchase_floors":[21,21],"current_hp_per_floor":[70,56,57,57,49,70,70,70,70,70,70,66,68,44,44,34,75,51,45,32,32,8,30,30,7,7,29,29,29],"gold":85,"neow_bonus":"THREE_ENEMY_KILL","is_daily":false,"chose_seed":false,"campfire_upgraded":2,"win_rate":0.0,"timestamp":1608623964,"path_taken":["M","?","M","M","M","R","M","M","T","R","?","M","M","E","R","BOSS","M","?","M","$","M","R","?","M","T","R","M"],"items_purchased_type":["Relic","Relic"],"build_version":"2020-12-13","purchased_purges":0,"victory":false,"max_hp_per_floor":[70,70,70,70,70,70,70,70,70,70,70,70,70,70,70,75,75,75,75,75,75,75,75,75,75,75,75,75,75],"relic_stats":{"Peace Pipe":0,"Busted Crown":8,"Happy Flower":[2],"counters":[15,53],"War Paint":["DimensionStaggered_purple","Defend_purpleEX"],"obtain_stats":[{"Peace Pipe":14,"Ice Cream":21,"Busted Crown":17,"NeowsBlessing":0,"Antimatter_spacedebris":21,"Happy Flower":24,"Molten Egg 2":9,"Boundary_crack":0,"War Paint":26,"Memoryfragments_purpleEX":0},{"Peace Pipe":9,"Ice Cream":12,"Busted Crown":10,"NeowsBlessing":0,"Antimatter_spacedebris":12,"Happy Flower":13,"Molten Egg 2":6,"Boundary_crack":0,"War Paint":14,"Memoryfragments_purpleEX":0},{"Peace Pipe":23,"Ice Cream":40,"Busted Crown":31,"NeowsBlessing":0,"Antimatter_spacedebris":40,"Happy Flower":46,"Molten Egg 2":13,"Boundary_crack":0,"War Paint":51,"Memoryfragments_purpleEX":0}]},"card_choices":[{"not_picked":["Umbrella_purple","Mirror_FormAndEmptin_purple"],"picked":"PurpleNeedle_purple","floor":1},{"not_picked":["MNeedle_purple","ExternalForce_HighSpeedFlying_purple"],"picked":"OmniscientAndOmnipotent_Monster_purple","floor":3},{"not_picked":["Realm_recovery_purpleEX","Boundary_LightAndDark_purple"],"picked":"MeetDecomposer_purple","floor":4},{"not_picked":["Charmbait_purple","SfantasyHide_purple"],"picked":"WeekHit_purple","floor":5},{"not_picked":["SharpContractionReality_purple","Charmbait_purple"],"picked":"Bait_HighSpeedFlying_purple","floor":7},{"not_picked":["OmniscientAndOmnipotent_Monster_purple","AdvanceAttack_purple"],"picked":"Know_ledgeAbilityRealm_purple","floor":8},{"not_picked":["Shallow_ocean_purpleEX+1","StateDuplicate_purple"],"picked":"DimensionStaggered_purple","floor":12},{"not_picked":["Charmbait_purple+1","Worldmountain_purple+1"],"picked":"Mirror_Drifter_purple+1","floor":13},{"not_picked":["Erosivefilter_purple","WatchEyeChange_purple+1"],"picked":"SharpContractionReality_purple+1","floor":14},{"not_picked":["Fancifulhole_purple+1","Monsters_DoubleDeathButterfly_purple"],"picked":"ProofOfUnderstanding_purple","floor":16},{"not_picked":[],"picked":"Shallow_ocean_purpleEX+1","floor":18},{"not_picked":[],"picked":"SharpContractionReality_purple+1","floor":20},{"not_picked":[],"picked":"FragmentationRealm_purple+1","floor":22},{"not_picked":[],"picked":"Line_surface_state_purple+1","floor":25}],"player_experience":270909,"relics_obtained":[{"floor":9,"key":"Molten Egg 2"},{"floor":14,"key":"Peace Pipe"},{"floor":26,"key":"War Paint"}],"event_choices":[{"damage_healed":0,"gold_gain":0,"player_choice":"Entered Light","damage_taken":14,"max_hp_gain":0,"max_hp_loss":0,"event_name":"Shining Light","floor":2,"gold_loss":0,"cards_upgraded":["Defend_purpleEX","AT_purpleEX"]},{"damage_healed":0,"gold_gain":0,"player_choice":"Ignored","damage_taken":0,"max_hp_gain":0,"max_hp_loss":0,"event_name":"Golden Wing","floor":11,"gold_loss":0},{"damage_healed":0,"gold_gain":0,"player_choice":"Joined the Cult","damage_taken":6,"max_hp_gain":0,"max_hp_loss":0,"event_name":"Nest","floor":19,"gold_loss":0,"cards_obtained":["RitualDagger"]},{"damage_healed":0,"gold_gain":0,"player_choice":"Opened","damage_taken":0,"relics_obtained":["Happy Flower"],"max_hp_gain":0,"max_hp_loss":0,"event_name":"The Mausoleum","floor":24,"gold_loss":0}],"is_beta":false,"boss_relics":[{"not_picked":["Pandora\u0027s Box","Black Star"],"picked":"Busted Crown"}],"items_purged_floors":[],"is_endless":false,"potions_floor_spawned":[3,4,5,13,22],"killed_by":"Snecko","ascension_level":0}}