{"host":"raai0vtvcfkt8csp","time":1608675497,"event":{"mods":["2.2 Compatiblity","AchievementEnabler","BaseMod","Block Reminder","Booster Modes","DeckTracker","Defective Defect","GifTheSpireLib","Minty Spire (QoL Compilation)","Quick Restart","Random Character Button","Rare Cards Sparkle","StSLib","Unceasing Turn Reminder"],"gold_per_floor":[115,3,103,113,113,113,139,166,191,191,232,252,252,23,23,132,159,178,200,115,141,161,195,17,17,40,40,40,61,61,96,96,96,96],"floor_reached":33,"playtime":1653,"items_purged":[],"score":334,"play_id":"90ecd07f-b353-462a-859c-b11bc32a87f0","local_time":"20201222231817","is_ascension_mode":true,"campfire_choices":[{"floor":6,"key":"RECALL"},{"data":"Infinite Blades","floor":10,"key":"SMITH"},{"data":"Caltrops","floor":13,"key":"SMITH"},{"data":"Well Laid Plans","floor":15,"key":"SMITH"},{"floor":25,"key":"REST"},{"data":"Neutralize","floor":27,"key":"SMITH"},{"floor":32,"key":"REST"}],"circlet_count":0,"master_deck":["Strike_G+1","Strike_G+1","Defend_G+1","Defend_G+1","Defend_G+1","Defend_G+1","Defend_G+1","Survivor","Neutralize+1","Blade Dance","Caltrops+1","Choke","Slice","Infinite Blades+1","Blade Dance","Distraction","Cloak And Dagger","Well Laid Plans+1","Corpse Explosion","A Thousand Cuts+1","Dash+1","Dash+1","Terror+1","Tactician+1","Leg Sweep+1","Quick Slash","Infinite Blades","Poisoned Stab","Wraith Form v2"],"relics":["Ring of the Snake","NeowsBlessing","CeramicFish","Omamori","MealTicket","Astrolabe","Tough Bandages","FossilizedHelix","Membership Card","Happy Flower","Mummified Hand"],"acts_visited":["Exordium","TheCity"],"potions_floor_usage":[18,18,19,22],"damage_taken":[{"damage":0,"enemies":"Small Slimes","floor":1,"turns":1},{"damage":0,"enemies":"Cultist","floor":4,"turns":1},{"damage":0,"enemies":"3 Sentries","floor":7,"turns":1},{"damage":0,"enemies":"2 Louse","floor":8,"turns":2},{"damage":18,"enemies":"Gremlin Nob","floor":11,"turns":4},{"damage":0,"enemies":"2 Fungi Beasts","floor":12,"turns":4},{"damage":23,"enemies":"Hexaghost","floor":16,"turns":9},{"damage":15,"enemies":"Shell Parasite","floor":18,"turns":4},{"damage":5,"enemies":"3 Byrds","floor":19,"turns":4},{"damage":13,"enemies":"Snecko","floor":21,"turns":5},{"damage":11,"enemies":"3 Cultists","floor":22,"turns":3},{"damage":23,"enemies":"Gremlin Leader","floor":23,"turns":8},{"damage":22,"enemies":"Snake Plant","floor":29,"turns":4},{"damage":28,"enemies":"Slavers","floor":31,"turns":3},{"damage":27,"enemies":"Collector","floor":33,"turns":8}],"seed_played":"3994829714377565666","potions_obtained":[{"floor":8,"key":"CunningPotion"},{"floor":11,"key":"BlessingOfTheForge"},{"floor":12,"key":"Regen Potion"},{"floor":18,"key":"Energy Potion"},{"floor":31,"key":"Strength Potion"}],"is_trial":false,"path_per_floor":["M","$","?","M","?","R","E","M","T","R","E","M","R","$","R","B",null,"M","M","?","M","M","E","$","R","T","R","?","M","?","E","R","B"],"character_chosen":"THE_SILENT","items_purchased":["Caltrops","Choke","MealTicket","Cloak And Dagger","Well Laid Plans","Membership Card","Infinite Blades"],"campfire_rested":2,"item_purchase_floors":[2,2,14,14,14,24,24],"current_hp_per_floor":[70,70,70,70,75,75,75,75,75,75,57,57,57,57,57,34,75,60,55,55,42,40,17,32,54,54,54,54,32,32,4,26,0,0],"gold":96,"neow_bonus":"THREE_ENEMY_KILL","is_daily":false,"chose_seed":false,"campfire_upgraded":4,"win_rate":0.0,"timestamp":1608675497,"path_taken":["M","$","?","?","?","R","E","M","T","R","E","M","R","$","R","BOSS","M","M","?","M","M","E","$","R","T","R","?","M","?","E","R","BOSS"],"items_purchased_type":["Card","Card","Relic","Card","Card","Relic","Card"],"build_version":"2020-12-13","purchased_purges":0,"victory":false,"max_hp_per_floor":[70,70,70,70,75,75,75,75,75,75,75,75,75,75,75,75,75,75,75,75,75,75,75,75,75,75,75,75,75,75,75,75,75,75],"card_choices":[{"not_picked":["Bane","Calculated Gamble"],"picked":"Blade Dance","floor":1},{"not_picked":["Dodge and Roll","Concentrate"],"picked":"Slice","floor":4},{"not_picked":["PiercingWail","Bane","Dodge and Roll"],"picked":"SKIP","floor":7},{"not_picked":["Leg Sweep","Deadly Poison"],"picked":"Infinite Blades","floor":8},{"not_picked":["Finisher","Dagger Throw"],"picked":"Blade Dance","floor":11},{"not_picked":["Slice","Backflip"],"picked":"Distraction","floor":12},{"not_picked":["Venomology","Doppelganger"],"picked":"Corpse Explosion","floor":16},{"not_picked":["Backstab","Dash"],"picked":"Terror+1","floor":18},{"not_picked":["Flying Knee+1","Deflect+1"],"picked":"Tactician+1","floor":19},{"not_picked":["Prepared+1","Distraction+1"],"picked":"Leg Sweep+1","floor":21},{"not_picked":["Sucker Punch+1","Calculated Gamble"],"picked":"Quick Slash","floor":22},{"not_picked":["Cloak And Dagger","Expertise+1","PiercingWail"],"picked":"SKIP","floor":23},{"not_picked":["Dodge and Roll+1","Night Terror"],"picked":"Poisoned Stab","floor":29},{"not_picked":["Terror","Acrobatics"],"picked":"Wraith Form v2","floor":31}],"player_experience":423592,"relics_obtained":[{"floor":7,"key":"CeramicFish"},{"floor":11,"key":"Omamori"},{"floor":23,"key":"FossilizedHelix"},{"floor":26,"key":"Happy Flower"},{"floor":31,"key":"Mummified Hand"}],"event_choices":[{"damage_healed":0,"gold_gain":100,"player_choice":"Pray","damage_taken":0,"max_hp_gain":0,"max_hp_loss":0,"event_name":"Golden Shrine","floor":3,"gold_loss":0},{"damage_healed":0,"gold_gain":0,"player_choice":"Donut","damage_taken":0,"max_hp_gain":5,"max_hp_loss":0,"event_name":"Big Fish","floor":5,"gold_loss":0},{"damage_healed":0,"gold_gain":0,"player_choice":"Obtained Relic","damage_taken":0,"relics_obtained":["Tough Bandages"],"max_hp_gain":0,"max_hp_loss":0,"event_name":"Addict","floor":20,"gold_loss":85},{"damage_healed":0,"gold_gain":0,"player_choice":"Simplicity","damage_taken":0,"max_hp_gain":0,"max_hp_loss":0,"event_name":"Back to Basics","floor":28,"gold_loss":0,"cards_upgraded":["Strike_G","Strike_G","Defend_G","Defend_G","Defend_G","Defend_G","Defend_G"]},{"damage_healed":0,"gold_gain":0,"player_choice":"Ignored","damage_taken":0,"max_hp_gain":0,"max_hp_loss":0,"event_name":"Cursed Tome","floor":30,"gold_loss":0}],"is_beta":false,"boss_relics":[{"not_picked":["Empty Cage","Ring of the Serpent"],"picked":"Astrolabe"}],"items_purged_floors":[],"is_endless":false,"potions_floor_spawned":[8,11,12,18,31],"killed_by":"Collector","ascension_level":1}}