{"host":"ds3v42j7tpaaz1mg","time":1608604027,"event":{"mods":["AchievementEnabler","Aspiration","BaseMod","Bestiary","Better Altar","Better Note","Better Sensory Stone","BetterRewards","Block Reminder","Colored Powertips","Conspire","Downfall","Energized Spire","Halation","Hermit","Highlight Path","Hubris","Infinite Spire","Jorbs\u0027s Wanderer Trilogy","Minty Spire (QoL Compilation)","Relic Stats","Replay The Spire","StSLib","The Death Knight","The Elementalist","The Servant 0.9.4","vexMod"],"gold_per_floor":[109,109,125,125,125,125,157,60,60,75,75,75],"floor_reached":11,"playtime":544,"items_purged":[],"score":75,"play_id":"e5d41fac-6ca5-4ca0-b9d0-2285a16c5461","local_time":"20201221212707","is_ascension_mode":true,"campfire_choices":[{"data":"DeathKnight:BludPresence","floor":6,"key":"SMITH"}],"circlet_count":0,"master_deck":["DeathKnight:Strike_DeathKnight","DeathKnight:Strike_DeathKnight","DeathKnight:Strike_DeathKnight","DeathKnight:Strike_DeathKnight","DeathKnight:Defend_DeathKnight","DeathKnight:Defend_DeathKnight","DeathKnight:Defend_DeathKnight","DeathKnight:RuneTap","DeathKnight:RuneStrike","DeathKnight:BloodTap","DeathKnight:DarkSuccor","DeathKnight:BludPresence+1","Amnesia","Heel Hook","Distraction","Bullet Time"],"relics":["DeathKnight:BrokenRuneblade","hubris:64BitClover","Snack Pack"],"acts_visited":["Exordium"],"potions_floor_usage":[10,11,11,11],"damage_taken":[{"damage":8,"enemies":"Jaw Worm","floor":1,"turns":3},{"damage":1,"enemies":"Cultist","floor":3,"turns":5},{"damage":29,"enemies":"3 Sentries","floor":7,"turns":10},{"damage":26,"enemies":"Small Slimes","floor":10,"turns":4},{"damage":16,"enemies":"Lagavulin","floor":11,"turns":5}],"seed_played":"2907976042924619971","potions_obtained":[{"floor":7,"key":"ColorlessPotion"}],"is_trial":false,"path_per_floor":["M","?","M","?","?","R","E","$","T","M","E"],"character_chosen":"DEATH_KNIGHT","items_purchased":["EntropicBrew"],"campfire_rested":0,"item_purchase_floors":[8],"current_hp_per_floor":[67,67,66,66,66,66,37,37,37,11,0,0],"gold":75,"neow_bonus":"THREE_CARDS","is_daily":false,"chose_seed":false,"campfire_upgraded":1,"win_rate":0.0,"timestamp":1608604027,"path_taken":["M","?","?","?","?","R","E","$","T","M","E"],"items_purchased_type":["Potion"],"build_version":"2020-12-13","purchased_purges":0,"victory":false,"max_hp_per_floor":[75,75,75,75,75,75,75,75,75,75,75,75],"relic_stats":{"counters":[5,27],"obtain_stats":[{"hubris:64BitClover":7,"Snack Pack":9,"DeathKnight:BrokenRuneblade":0},{"hubris:64BitClover":3,"Snack Pack":3,"DeathKnight:BrokenRuneblade":0},{"hubris:64BitClover":18,"Snack Pack":18,"DeathKnight:BrokenRuneblade":0}]},"card_choices":[{"not_picked":["DeathKnight:RaiseAlly","DeathKnight:MutagenicPlague"],"picked":"DeathKnight:BloodTap","floor":0},{"not_picked":["DeathKnight:FrosPresence","DeathKnight:BloodBoil"],"picked":"DeathKnight:DarkSuccor","floor":1},{"not_picked":["DeathKnight:Hysteria","DeathKnight:RuneShock"],"picked":"DeathKnight:BludPresence","floor":3},{"not_picked":["DeathKnight:Lichborne","DeathKnight:IceboundArmor","DeathKnight:Simulacrum"],"picked":"SKIP","floor":7},{"not_picked":["DeathKnight:RuneShock","DeathKnight:FrosPresence","DeathKnight:DeathAndDecay"],"picked":"SKIP","floor":10}],"player_experience":562776,"relics_obtained":[{"floor":7,"key":"hubris:64BitClover"},{"floor":9,"key":"Snack Pack"}],"event_choices":[{"damage_healed":0,"gold_gain":0,"player_choice":"Ignored","damage_taken":0,"max_hp_gain":0,"max_hp_loss":0,"event_name":"WeMeetAgain","floor":2,"gold_loss":0}],"is_beta":false,"boss_relics":[],"items_purged_floors":[],"is_endless":false,"potions_floor_spawned":[7],"killed_by":"Lagavulin","ascension_level":1}}