{"host":"9d9dhukr2jywmy0f","time":1608612955,"event":{"mods":["2.2 Compatiblity","Alarm Clock","BaseMod","Bestiary","Block Reminder","Colored Map","Colored Powertips","Curses Come First","DeckTracker","Displayed Cursed Tome","Highlight Path","Key Reminder","Keyboard Shortcuts","Minty Spire (QoL Compilation)","MonsterHotkey","Potion Indicator Mod","Quick Restart","Rare Cards Sparkle","Relic Sorter","Relic Stats","Spire Birthday Party","StSLib","Synergy Search","Unceasing Turn Reminder","Unknown Chances"],"gold_per_floor":[114,114,39,54,69,69,99,99,99,114,129,179,194,224,224,324,324,339,89,14,14,29,59,74,74,149,164,194,194,224,239,239,339,339,354,369,384,423,423,462,486,486,511,541,556,25,40,70,70,70],"floor_reached":51,"playtime":3607,"items_purged":["Strike_B","Strike_B","Defend_B"],"score":1239,"play_id":"595dc8c1-1fd2-4e68-9d79-cc8ff3552e9b","local_time":"20201222125555","daily_mods":["Allstar","Diverse","DeadlyEvents"],"is_ascension_mode":false,"campfire_choices":[{"data":"Chrysalis","floor":6.0,"key":"SMITH"},{"data":"Zap","floor":8.0,"key":"SMITH"},{"data":"Skim","floor":15.0,"key":"SMITH"},{"data":"Dualcast","floor":29.0,"key":"SMITH"},{"data":"Venomology","floor":32.0,"key":"SMITH"},{"data":"Intimidate","floor":42.0,"key":"SMITH"},{"data":"TalkToTheHand","floor":49,"key":"SMITH"}],"circlet_count":0,"master_deck":["Defend_B","Defend_B","Zap+1","Dualcast+1","Chrysalis+1","Enlightenment","Good Instincts","Thinking Ahead","BootSequence","Sanctity","Skim+1","Anger+1","Anger+1","Anger+1","Intimidate+1","Venomology+1","Havoc+1","After Image","Bloodletting+1","Steam+1","TalkToTheHand+1","Beam Cell"],"relics":["Cracked Core","Unceasing Top","Letter Opener","Strawberry","Ginger","Black Star","DollysMirror","Ancient Tea Set","Centennial Puzzle","Sundial","Shuriken","Art of War","FossilizedHelix","Vajra","Regal Pillow","Empty Cage","Pantograph","CeramicFish","Blood Vial","Bottled Flame","Potion Belt","Nunchaku","Blue Candle","TheAbacus","Toy Ornithopter","Lantern","CaptainsWheel"],"acts_visited":["Exordium","TheCity","TheBeyond"],"potions_floor_usage":[47,48,50,50,50,50,50,50,50,50,50,50,50],"damage_taken":[{"damage":1.0,"enemies":"Jaw Worm","floor":1.0,"turns":4.0},{"damage":0.0,"enemies":"2 Louse","floor":4.0,"turns":3.0},{"damage":0.0,"enemies":"Cultist","floor":5.0,"turns":4.0},{"damage":2.0,"enemies":"Lagavulin","floor":7.0,"turns":8.0},{"damage":0.0,"enemies":"2 Fungi Beasts","floor":10.0,"turns":3.0},{"damage":0.0,"enemies":"3 Louse","floor":11.0,"turns":2.0},{"damage":0.0,"enemies":"Looter","floor":13.0,"turns":3.0},{"damage":12.0,"enemies":"3 Sentries","floor":14.0,"turns":6.0},{"damage":0.0,"enemies":"Slime Boss","floor":16.0,"turns":6.0},{"damage":2.0,"enemies":"2 Thieves","floor":18.0,"turns":3.0},{"damage":0.0,"enemies":"Shell Parasite","floor":22.0,"turns":3.0},{"damage":0.0,"enemies":"Book of Stabbing","floor":23.0,"turns":3.0},{"damage":0.0,"enemies":"Snake Plant","floor":24.0,"turns":3.0},{"damage":0.0,"enemies":"Chosen and Byrds","floor":27.0,"turns":4.0},{"damage":6.0,"enemies":"Slavers","floor":28.0,"turns":3.0},{"damage":0.0,"enemies":"Gremlin Leader","floor":30.0,"turns":3.0},{"damage":0.0,"enemies":"Centurion and Healer","floor":31.0,"turns":4.0},{"damage":0.0,"enemies":"Automaton","floor":33.0,"turns":5.0},{"damage":0.0,"enemies":"3 Darklings","floor":35.0,"turns":2.0},{"damage":0.0,"enemies":"Orb Walker","floor":36.0,"turns":2.0},{"damage":0.0,"enemies":"Transient","floor":37.0,"turns":5.0},{"damage":49.0,"enemies":"Reptomancer","floor":38.0,"turns":6.0},{"damage":0.0,"enemies":"Nemesis","floor":40.0,"turns":3.0},{"damage":3.0,"enemies":"Maw","floor":41.0,"turns":3.0},{"damage":3.0,"enemies":"Reptomancer","floor":44.0,"turns":2.0},{"damage":0.0,"enemies":"Writhing Mass","floor":45.0,"turns":3.0},{"damage":3,"enemies":"Sphere and 2 Shapes","floor":47,"turns":1},{"damage":3,"enemies":"Giant Head","floor":48,"turns":2},{"damage":3,"enemies":"Donu and Deca","floor":50,"turns":2}],"seed_played":"-7682526130134428503","potions_obtained":[{"floor":4.0,"key":"SteroidPotion"},{"floor":5.0,"key":"Block Potion"},{"floor":10.0,"key":"EssenceOfSteel"},{"floor":18.0,"key":"Weak Potion"},{"floor":24.0,"key":"FearPotion"},{"floor":27.0,"key":"CultistPotion"},{"floor":31.0,"key":"SkillPotion"},{"floor":38.0,"key":"Regen Potion"},{"floor":40.0,"key":"SteroidPotion"},{"floor":44.0,"key":"EntropicBrew"}],"is_trial":false,"path_per_floor":["M","?","$","M","M","R","E","R","T","M","M","T","M","E","R","B",null,"M","$","?","?","M","E","M","T","T","M","E","R","E","M","R","B",null,"M","M","M","E","?","E","M","R","T","E","M","$","M","E","R","B",null],"character_chosen":"DEFECT","items_purchased":["DollysMirror","TheAbacus","TalkToTheHand","Toy Ornithopter","Beam Cell"],"campfire_rested":0,"item_purchase_floors":[19,46,46,46,46],"current_hp_per_floor":[74,79,79,79,79,79,77,77,77,77,77,84,84,72,72,72,87,85,85,85,85,85,85,85,85,85,85,79,79,79,79,79,79,87,87,87,87,38,38,47,46,46,46,45,47,47,51,55,55,87],"gold":70,"neow_bonus":"","is_daily":true,"chose_seed":false,"campfire_upgraded":7,"win_rate":0.0,"timestamp":1608612955,"path_taken":["M","?","$","M","M","R","E","R","T","M","M","?","M","?","R","BOSS","M","$","?","?","?","E","M","?","T","M","E","R","?","M","R","BOSS","M","?","?","?","?","E","M","R","T","?","M","$","M","E","R","BOSS"],"items_purchased_type":["Relic","Relic","Card","Relic","Card"],"build_version":"2020-11-30","purchased_purges":3,"victory":true,"max_hp_per_floor":[75,80,80,80,80,80,80,80,80,80,80,87,87,87,87,87,87,87,87,87,87,87,87,87,87,87,87,87,87,87,87,87,87,87,87,87,87,87,87,87,87,87,87,87,87,87,87,87,87,87],"relic_stats":{"Regal Pillow":0,"counters":[29,101],"CeramicFish":45,"Blue Candle":[0],"Letter Opener":[1192],"Ginger":[11],"Blood Vial":12,"Centennial Puzzle":[21],"Nunchaku":[3],"TheAbacus":[12],"Sundial":[18],"Shuriken":[50],"Pantograph":25,"Black Star":7,"Art of War":[1],"obtain_stats":[{"Regal Pillow":30,"Lantern":48,"CeramicFish":38,"Vajra":30,"Ginger":14,"Ancient Tea Set":23,"Empty Cage":34,"Blood Vial":40,"Centennial Puzzle":23,"Nunchaku":44,"TheAbacus":46,"DollysMirror":19,"Sundial":25,"Strawberry":12,"Pantograph":38,"Cracked Core":0,"Potion Belt":43,"Blue Candle":44,"Letter Opener":9,"Bottled Flame":40,"CaptainsWheel":48,"Shuriken":26,"Black Star":17,"Art of War":28,"Unceasing Top":7,"FossilizedHelix":28,"Toy Ornithopter":46},{"Regal Pillow":16,"Lantern":28,"CeramicFish":22,"Vajra":16,"Ginger":8,"Ancient Tea Set":12,"Empty Cage":18,"Blood Vial":23,"Centennial Puzzle":12,"Nunchaku":25,"TheAbacus":26,"DollysMirror":10,"Sundial":13,"Strawberry":6,"Pantograph":22,"Cracked Core":0,"Potion Belt":24,"Blue Candle":25,"Letter Opener":4,"Bottled Flame":23,"CaptainsWheel":28,"Shuriken":13,"Black Star":9,"Art of War":15,"Unceasing Top":4,"FossilizedHelix":15,"Toy Ornithopter":26},{"Regal Pillow":61,"Lantern":99,"CeramicFish":85,"Vajra":61,"Ginger":33,"Ancient Tea Set":48,"Empty Cage":70,"Blood Vial":88,"Centennial Puzzle":48,"Nunchaku":93,"TheAbacus":96,"DollysMirror":42,"Sundial":51,"Strawberry":24,"Pantograph":85,"Cracked Core":0,"Potion Belt":91,"Blue Candle":93,"Letter Opener":19,"Bottled Flame":88,"CaptainsWheel":99,"Shuriken":51,"Black Star":39,"Art of War":58,"Unceasing Top":19,"FossilizedHelix":58,"Toy Ornithopter":96}],"Unceasing Top":[255],"Toy Ornithopter":18},"card_choices":[{"not_picked":["Shrug It Off","Skewer"],"picked":"BootSequence","floor":1.0},{"not_picked":["BowlingBash","Prostrate","Double Energy"],"picked":"SKIP","floor":4.0},{"not_picked":["Defragment","Collect"],"picked":"Sanctity","floor":5.0},{"not_picked":["Streamline","CrushJoints","Conserve Battery"],"picked":"SKIP","floor":7.0},{"not_picked":["Headbutt","Glass Knife"],"picked":"Skim","floor":10.0},{"not_picked":["BattleHymn","Conserve Battery","Bane"],"picked":"SKIP","floor":11.0},{"not_picked":["Evaluate","Tempest","FlyingSleeves"],"picked":"SKIP","floor":13.0},{"not_picked":["Rampage","Cloak And Dagger","Crescendo"],"picked":"SKIP","floor":14.0},{"not_picked":["Capacitor","Barrage"],"picked":"Anger+1","floor":18.0},{"not_picked":["Swivel","Clothesline"],"picked":"Anger+1","floor":22.0},{"not_picked":["Conserve Battery+1","Dual Wield","BowlingBash+1"],"picked":"SKIP","floor":23.0},{"not_picked":["Ball Lightning+1","Cleave+1","Flame Barrier"],"picked":"SKIP","floor":24.0},{"not_picked":["Skewer+1","Dash+1","CrushJoints"],"picked":"SKIP","floor":27.0},{"not_picked":["PathToVictory","Cold Snap"],"picked":"Intimidate","floor":28.0},{"not_picked":["Metallicize","Rebound"],"picked":"Venomology","floor":30.0},{"not_picked":["Sunder","Deadly Poison","BowlingBash"],"picked":"SKIP","floor":31.0},{"not_picked":["Ball Lightning","Study","PiercingWail+1"],"picked":"SKIP","floor":35.0},{"not_picked":["Hemokinesis+1","Cloak And Dagger+1"],"picked":"Havoc+1","floor":36.0},{"not_picked":["Stack+1","FollowUp+1","LessonLearned"],"picked":"SKIP","floor":37.0},{"not_picked":["Masterful Stab","Chill"],"picked":"After Image","floor":38.0},{"not_picked":["Crescendo","Prepared"],"picked":"Bloodletting+1","floor":40.0},{"not_picked":["Twin Strike+1","Coolheaded+1"],"picked":"Steam+1","floor":41.0},{"not_picked":["Undo+1","Combust+1","Indignation+1"],"picked":"SKIP","floor":44.0},{"not_picked":["Rebound+1","EmptyFist","Ghostly Armor"],"picked":"SKIP","floor":45.0},{"not_picked":["Stack+1","Outmaneuver","Finisher"],"picked":"SKIP","floor":47},{"not_picked":["Conserve Battery","Chaos+1","Darkness"],"picked":"SKIP","floor":48}],"player_experience":722739,"relics_obtained":[{"floor":7.0,"key":"Unceasing Top"},{"floor":9.0,"key":"Letter Opener"},{"floor":12.0,"key":"Strawberry"},{"floor":14.0,"key":"Ginger"},{"floor":23.0,"key":"Ancient Tea Set"},{"floor":23.0,"key":"Centennial Puzzle"},{"floor":25.0,"key":"Sundial"},{"floor":26.0,"key":"Shuriken"},{"floor":28.0,"key":"Art of War"},{"floor":28.0,"key":"FossilizedHelix"},{"floor":30.0,"key":"Vajra"},{"floor":30.0,"key":"Regal Pillow"},{"floor":38.0,"key":"Pantograph"},{"floor":38.0,"key":"CeramicFish"},{"floor":40.0,"key":"Blood Vial"},{"floor":40.0,"key":"Bottled Flame"},{"floor":43.0,"key":"Potion Belt"},{"floor":44.0,"key":"Nunchaku"},{"floor":44.0,"key":"Blue Candle"},{"floor":48,"key":"Lantern"},{"floor":48,"key":"CaptainsWheel"}],"event_choices":[{"damage_healed":0.0,"max_hp_gain":5.0,"max_hp_loss":0.0,"gold_gain":0.0,"event_name":"Big Fish","player_choice":"Donut","floor":2.0,"gold_loss":0.0,"damage_taken":0.0},{"cards_removed":["Strike_B"],"damage_healed":0.0,"max_hp_gain":0.0,"max_hp_loss":0.0,"gold_gain":0.0,"event_name":"Beggar","player_choice":"Gave Gold","floor":20.0,"gold_loss":75.0,"damage_taken":0.0},{"cards_removed":["Strike_B"],"damage_healed":0.0,"max_hp_gain":0.0,"max_hp_loss":0.0,"gold_gain":0.0,"event_name":"Back to Basics","player_choice":"Elegance","floor":21.0,"gold_loss":0.0,"damage_taken":0.0},{"damage_healed":0.0,"max_hp_gain":0.0,"max_hp_loss":0.0,"gold_gain":0.0,"event_name":"Match and Keep!","player_choice":"0 cards matched","floor":39.0,"gold_loss":0.0,"damage_taken":0.0,"cards_obtained":[]}],"is_beta":false,"boss_relics":[{"not_picked":["Cursed Key","Inserter"],"picked":"Black Star"},{"not_picked":["Snecko Eye","Fusion Hammer"],"picked":"Empty Cage"}],"items_purged_floors":[3,19,46],"is_endless":false,"potions_floor_spawned":[4,5,10,18,24,27,31,33,38,40,44],"ascension_level":0}}