{"host":"gh0nmty43e3htft0","time":1608616807,"event":{"mods":["BaseMod","Colored Powertips","Koishi","Minty Spire (QoL Compilation)","StSLib"],"gold_per_floor":[118,129,0,0,0,28,28,44,44,55,65,65,75,60,60],"floor_reached":14,"playtime":1213,"items_purged":[],"score":92,"play_id":"b76bf92a-280c-4878-90e7-dadfdce18f97","local_time":"20201222010007","is_ascension_mode":false,"campfire_choices":[{"data":"Koishi:GhostParty","floor":7,"key":"SMITH"},{"data":"Koishi:RollingInRichesHeart","floor":12,"key":"SMITH"}],"circlet_count":0,"master_deck":["Koishi:BasicStrike","Koishi:BasicStrike","Koishi:BasicStrike","Koishi:BasicStrike","Koishi:BasicDefend","Koishi:BasicDefend","Koishi:BasicDefend","Koishi:BasicDefend","Koishi:Provoke","Koishi:HauntingSlash","Koishi:UnconsciousUrges","Koishi:GhostParty+1","Koishi:EmbryosDream","Purity","Koishi:SubterraneanRose","Koishi:UnconsciousUprising","Koishi:RorschachInDanmaku","Koishi:RollingInRichesHeart+1","Koishi:Catatonia"],"relics":["Koishi:ImaginaryFriend","NeowsBlessing","Thread and Needle","Mummified Hand"],"acts_visited":["Exordium"],"potions_floor_usage":[14,14],"damage_taken":[{"damage":0,"enemies":"2 Louse","floor":1,"turns":1},{"damage":0,"enemies":"Small Slimes","floor":2,"turns":1},{"damage":1,"enemies":"3 Sentries","floor":6,"turns":2},{"damage":0,"enemies":"Cultist","floor":8,"turns":7},{"damage":15,"enemies":"Exordium Thugs","floor":10,"turns":10},{"damage":0,"enemies":"Red Slaver","floor":11,"turns":9},{"damage":7,"enemies":"Lots of Slimes","floor":13,"turns":13},{"damage":55,"enemies":"Gremlin Nob","floor":14,"turns":7}],"seed_played":"-7405600909609428682","potions_obtained":[{"floor":6,"key":"DuplicationPotion"},{"floor":10,"key":"SmokeBomb"},{"floor":11,"key":"DistilledChaos"}],"is_trial":false,"path_per_floor":["M","M","$","?","$","E","R","M","T","M","M","R","M","E"],"character_chosen":"KOISHI","items_purchased":["Koishi:EmbryosDream","Purity"],"campfire_rested":0,"item_purchase_floors":[3,3],"current_hp_per_floor":[60,60,60,65,65,64,64,65,65,52,54,54,50,0,0],"gold":60,"neow_bonus":"THREE_ENEMY_KILL","is_daily":false,"chose_seed":false,"campfire_upgraded":2,"win_rate":0.0,"timestamp":1608616807,"path_taken":["M","M","$","?","$","E","R","M","T","M","M","R","M","E"],"items_purchased_type":["Card","Card"],"build_version":"2020-12-13","purchased_purges":0,"victory":false,"max_hp_per_floor":[60,60,60,65,65,65,65,65,65,65,65,65,65,65,65],"card_choices":[{"not_picked":["Koishi:UnansweredLove","Koishi:Vanish"],"picked":"Koishi:UnconsciousUrges","floor":1},{"not_picked":["Koishi:SpiritedAway","Koishi:UnconsciousUprising"],"picked":"Koishi:GhostParty","floor":2},{"not_picked":["Koishi:DreadfulBlow","Koishi:Jaunt"],"picked":"Koishi:SubterraneanRose","floor":6},{"not_picked":["Koishi:Jaunt","Koishi:UnansweredLove"],"picked":"Koishi:UnconsciousUprising","floor":8},{"not_picked":["Koishi:TraumaticStroke","Koishi:PhantomBarrier"],"picked":"Koishi:RorschachInDanmaku","floor":10},{"not_picked":["Koishi:TraumaticStroke","Koishi:DreadfulBlow"],"picked":"Koishi:RollingInRichesHeart","floor":11},{"not_picked":["Koishi:ReleaseOfTheId","Koishi:StingingMind"],"picked":"Koishi:Catatonia","floor":13}],"player_experience":135133,"relics_obtained":[{"floor":6,"key":"Thread and Needle"},{"floor":9,"key":"Mummified Hand"}],"event_choices":[{"damage_healed":0,"gold_gain":0,"player_choice":"Donut","damage_taken":0,"max_hp_gain":5,"max_hp_loss":0,"event_name":"Big Fish","floor":4,"gold_loss":0}],"is_beta":false,"boss_relics":[],"items_purged_floors":[],"is_endless":false,"potions_floor_spawned":[6,10,11],"killed_by":"Gremlin Nob","ascension_level":0}}