{"host":"rt13i2rgikg7vymh","time":1608657802,"event":{"mods":["Act Like it!","Alarm Clock","Aspiration","BaseMod","Better Altar","Better Match","Better Sensory Stone","Better Skull","Better Third Choice","BetterRewards","Displayed Cursed Tome","Dota2Spire","FruityMod","GifTheSpireLib","Infinite Spire","Kratos Character Expansion","Mimic Mod","Minty Spire (QoL Compilation)","Pale of the Ancients","Permanent Neow","Quick Restart","Replay The Spire","Reworked Bosses","Spicy Shops","StSLib","Stuff the Spire","Wandering Minibosses"],"gold_per_floor":[147,165,185,280,280,307,124,124,149,29,48,79,99,144,144,247,247,267,286,286,304,321,321,336,336,336,367,367,367,292,83,83,181,181,197,224,224],"floor_reached":36,"playtime":1884,"items_purged":["KratosMod:Defend_K","KratosMod:rattle"],"score":471,"play_id":"7b39904f-da89-4e8c-93c2-f0423bf069a3","local_time":"20201222122322","is_ascension_mode":false,"campfire_choices":[{"data":"KratosMod:rattle","floor":8,"key":"SMITH"},{"data":"KratosMod:Revenge","floor":15,"key":"SMITH"},{"data":"KratosMod:Revenge","floor":23,"key":"SMITH"},{"data":"KratosMod:BladeWhip","floor":25,"key":"SMITH"},{"data":"Bandage Up","floor":28,"key":"SMITH"},{"floor":32,"key":"REST"}],"circlet_count":0,"master_deck":["KratosMod:Strike_K","KratosMod:Strike_K","KratosMod:Strike_K","KratosMod:Strike_K","KratosMod:Defend_K","KratosMod:Defend_K","KratosMod:cyclone","KratosMod:AthenaBane","KratosMod:Roll","KratosMod:clawsofhades","KratosMod:Tempor","KratosMod:BladeWhip+1","KratosMod:rattle+1","Bandage Up+1","KratosMod:conjuresoul","KratosMod:Revenge+1","KratosMod:Endure","KratosMod:Revenge+1","KratosMod:BladeWhip+1","KratosMod:BladeWhip+1","KratosMod:Endure+1","KratosMod:SmashStone+1","KratosMod:kBerserk+1","KratosMod:BladeWhip+1"],"relics":["KratosMod:eagle","aspiration:Nostalgia","Burning Blood","Replay:Rubber Ducky","MawBank","Bronze Scales","Black Star","aspiration:Stabinomicon","StuffTheSpire:EmeraldSignet","Replay:Baseball","Bloody Idol","Blood Vial","aspiration:PoetsPen_weak"],"acts_visited":["Exordium","TheCity","TheBeyond"],"potions_floor_usage":[12,33],"damage_taken":[{"damage":19,"enemies":"infinitespire:Voidling","floor":1,"turns":4},{"damage":1,"enemies":"2 Louse","floor":2,"turns":3},{"damage":8,"enemies":"Jaw Worm","floor":3,"turns":3},{"damage":27,"enemies":"2 Fungi Beasts","floor":4,"turns":8},{"damage":36,"enemies":"Gremlin Nob","floor":6,"turns":6},{"damage":4,"enemies":"Blue Slaver","floor":11,"turns":7},{"damage":24,"enemies":"Lagavulin","floor":12,"turns":8},{"damage":25,"enemies":"Lots of Slimes","floor":13,"turns":5},{"damage":10,"enemies":"Looter","floor":14,"turns":3},{"damage":32,"enemies":"Hexaghost","floor":16,"turns":11},{"damage":10,"enemies":"Chosen","floor":18,"turns":5},{"damage":6,"enemies":"3 Byrds","floor":19,"turns":5},{"damage":32,"enemies":"Snecko","floor":21,"turns":6},{"damage":42,"enemies":"Snake Plant","floor":22,"turns":5},{"damage":1,"enemies":"3 Cultists","floor":24,"turns":3},{"damage":17,"enemies":"Gremlin Leader","floor":27,"turns":5},{"damage":0,"enemies":"bossMod:newCollector","floor":33,"turns":2},{"damage":27,"enemies":"3 Shapes","floor":35,"turns":3},{"damage":78,"enemies":"2 Orb Walkers","floor":36,"turns":4}],"seed_played":"8303375940266037188","potions_obtained":[{"floor":4,"key":"Strength Potion"},{"floor":6,"key":"Dota2Spire:Clarity"},{"floor":11,"key":"PowerPotion"},{"floor":13,"key":"Block Potion"},{"floor":24,"key":"PowerPotion"}],"is_trial":false,"path_per_floor":["M","M","M","M","?","E","$","R","T","$","M","E","M","M","R","B",null,"M","M","?","M","M","R","M","R","T","E","R","?","?","$","R","B",null,"M","?"],"character_chosen":"KRATOS","items_purchased":["KratosMod:BladeWhip+1","KratosMod:rattle","Bandage Up","KratosMod:kBerserk+1"],"campfire_rested":1,"item_purchase_floors":[7,7,10,31],"current_hp_per_floor":[47,52,50,60,60,38,38,38,38,38,54,60,54,60,60,53,60,60,60,44,60,42,42,51,51,51,52,52,6,6,6,24,60,60,51,0,0],"gold":224,"neow_bonus":"NOSTALGIA","is_daily":false,"chose_seed":false,"campfire_upgraded":5,"win_rate":0.0,"timestamp":1608657802,"path_taken":["M","?","M","M","?","E","$","R","T","$","M","E","M","M","R","BOSS","M","M","?","M","M","R","M","R","T","E","R","?","?","?","R","BOSS","M","?"],"items_purchased_type":["Card","Card","Card","Card"],"build_version":"2020-12-13","purchased_purges":2,"victory":false,"max_hp_per_floor":[60,60,60,60,60,60,60,60,60,60,60,60,60,60,60,60,60,60,60,60,60,60,60,60,60,60,60,60,60,60,60,60,60,60,60,60,60],"card_choices":[{"not_picked":["KratosMod:settle","KratosMod:Tempor","KratosMod:rattle"],"picked":"SKIP","floor":1},{"not_picked":["KratosMod:SmashStone","KratosMod:conjuresoul"],"picked":"KratosMod:Roll","floor":2},{"not_picked":["KratosMod:Endure","KratosMod:SmashStone"],"picked":"KratosMod:clawsofhades","floor":3},{"not_picked":["KratosMod:clawsofhades","KratosMod:Endure"],"picked":"KratosMod:Tempor","floor":4},{"not_picked":["KratosMod:conjuresoul","KratosMod:settle"],"picked":"KratosMod:rattle","floor":6},{"not_picked":["KratosMod:Tempor","KratosMod:settle"],"picked":"KratosMod:conjuresoul","floor":11},{"not_picked":["KratosMod:BladeWhip","KratosMod:Endure"],"picked":"KratosMod:Revenge","floor":12},{"not_picked":["KratosMod:BladeWhip","KratosMod:ShieldBash"],"picked":"KratosMod:Endure","floor":13},{"not_picked":["KratosMod:Roll","KratosMod:Tempor","KratosMod:Endure"],"picked":"SKIP","floor":14},{"not_picked":["KratosMod:blades","KratosMod:tartarusrage"],"picked":"KratosMod:Revenge","floor":16},{"not_picked":["KratosMod:Roll","KratosMod:ShieldBash","KratosMod:Endure"],"picked":"SKIP","floor":18},{"not_picked":["KratosMod:BladeWhip+1","KratosMod:conjuresoul","KratosMod:Roll+1"],"picked":"SKIP","floor":19},{"not_picked":["KratosMod:settle+1","KratosMod:ShieldBash","KratosMod:Tempor"],"picked":"SKIP","floor":21},{"not_picked":["KratosMod:Roll+1","KratosMod:Endure"],"picked":"KratosMod:BladeWhip","floor":22},{"not_picked":["KratosMod:ShieldBash","KratosMod:rattle"],"picked":"KratosMod:BladeWhip+1","floor":24},{"not_picked":["KratosMod:Roll+1","KratosMod:Tempor"],"picked":"KratosMod:Endure+1","floor":27},{"not_picked":["KratosMod:conjuresoul+1","KratosMod:rattle+1"],"picked":"KratosMod:SmashStone+1","floor":30},{"not_picked":["KratosMod:rattle","KratosMod:Roll+1"],"picked":"KratosMod:BladeWhip+1","floor":35}],"player_experience":187883,"relics_obtained":[{"floor":6,"key":"Replay:Rubber Ducky"},{"floor":9,"key":"MawBank"},{"floor":12,"key":"Bronze Scales"},{"floor":27,"key":"StuffTheSpire:EmeraldSignet"},{"floor":27,"key":"Replay:Baseball"}],"event_choices":[{"cards_removed":["KratosMod:Defend_K"],"damage_healed":0,"gold_gain":0,"player_choice":"Forget","damage_taken":0,"max_hp_gain":0,"max_hp_loss":0,"event_name":"Living Wall","floor":5,"gold_loss":0},{"damage_healed":0,"gold_gain":0,"player_choice":"Obtained Book","damage_taken":16,"max_hp_gain":0,"max_hp_loss":0,"event_name":"Cursed Tome","floor":20,"gold_loss":0},{"damage_healed":0,"gold_gain":0,"player_choice":" Idol Vial ","damage_taken":46,"relics_obtained":["Bloody Idol","Blood Vial"],"max_hp_gain":52,"max_hp_loss":6,"event_name":"betterAltar:BetterAltar","floor":29,"potions_obtained":[],"relics_lost":[],"gold_loss":0},{"damage_healed":0,"gold_gain":0,"player_choice":"2","damage_taken":0,"max_hp_gain":0,"max_hp_loss":0,"event_name":"betterMatch:BetterMatch","floor":30,"gold_loss":0,"cards_obtained":["betterMatch:UncommonCard"]},{"damage_healed":0,"gold_gain":0,"player_choice":"Fight","damage_taken":0,"max_hp_gain":0,"max_hp_loss":0,"event_name":"Mysterious Sphere","floor":36,"gold_loss":0}],"is_beta":false,"boss_relics":[{"not_picked":["Runic Dome","Replay:Grab Bag"],"picked":"Black Star"},{"not_picked":["Sozu","Astrolabe"],"picked":"aspiration:PoetsPen_weak"}],"items_purged_floors":[7,31],"is_endless":false,"potions_floor_spawned":[4,6,11,13,19,24],"killed_by":"2 Orb Walkers","ascension_level":0}}