{"host":"cgfn7ph8zsjnvla8","time":1608640037,"event":{"mods":["BaseMod","Minty Spire (QoL Compilation)","Quick Restart","StSLib","The Cursed","【功能Mod】聪明的最终Boss","【遗物卡牌】REMEMod","篝火指南"],"gold_per_floor":[999999,999999,1000017,999393,998914,998190,998217,997462,997462,997489,996918,996952,996299,996324,995605,995682,995682,995695,995610,995623,995084,992484,992511,991739,991808,991867,991668,991110,991180,991192,991257,991202,991347,991359,991427,991439,991404,991449,991527,991460,991460,991528,991606,991647,991703,991778,991709,991773,991773,992598,992598],"floor_reached":50,"playtime":4733,"items_purged":["TheCursedMod:Strike_TheCursed","TheCursedMod:Strike_TheCursed","TheCursedMod:Strike_TheCursed","TheCursedMod:Defend_TheCursed","TheCursedMod:Defend_TheCursed","TheCursedMod:Defend_TheCursed+1","TheCursedMod:CursedShiv+1","TheCursedMod:Defend_TheCursed+1","TheCursedMod:CursedBoomerang+1"],"score":2476,"play_id":"6c9e5349-5082-4827-becd-dfc34f5ae5b3","local_time":"20201222202717","daily_mods":["Heirloom","Flight","DeadlyEvents","Elite Swarm"],"is_ascension_mode":true,"campfire_choices":[],"circlet_count":0,"master_deck":["AscendersBane","TheCursedMod:CursedWand+1","TheCursedMod:CleanUpWorkshop+1","TheCursedMod:Dregs","LessonLearned+1","TheCursedMod:FleshFromBone+1","TheCursedMod:SpitefulPlan+1","TheCursedMod:CursedBlade+1","TheCursedMod:LuckyCharm+1","TheCursedMod:DemonSword+1","TheCursedMod:VoidForm+1","TheCursedMod:ShockAndAwe+1","TheCursedMod:AbyssShockwave+1","TheCursedMod:CursedMace+1","TheCursedMod:CursedStaff+1","TheCursedMod:RapidMovement+1","TheCursedMod:CollectTribute+1","TheCursedMod:CursedArmor+1","TheCursedMod:CursedAmulet+1","TheCursedMod:AntiAging+1","TheCursedMod:BlessingInDisguise+1"],"relics":["TheCursedMod:BlackMagic101","REME_ComplimentaryCards","CaptainsWheel","Tiny Chest","Frozen Eye","Art of War","TheAbacus","TheCursedMod:Tack","Pear","REME_HourglassOfDeath","Vajra","Molten Egg 2","TheCursedMod:CrystalBall","StrikeDummy","Singing Bowl","Bronze Scales","Membership Card","Peace Pipe","The Courier","Blood Vial","Question Card","Omamori","Du-Vu Doll","Meat on the Bone","Darkstone Periapt","Oddly Smooth Stone","Toy Ornithopter","TheCursedMod:BloodyHarpoon","MealTicket","Dream Catcher","TungstenRod","HornCleat","SlaversCollar","Ice Cream","Calipers","Gremlin Horn","War Paint","Frozen Egg 2","Whetstone","TheCursedMod:DemonicMark","InkBottle","Toxic Egg 2","Turnip","Matryoshka","Happy Flower","Incense Burner","Ginger","Bag of Preparation","Regal Pillow","Mango","Girya","Centennial Puzzle","Ornamental Fan","Shuriken","Boot","Akabeko","Bird Faced Urn","Strawberry","Bag of Marbles","TheCursedMod:PinkPellets","Prayer Wheel","Lizard Tail","Mercury Hourglass","Orichalcum","Thread and Needle","CeramicFish","Potion Belt","Anchor","ClockworkSouvenir","Kunai","MawBank","Pantograph","REME_LimitBreaker","White Beast Statue","REME_ArchaeologicalTools","Letter Opener","Eternal Feather","Sling","FossilizedHelix","Torii","HandDrill","TheCursedMod:SoulVessel","StoneCalendar","TheCursedMod:MagicCandle","Chemical X","Black Star","Orrery","REME_CardOfGreed","Lee\u0027s Waffle"],"acts_visited":["Exordium","TheCity","TheBeyond"],"potions_floor_usage":[],"damage_taken":[{"damage":0,"enemies":"Jaw Worm","floor":1,"turns":3},{"damage":0,"enemies":"Cultist","floor":3,"turns":4},{"damage":0,"enemies":"Lagavulin","floor":7,"turns":7},{"damage":0,"enemies":"Gremlin Nob","floor":10,"turns":3},{"damage":0,"enemies":"Lagavulin","floor":12,"turns":4},{"damage":1,"enemies":"3 Sentries","floor":14,"turns":3},{"damage":0,"enemies":"The Guardian","floor":16,"turns":3},{"damage":0,"enemies":"3 Byrds","floor":18,"turns":2},{"damage":0,"enemies":"Spheric Guardian","floor":20,"turns":4},{"damage":0,"enemies":"Gremlin Leader","floor":23,"turns":1},{"damage":0,"enemies":"REME_1_Revenger","floor":25,"turns":1},{"damage":0,"enemies":"Slavers","floor":29,"turns":2},{"damage":0,"enemies":"Centurion and Healer","floor":31,"turns":2},{"damage":0,"enemies":"Champ","floor":33,"turns":3},{"damage":0,"enemies":"3 Darklings","floor":35,"turns":1},{"damage":0,"enemies":"3 Shapes","floor":38,"turns":1},{"damage":0,"enemies":"Transient","floor":39,"turns":4},{"damage":0,"enemies":"Giant Head","floor":42,"turns":2},{"damage":0,"enemies":"Reptomancer","floor":44,"turns":1},{"damage":0,"enemies":"Giant Head","floor":45,"turns":1},{"damage":0,"enemies":"Nemesis","floor":46,"turns":3},{"damage":0,"enemies":"Maw","floor":48,"turns":2},{"damage":19,"enemies":"Time Eater","floor":50,"turns":34}],"seed_played":"4454728845121860776","potions_obtained":[{"floor":1,"key":"Block Potion"}],"is_trial":true,"path_per_floor":["M","?","M","$","$","R","E","R","T","E","$","E","R","E","R","B",null,"M","?","M","$","$","E","R","E","T","R","R","E","T","M","R","B",null,"M","?","$","M","M","R","T","E","T","E","E","E","$","M","R","B"],"character_chosen":"THE_CURSED","items_purchased":["Tiny Chest","Frozen Eye","Art of War","TheCursedMod:CursedBlade","TheAbacus","TheCursedMod:Tack","TheCursedMod:CursedShiv","Pear","REME_HourglassOfDeath","TheCursedMod:LuckyCharm","Molten Egg 2","TheCursedMod:CrystalBall","Bronze Scales","Membership Card","Peace Pipe","Blood Vial","Question Card","Omamori","Du-Vu Doll","Meat on the Bone","Darkstone Periapt","Oddly Smooth Stone","Toy Ornithopter","TheCursedMod:BloodyHarpoon","MealTicket","Dream Catcher","TungstenRod","HornCleat","TheCursedMod:CursedBoomerang+1","Calipers","Gremlin Horn","TheCursedMod:CursedMace+1","War Paint","Frozen Egg 2","Whetstone","TheCursedMod:DemonicMark","InkBottle","Toxic Egg 2","Turnip","Matryoshka","Happy Flower","Incense Burner","Ginger","Bag of Preparation","Regal Pillow","Mango","Girya","Centennial Puzzle","Ornamental Fan","Shuriken","Boot","Akabeko","Bird Faced Urn","Strawberry","Bag of Marbles","TheCursedMod:PinkPellets","Prayer Wheel","Lizard Tail","Mercury Hourglass","Orichalcum","Thread and Needle","Potion Belt","Anchor","ClockworkSouvenir","Kunai","MawBank","Pantograph","REME_LimitBreaker","White Beast Statue","REME_ArchaeologicalTools","Sling","FossilizedHelix","TheCursedMod:CursedStaff+1","Torii","HandDrill","TheCursedMod:SoulVessel","StoneCalendar","TheCursedMod:MagicCandle","Chemical X","Orrery","REME_CardOfGreed","Lee\u0027s Waffle"],"campfire_rested":0,"item_purchase_floors":[4,4,4,4,5,5,5,6,6,6,8,8,11,11,11,13,13,13,13,13,13,15,15,15,15,15,15,15,15,21,21,21,21,21,22,22,22,22,22,22,22,22,22,22,22,22,22,22,22,22,22,22,22,22,22,22,22,22,22,22,22,24,24,24,24,24,24,24,24,24,27,27,27,28,28,28,28,28,32,37,40,47],"current_hp_per_floor":[64,64,64,64,64,74,74,74,74,74,74,76,76,77,77,79,82,85,85,85,85,106,108,108,110,110,110,110,112,112,116,116,118,118,120,122,128,130,134,134,134,136,136,138,138,143,150,155,155,143,143],"gold":992598,"neow_bonus":"","is_daily":false,"chose_seed":false,"campfire_upgraded":0,"win_rate":0.0,"timestamp":1608640037,"path_taken":["M","?","?","$","$","R","E","R","T","E","$","E","R","E","R","BOSS","M","?","?","$","$","E","R","E","T","R","R","?","?","M","R","BOSS","M","?","$","?","?","R","?","E","T","E","E","E","$","M","R","BOSS"],"items_purchased_type":["Relic","Relic","Relic","Card","Relic","Relic","Card","Relic","Relic","Card","Relic","Relic","Relic","Relic","Relic","Relic","Relic","Relic","Relic","Relic","Relic","Relic","Relic","Relic","Relic","Relic","Relic","Relic","Card","Relic","Relic","Card","Relic","Relic","Relic","Relic","Relic","Relic","Relic","Relic","Relic","Relic","Relic","Relic","Relic","Relic","Relic","Relic","Relic","Relic","Relic","Relic","Relic","Relic","Relic","Relic","Relic","Relic","Relic","Relic","Relic","Relic","Relic","Relic","Relic","Relic","Relic","Relic","Relic","Relic","Relic","Relic","Card","Relic","Relic","Relic","Relic","Relic","Relic","Relic","Relic","Relic"],"build_version":"2020-12-13","purchased_purges":9,"victory":false,"max_hp_per_floor":[71,71,71,71,71,81,81,81,81,81,81,83,83,83,83,83,83,85,85,85,85,106,108,108,110,110,110,110,112,112,116,116,118,118,120,122,128,130,134,134,134,136,136,138,138,143,150,155,155,154,154],"card_choices":[{"not_picked":["TheCursedMod:CircleOfCorruption","TheCursedMod:RavingStaff"],"picked":"TheCursedMod:FleshFromBone","floor":1},{"not_picked":["TheCursedMod:RapidMovement","TheCursedMod:SpitefulStrike"],"picked":"TheCursedMod:SpitefulPlan","floor":3},{"not_picked":["TheCursedMod:UltimatePain","TheCursedMod:DemonicPact","TheCursedMod:NeowsMight"],"picked":"SKIP","floor":7},{"not_picked":["TheCursedMod:NeowsMight","TheCursedMod:CollectTribute"],"picked":"TheCursedMod:DemonSword+1","floor":10},{"not_picked":["TheCursedMod:Neurasthenia","TheCursedMod:DemonicPact","TheCursedMod:StunningStrike+1"],"picked":"Singing Bowl","floor":12},{"not_picked":["TheCursedMod:OutForBlood","TheCursedMod:StunningStrike+1","TheCursedMod:DemonicPact"],"picked":"TheCursedMod:VoidForm","floor":14},{"not_picked":["TheCursedMod:ManaCirculation","TheCursedMod:DemonSword+1","TheCursedMod:Neurasthenia"],"picked":"TheCursedMod:ShockAndAwe+1","floor":16},{"not_picked":["TheCursedMod:Torture","TheCursedMod:WearCloak","TheCursedMod:SaltUponWound","TheCursedMod:SmokeScreen"],"picked":"Singing Bowl","floor":18},{"not_picked":["TheCursedMod:LuckyCharm+1","TheCursedMod:Torture","TheCursedMod:AshesToAshes"],"picked":"TheCursedMod:AbyssShockwave+1","floor":20},{"not_picked":["TheCursedMod:ForbiddenAlchemy+1","TheCursedMod:DemonicPact+1","TheCursedMod:StunningStrike+1","TheCursedMod:UltimatePain+1"],"picked":"Singing Bowl","floor":23},{"not_picked":["TheCursedMod:VoidForm+1","TheCursedMod:NeowsMight+1","TheCursedMod:ShockAndAwe+1","TheCursedMod:OutForBlood+1"],"picked":"Singing Bowl","floor":25},{"not_picked":["TheCursedMod:VoidForm+1","TheCursedMod:StunningStrike+1","TheCursedMod:ForbiddenAlchemy+1","TheCursedMod:UltimatePain+1"],"picked":"Singing Bowl","floor":29},{"not_picked":["TheCursedMod:HellsGateOpen+1","TheCursedMod:CursedSpellbook+1","TheCursedMod:CursedShiv+1","TheCursedMod:Wield+1"],"picked":"Singing Bowl","floor":31},{"not_picked":["TheCursedMod:Mangle+1","TheCursedMod:CursedBlade+1","TheCursedMod:Stigma+1","TheCursedMod:EmpowerCircles+1"],"picked":"Singing Bowl","floor":31},{"not_picked":["TheCursedMod:VoidForm+1","TheCursedMod:CursedRelics+1","TheCursedMod:Neurasthenia+1","TheCursedMod:OutForBlood+1"],"picked":"Singing Bowl","floor":33},{"not_picked":["TheCursedMod:CursedShiv+1","TheCursedMod:TacticalStrike+1","TheCursedMod:CursedAmulet+1"],"picked":"TheCursedMod:RapidMovement+1","floor":35},{"not_picked":["TheCursedMod:CursedStaff+1","TheCursedMod:CursedBlade+1","TheCursedMod:CircleOfWindfury+1","TheCursedMod:Stretching+1"],"picked":"Singing Bowl","floor":35},{"not_picked":["Thinking Ahead+1","Impatience+1","Flash of Steel+1","REME_ShortnessOfBreath+1"],"picked":"Singing Bowl","floor":36},{"not_picked":["TheCursedMod:CircleOfBlood+1","TheCursedMod:SpitefulStrike+1","TheCursedMod:Grudge+1","TheCursedMod:Stigma+1"],"picked":"Singing Bowl","floor":37},{"not_picked":["TheCursedMod:RavingStaff+1","TheCursedMod:CursedMace+1","TheCursedMod:Torture+1","TheCursedMod:VitalStrike+1"],"picked":"Singing Bowl","floor":37},{"not_picked":["TheCursedMod:CursedBlade+1","TheCursedMod:WearCloak+1","TheCursedMod:Mangle+1","TheCursedMod:AbyssShockwave+1"],"picked":"Singing Bowl","floor":37},{"not_picked":["TheCursedMod:StingEye+1","TheCursedMod:RavingStaff+1","TheCursedMod:DemonSword+1"],"picked":"TheCursedMod:CollectTribute+1","floor":37},{"not_picked":["TheCursedMod:WearCloak+1","TheCursedMod:SpreadPlague+1","TheCursedMod:Obscuration+1"],"picked":"TheCursedMod:CursedArmor+1","floor":37},{"not_picked":["TheCursedMod:TacticalStrike+1","TheCursedMod:Obscuration+1","TheCursedMod:Torture+1"],"picked":"TheCursedMod:CursedAmulet+1","floor":38},{"not_picked":["TheCursedMod:RavingStaff+1","TheCursedMod:CursedMace+1","TheCursedMod:CursedBlade+1","TheCursedMod:SaltUponWound+1"],"picked":"Singing Bowl","floor":38},{"not_picked":["TheCursedMod:CursedShiv+1","TheCursedMod:SpitefulStrike+1","TheCursedMod:TacticalStrike+1","TheCursedMod:CircleOfCorruption+1"],"picked":"Singing Bowl","floor":39},{"not_picked":["TheCursedMod:TacticalStrike+1","TheCursedMod:CursedAmulet+1","TheCursedMod:CursedBlade+1","TheCursedMod:ManaCirculation+1"],"picked":"Singing Bowl","floor":39},{"not_picked":["TheCursedMod:OutForBlood+1","TheCursedMod:CollectTribute+1","TheCursedMod:VoidForm+1","TheCursedMod:CursedRelics+1"],"picked":"Singing Bowl","floor":42},{"not_picked":["TheCursedMod:ManaCirculation+1","TheCursedMod:ShockAndAwe+1","TheCursedMod:DarkBarrier+1","TheCursedMod:StunningStrike+1"],"picked":"Singing Bowl","floor":44},{"not_picked":["TheCursedMod:ParallelWorld+1","TheCursedMod:ManaCirculation+1","TheCursedMod:Neurasthenia+1"],"picked":"TheCursedMod:AntiAging+1","floor":45},{"not_picked":["TheCursedMod:ShockAndAwe+1","TheCursedMod:Neurasthenia+1","TheCursedMod:NeowsMight+1","TheCursedMod:ParallelWorld+1"],"picked":"Singing Bowl","floor":46},{"not_picked":["TheCursedMod:Obscuration+1","TheCursedMod:CursedShiv+1","TheCursedMod:Mangle+1","TheCursedMod:FleshFromBone+1"],"picked":"Singing Bowl","floor":48},{"not_picked":["TheCursedMod:CursedStaff+1","TheCursedMod:CircleOfCorruption+1","TheCursedMod:TacticalStrike+1"],"picked":"TheCursedMod:BlessingInDisguise+1","floor":48}],"player_experience":243017,"relics_obtained":[{"floor":7,"key":"Vajra"},{"floor":9,"key":"StrikeDummy"},{"floor":10,"key":"Singing Bowl"},{"floor":12,"key":"The Courier"},{"floor":23,"key":"CeramicFish"},{"floor":25,"key":"Letter Opener"},{"floor":26,"key":"Eternal Feather"}],"event_choices":[{"cards_removed":["TheCursedMod:Strike_TheCursed"],"damage_healed":0,"gold_gain":0,"player_choice":"Purged","damage_taken":0,"max_hp_gain":0,"max_hp_loss":0,"event_name":"Purifier","floor":2,"gold_loss":0},{"damage_healed":0,"gold_gain":0,"player_choice":"Obtained Relic","damage_taken":0,"relics_obtained":["Ice Cream"],"max_hp_gain":0,"max_hp_loss":0,"event_name":"Addict","floor":19,"gold_loss":85},{"damage_healed":0,"gold_gain":0,"player_choice":"Memory 1","damage_taken":0,"max_hp_gain":0,"max_hp_loss":0,"event_name":"SensoryStone","floor":36,"gold_loss":0}],"is_beta":false,"boss_relics":[{"not_picked":["Busted Crown","REME_DemonsWealth"],"picked":"SlaversCollar"},{"not_picked":["REME_LowDesire","Cursed Key"],"picked":"Black Star"}],"items_purged_floors":[4,5,6,8,11,13,15,21,22],"is_endless":true,"potions_floor_spawned":[1,3,10,14,23,25,29,31,33,35,38,39,42,44,45,46,48],"killed_by":"Time Eater","ascension_level":20}}