{"host":"sa7ebub27cgn5wai","time":1608631077,"event":{"mods":["BaseMod","Colored Map","Minty Spire (QoL Compilation)","SuperFastMode"],"gold_per_floor":[131,158,183,206,46,46,63,63,87,87,103,121,121,121,121,224,224,240,250,269,269,269],"floor_reached":21,"playtime":605,"items_purged":["Strike_G"],"score":236,"play_id":"f6d2c98a-e1d0-45f4-8854-c19f8723a1d3","local_time":"20201222185757","is_ascension_mode":true,"campfire_choices":[{"data":"Dagger Spray","floor":6,"key":"SMITH"},{"data":"Cloak And Dagger","floor":8,"key":"SMITH"},{"data":"Flying Knee","floor":10,"key":"SMITH"},{"data":"Dodge and Roll","floor":15,"key":"SMITH"}],"circlet_count":0,"master_deck":["Strike_G","Strike_G","Strike_G","Strike_G","Defend_G","Defend_G","Defend_G","Defend_G","Defend_G","Survivor","Neutralize","Dodge and Roll+1","Flying Knee+1","Tactician","PiercingWail","Dagger Spray+1","Underhanded Strike","Cloak And Dagger+1","Footwork+1","Dagger Throw","After Image","Blade Dance","Endless Agony","Accuracy"],"relics":["Ring of the Snake","MawBank","Bronze Scales","HoveringKite"],"acts_visited":["Exordium","TheCity"],"potions_floor_usage":[7,16,20,21],"damage_taken":[{"damage":7,"enemies":"Jaw Worm","floor":1,"turns":5},{"damage":6,"enemies":"Small Slimes","floor":2,"turns":3},{"damage":2,"enemies":"Cultist","floor":3,"turns":4},{"damage":6,"enemies":"Blue Slaver","floor":4,"turns":6},{"damage":1,"enemies":"Gremlin Gang","floor":7,"turns":3},{"damage":7,"enemies":"Exordium Wildlife","floor":11,"turns":3},{"damage":0,"enemies":"3 Louse","floor":12,"turns":1},{"damage":12,"enemies":"The Guardian","floor":16,"turns":13},{"damage":6,"enemies":"3 Byrds","floor":18,"turns":5},{"damage":10,"enemies":"Chosen","floor":19,"turns":6},{"damage":31,"enemies":"Centurion and Healer","floor":20,"turns":9},{"damage":12,"enemies":"Snecko","floor":21,"turns":6}],"seed_played":"-3378092022154023582","potions_obtained":[{"floor":2,"key":"AttackPotion"},{"floor":3,"key":"Fire Potion"},{"floor":4,"key":"Strength Potion"},{"floor":11,"key":"GhostInAJar"},{"floor":20,"key":"Weak Potion"}],"is_trial":false,"path_per_floor":["M","M","M","M","$","R","M","R","T","R","M","M","?","?","R","B",null,"M","M","M","M"],"character_chosen":"THE_SILENT","items_purchased":["Dagger Spray","Underhanded Strike"],"campfire_rested":0,"item_purchase_floors":[5,5],"current_hp_per_floor":[56,50,48,42,42,42,41,41,41,41,34,34,34,34,34,22,58,52,42,11,0,0],"gold":269,"neow_bonus":"RANDOM_COMMON_RELIC","is_daily":false,"chose_seed":false,"campfire_upgraded":4,"win_rate":0.0,"timestamp":1608631077,"path_taken":["M","M","M","M","$","R","M","R","T","R","M","M","?","?","R","BOSS","M","M","M","M"],"items_purchased_type":["Card","Card"],"build_version":"2020-12-13","purchased_purges":1,"victory":false,"max_hp_per_floor":[70,70,70,70,70,70,70,70,70,70,70,70,70,70,70,70,70,70,70,70,70,70],"card_choices":[{"not_picked":["Calculated Gamble","Leg Sweep"],"picked":"Dodge and Roll","floor":1},{"not_picked":["Quick Slash","Bane"],"picked":"Flying Knee","floor":2},{"not_picked":["Setup","Crippling Poison"],"picked":"Tactician","floor":3},{"not_picked":["Bane","Deflect"],"picked":"PiercingWail","floor":4},{"not_picked":["Dash","Prepared"],"picked":"Cloak And Dagger","floor":7},{"not_picked":["Noxious Fumes","Eviscerate"],"picked":"Footwork","floor":11},{"not_picked":["Dodge and Roll","Bouncing Flask"],"picked":"Dagger Throw","floor":12},{"not_picked":["Night Terror","Storm of Steel"],"picked":"After Image","floor":16},{"not_picked":["Dagger Throw+1","Bouncing Flask"],"picked":"Blade Dance","floor":18},{"not_picked":["Underhanded Strike","Outmaneuver"],"picked":"Endless Agony","floor":19},{"not_picked":["Finisher","Sucker Punch"],"picked":"Accuracy","floor":20}],"player_experience":258594,"relics_obtained":[{"floor":9,"key":"Bronze Scales"}],"event_choices":[{"damage_healed":0,"gold_gain":0,"player_choice":"Ignored","damage_taken":0,"max_hp_gain":0,"max_hp_loss":0,"event_name":"Golden Idol","floor":13,"gold_loss":0},{"damage_healed":0,"gold_gain":0,"player_choice":"Grow","damage_taken":0,"max_hp_gain":0,"max_hp_loss":0,"event_name":"Living Wall","floor":14,"gold_loss":0,"cards_upgraded":["Footwork"]}],"is_beta":false,"boss_relics":[{"not_picked":["Philosopher\u0027s Stone","Fusion Hammer"],"picked":"HoveringKite"}],"items_purged_floors":[5],"is_endless":false,"potions_floor_spawned":[2,3,4,11,20],"killed_by":"Snecko","ascension_level":7}}