{"host":"55yei7x27djrlaep","time":1608653903,"event":{"mods":["Act Like it!","Aspiration","BaseMod","Better Third Choice","BetterRewards","Colored Map","Downfall","Friendly Minions","GifTheSpireLib","Hubris","Minty Spire (QoL Compilation)","Replay The Spire","StSLib","Stuff the Spire","The Cursed","The Servant 0.9.4"],"gold_per_floor":[111,111,71,89,14,14,89,104,104,104,145,190,190,190],"floor_reached":13,"playtime":428,"items_purged":["Strike_B"],"score":95,"play_id":"7307ec69-0a7f-4334-8a2e-e8f862f30877","local_time":"20201222191823","is_ascension_mode":true,"campfire_choices":[{"data":"Zap","floor":6,"key":"SMITH"}],"circlet_count":0,"master_deck":["Strike_B","Strike_B","Strike_B","Defend_B","Defend_B","Defend_B","Defend_B","Zap+1","Dualcast","StuffTheSpire:ForEach","Leap","Lockon","Multi-Cast","Burn","Coolheaded","Conserve Battery"],"relics":["Cracked Core","ReplayTheSpireMod:Ring of Collecting","ReplayTheSpireMod:Ring of Challenge","Ring of Fury","Frozen Egg 2","Replay:Antivirus Software"],"acts_visited":["Exordium"],"potions_floor_usage":[11,11,12,13],"damage_taken":[{"damage":0,"enemies":"2 Louse","floor":1,"turns":2},{"damage":7,"enemies":"Jaw Worm","floor":4,"turns":2},{"damage":0,"enemies":"Cultist","floor":8,"turns":2},{"damage":45,"enemies":"Gremlin Nob","floor":11,"turns":5},{"damage":5,"enemies":"Looter","floor":12,"turns":3},{"damage":18,"enemies":"Lagavulin","floor":13,"turns":5}],"seed_played":"-6102031292877467761","potions_obtained":[{"floor":3,"key":"Weak Potion"},{"floor":3,"key":"DuplicationPotion"},{"floor":3,"key":"SkillPotion"},{"floor":11,"key":"BlessingOfTheForge"}],"is_trial":false,"path_per_floor":["M","?","?","M","$","R","?","M","T","?","E","M","E"],"character_chosen":"DEFECT","items_purchased":[],"campfire_rested":0,"item_purchase_floors":[],"current_hp_per_floor":[75,75,75,68,68,68,57,57,57,57,12,7,0,0],"gold":190,"neow_bonus":"ONE_RANDOM_RARE_CARD","is_daily":false,"chose_seed":false,"campfire_upgraded":1,"win_rate":0.0,"timestamp":1608653903,"path_taken":["M","?","?","?","$","R","?","M","T","?","E","M","E"],"items_purchased_type":[],"build_version":"2020-12-13","purchased_purges":1,"victory":false,"max_hp_per_floor":[75,75,75,75,75,75,75,75,75,75,75,75,75,75],"card_choices":[{"not_picked":["Barrage","Streamline"],"picked":"Leap","floor":1},{"not_picked":["StuffTheSpire:Coldhearted","StuffTheSpire:Rend"],"picked":"Lockon","floor":4},{"not_picked":["Compile Driver","Go for the Eyes"],"picked":"Multi-Cast","floor":8},{"not_picked":["StuffTheSpire:LoadUp","Beam Cell"],"picked":"Coolheaded","floor":11},{"not_picked":["Compile Driver","Hologram"],"picked":"Conserve Battery","floor":12}],"player_experience":365733,"relics_obtained":[{"floor":2,"key":"ReplayTheSpireMod:Ring of Collecting"},{"floor":2,"key":"ReplayTheSpireMod:Ring of Challenge"},{"floor":9,"key":"Ring of Fury"},{"floor":9,"key":"Frozen Egg 2"},{"floor":11,"key":"Replay:Antivirus Software"}],"event_choices":[{"damage_healed":0,"gold_gain":0,"player_choice":"Bought 3 Potions","damage_taken":0,"max_hp_gain":0,"max_hp_loss":0,"event_name":"The Woman in Blue","floor":3,"gold_loss":0},{"damage_healed":0,"gold_gain":75,"player_choice":"Gold","damage_taken":11,"max_hp_gain":0,"max_hp_loss":0,"event_name":"betterThird:BetterGoop","floor":7,"gold_loss":0},{"damage_healed":57,"gold_gain":0,"player_choice":"Embrace Burn","damage_taken":0,"max_hp_gain":0,"max_hp_loss":75,"event_name":"betterThird:BetterShining","floor":10,"gold_loss":0}],"is_beta":false,"boss_relics":[],"items_purged_floors":[5],"is_endless":false,"potions_floor_spawned":[4,11],"killed_by":"Lagavulin","ascension_level":3}}