{"host":"49pjgf1q9ev52n8z","time":1608669754,"event":{"mods":["BaseMod","Colored Map","Minty Spire (QoL Compilation)","Relic Stats","StSLib"],"gold_per_floor":[118,136,152,164,164,193,207,207,233,245,279,297,297,48,48,122,122,134,145,95,113,130,130,159,159,159],"floor_reached":25,"playtime":2316,"items_purged":[],"score":438,"play_id":"24ede692-e269-4f2e-b020-68a4c8bd3b17","local_time":"20201222124234","is_ascension_mode":true,"campfire_choices":[{"data":"Bouncing Flask","floor":8.0,"key":"SMITH"},{"floor":13.0,"key":"REST"},{"data":"Noxious Fumes","floor":15.0,"key":"SMITH"},{"floor":23,"key":"REST"}],"circlet_count":0,"master_deck":["AscendersBane","Strike_G+1","Strike_G","Strike_G+1","Strike_G","Strike_G","Defend_G","Defend_G","Defend_G","Defend_G","Defend_G","Survivor","Neutralize+1","Catalyst","Flying Knee","Bouncing Flask+1","Bane+1","Backstab","Sucker Punch","Dagger Spray+1","Footwork","Dash","Noxious Fumes+1","A Thousand Cuts","PiercingWail","Well Laid Plans"],"relics":["Ring of the Snake","Eternal Feather","Smiling Mask","Ancient Tea Set","Bronze Scales","Velvet Choker","Whetstone"],"acts_visited":["Exordium","TheCity"],"potions_floor_usage":[24,25],"damage_taken":[{"damage":3.0,"enemies":"Jaw Worm","floor":1.0,"turns":4.0},{"damage":8.0,"enemies":"Cultist","floor":2.0,"turns":5.0},{"damage":0.0,"enemies":"2 Louse","floor":3.0,"turns":3.0},{"damage":11.0,"enemies":"Large Slime","floor":4.0,"turns":6.0},{"damage":18.0,"enemies":"Gremlin Nob","floor":6.0,"turns":4.0},{"damage":1.0,"enemies":"3 Louse","floor":7.0,"turns":3.0},{"damage":18.0,"enemies":"Exordium Wildlife","floor":10.0,"turns":5.0},{"damage":10.0,"enemies":"Lagavulin","floor":11.0,"turns":4.0},{"damage":3.0,"enemies":"Lots of Slimes","floor":12.0,"turns":3.0},{"damage":10.0,"enemies":"The Guardian","floor":16.0,"turns":7.0},{"damage":4.0,"enemies":"Chosen","floor":18.0,"turns":3.0},{"damage":7.0,"enemies":"3 Byrds","floor":19.0,"turns":4.0},{"damage":18.0,"enemies":"Centurion and Healer","floor":21.0,"turns":6.0},{"damage":25,"enemies":"Sentry and Sphere","floor":22,"turns":5},{"damage":26,"enemies":"Book of Stabbing","floor":24,"turns":5},{"damage":34,"enemies":"Snecko","floor":25,"turns":4}],"seed_played":"-4859934545998532092","potions_obtained":[{"floor":1.0,"key":"Regen Potion"},{"floor":2.0,"key":"AttackPotion"},{"floor":10.0,"key":"SkillPotion"},{"floor":11.0,"key":"CunningPotion"},{"floor":16.0,"key":"EssenceOfSteel"},{"floor":18.0,"key":"EntropicBrew"},{"floor":22,"key":"AttackPotion"},{"floor":24,"key":"SpeedPotion"}],"is_trial":false,"path_per_floor":["M","M","M","M","?","E","M","R","T","M","E","M","R","$","R","B",null,"M","M","?","M","M","R","E","M"],"character_chosen":"THE_SILENT","items_purchased":["Bronze Scales","Noxious Fumes"],"campfire_rested":2,"item_purchase_floors":[14,14],"current_hp_per_floor":[62,54,54,43,43,39,38,47,47,29,19,16,49,49,61,51,67,63,56,56,38,13,49,23,0,0],"gold":159,"neow_bonus":"TEN_PERCENT_HP_BONUS","is_daily":false,"chose_seed":false,"campfire_upgraded":2,"win_rate":0.0,"timestamp":1608669754,"path_taken":["M","M","M","M","?","E","M","R","T","M","E","M","R","$","R","BOSS","M","?","?","?","M","R","E","M"],"items_purchased_type":["Relic","Card"],"build_version":"2020-12-13","purchased_purges":0,"victory":false,"max_hp_per_floor":[72,72,72,72,72,72,72,72,72,72,72,72,72,72,72,72,72,72,72,72,72,72,72,72,72,72],"relic_stats":{"counters":[16,71],"Bronze Scales":[72],"Eternal Feather":48,"Whetstone":["Bane","Dagger Spray"],"Smiling Mask":0,"obtain_stats":[{"Bronze Scales":14,"Velvet Choker":17,"Eternal Feather":6,"Whetstone":24,"Smiling Mask":9,"Ancient Tea Set":11,"Ring of the Snake":0},{"Bronze Scales":9,"Velvet Choker":10,"Eternal Feather":5,"Whetstone":15,"Smiling Mask":6,"Ancient Tea Set":8,"Ring of the Snake":0},{"Bronze Scales":37,"Velvet Choker":44,"Eternal Feather":22,"Whetstone":67,"Smiling Mask":25,"Ancient Tea Set":34,"Ring of the Snake":0}],"Ring of the Snake":[32]},"card_choices":[{"not_picked":["Setup","Quick Slash"],"picked":"Catalyst","floor":1.0},{"not_picked":["Deflect","Cloak And Dagger"],"picked":"Flying Knee","floor":2.0},{"not_picked":["Eviscerate","Escape Plan"],"picked":"Bouncing Flask","floor":3.0},{"not_picked":["Infinite Blades","Eviscerate"],"picked":"Bane","floor":4.0},{"not_picked":["Accuracy","Bane"],"picked":"Backstab","floor":6.0},{"not_picked":["Flying Knee","PiercingWail"],"picked":"Sucker Punch","floor":7.0},{"not_picked":["Infinite Blades","Heel Hook"],"picked":"Dagger Spray","floor":10.0},{"not_picked":["Bane","Eviscerate"],"picked":"Footwork","floor":11.0},{"not_picked":["Slice","Quick Slash"],"picked":"Dash","floor":12.0},{"not_picked":["Unload","Glass Knife"],"picked":"A Thousand Cuts","floor":16.0},{"not_picked":["Calculated Gamble","Slice"],"picked":"PiercingWail","floor":18.0},{"not_picked":["Poisoned Stab","Quick Slash","Finisher"],"picked":"SKIP","floor":19.0},{"not_picked":["Dodge and Roll","Unload"],"picked":"Well Laid Plans","floor":21.0},{"not_picked":["Dagger Throw+1","Cloak And Dagger","Bane"],"picked":"SKIP","floor":22},{"not_picked":["Expertise","Dagger Spray","Riddle With Holes"],"picked":"SKIP","floor":24}],"player_experience":595977,"relics_obtained":[{"floor":6.0,"key":"Eternal Feather"},{"floor":9.0,"key":"Smiling Mask"},{"floor":11.0,"key":"Ancient Tea Set"},{"floor":24,"key":"Whetstone"}],"event_choices":[{"damage_healed":0.0,"max_hp_gain":0.0,"max_hp_loss":0.0,"gold_gain":0.0,"event_name":"Upgrade Shrine","player_choice":"Upgraded","floor":5.0,"gold_loss":0.0,"damage_taken":0.0,"cards_upgraded":["Neutralize"]},{"damage_healed":0.0,"max_hp_gain":0.0,"max_hp_loss":0.0,"gold_gain":0.0,"event_name":"Designer","player_choice":"Upgraded Two","floor":20.0,"gold_loss":50.0,"damage_taken":0.0,"cards_upgraded":["Strike_G","Strike_G"]}],"is_beta":false,"boss_relics":[{"not_picked":["WristBlade","HoveringKite"],"picked":"Velvet Choker"}],"items_purged_floors":[],"is_endless":false,"potions_floor_spawned":[1,2,10,11,16,18,22,24],"killed_by":"Snecko","ascension_level":17}}