{"host":"zx10cf1fsoa3eqiy","time":1608623640,"event":{"mods":["BaseMod","Colored Powertips","Downfall","Highlight Path","Minty Spire (QoL Compilation)","Quick Restart","Replay The Spire","Shop Mod","StSLib","Td1madao Mod","The Servant 0.9.4","Yuri Mod"],"gold_per_floor":[115,115,115,127,127,162,162,197,197,217,248,248,24,24,24,120,120,138,150,163,163,182,182,209,228,228,228,247,24,24,24,24,122,122,132,92,110,129,144,144,175,175,243,272,117,117,133,185,185,185,185,185,2,29,29,29],"floor_reached":55,"playtime":2610,"items_purged":["Pain"],"score":736,"play_id":"555008f3-34a2-4169-94fe-c0c5e4d43bc7","local_time":"20201222155400","is_ascension_mode":true,"campfire_choices":[{"data":"ReplayTheSpireMod:Calculation Training","floor":7.0,"key":"SMITH"},{"floor":12.0,"key":"REST"},{"floor":15.0,"key":"REST"},{"floor":23.0,"key":"REST"},{"floor":27.0,"key":"REST"},{"floor":32.0,"key":"REST"},{"data":"Zap","floor":42.0,"key":"SMITH"},{"floor":46.0,"key":"REST"},{"floor":49.0,"key":"RECALL"},{"data":"Dualcast","floor":52.0,"key":"SMITH"}],"circlet_count":0,"master_deck":["Strike_B","Strike_B","Strike_B","Defend_B+1","Defend_B","Defend_B+1","Defend_B","Zap+1","Dualcast+1","ReplayTheSpireMod:Calculation Training+1","Biased Cognition+1","Storm+1","Leap","Seek+1","Storm+1","Echo Form+1","CurseOfTheBell","Conserve Battery+1","Core Surge+1","Consume+1","Auto Shields","Stack+1","Capacitor+1","Echo Form+1","Auto Shields","Aggregate+1","Leap+1","Shame","Loop+1","Defragment+1","Consume+1","ReplayTheSpireMod:Calculation Training+1"],"relics":["Cracked Core","NeowsBlessing","Singing Bowl","Art of War","Golden Egg","Replay:Rubber Ducky","ReplayTheSpireMod:TigerMarble","Pet Ghost","Calling Bell","Regal Pillow","Replay:Bottled Snecko","CaptainsWheel","WarpedTongs","Bottled Lightning","Kunai","Guide Book","Cursed Key","Bronze Scales","Mummified Hand","War Paint","ReplayTheSpireMod:Ninjato","Runic Capacitor","Onion Ring"],"acts_visited":["Exordium","TheCity","TheBeyond","TheEnding"],"potions_floor_usage":[],"damage_taken":[{"damage":0.0,"enemies":"Small Slimes","floor":1.0,"turns":1.0},{"damage":0.0,"enemies":"2 Louse","floor":4.0,"turns":1.0},{"damage":0.0,"enemies":"Gremlin Nob","floor":6.0,"turns":1.0},{"damage":29.0,"enemies":"3 Sentries","floor":8.0,"turns":8.0},{"damage":1.0,"enemies":"Cultist","floor":10.0,"turns":3.0},{"damage":37.0,"enemies":"Gremlin Nob","floor":11.0,"turns":5.0},{"damage":22.0,"enemies":"Slime Boss","floor":16.0,"turns":7.0},{"damage":6.0,"enemies":"Shell Parasite","floor":18.0,"turns":3.0},{"damage":0.0,"enemies":"Spheric Guardian","floor":19.0,"turns":3.0},{"damage":6.0,"enemies":"Snake Plant","floor":20.0,"turns":5.0},{"damage":7.0,"enemies":"Snecko","floor":22.0,"turns":6.0},{"damage":8.0,"enemies":"Book of Stabbing","floor":24.0,"turns":5.0},{"damage":19.0,"enemies":"Centurion and Healer","floor":25.0,"turns":5.0},{"damage":23.0,"enemies":"Cultist and Chosen","floor":28.0,"turns":5.0},{"damage":54.0,"enemies":"Automaton","floor":33.0,"turns":9.0},{"damage":8.0,"enemies":"3 Shapes","floor":35.0,"turns":3.0},{"damage":6.0,"enemies":"Orb Walker","floor":37.0,"turns":4.0},{"damage":25.0,"enemies":"4 Shapes","floor":38.0,"turns":5.0},{"damage":7.0,"enemies":"Sphere and 2 Shapes","floor":39.0,"turns":4.0},{"damage":2.0,"enemies":"Nemesis","floor":41.0,"turns":7.0},{"damage":32.0,"enemies":"Reptomancer","floor":44.0,"turns":6.0},{"damage":17.0,"enemies":"3 Darklings","floor":47.0,"turns":2.0},{"damage":20.0,"enemies":"Replay:Hell Engine","floor":50.0,"turns":8.0},{"damage":13,"enemies":"Shield and Spear","floor":54,"turns":4},{"damage":80,"enemies":"The Heart","floor":55,"turns":5}],"seed_played":"-7238877768706285134","potions_obtained":[{"floor":4.0,"key":"Fire Potion"},{"floor":8.0,"key":"SkillPotion"},{"floor":11.0,"key":"PowerPotion"},{"floor":16.0,"key":"FearPotion"},{"floor":19.0,"key":"DuplicationPotion"},{"floor":20.0,"key":"LifebloodPotion"},{"floor":24.0,"key":"Adrenaline Potion"},{"floor":35.0,"key":"CultistPotion"},{"floor":41.0,"key":"FearPotion"},{"floor":44.0,"key":"Toxic Potion"},{"floor":47.0,"key":"SkillPotion"},{"floor":54,"key":"SteroidPotion"}],"is_trial":false,"path_per_floor":["M","$","?","M","?","E","R","E","T","M","E","R","$","?","R","B",null,"M","M","M","?","M","R","E","M","T","R","M","$","?","T","R","B",null,"M","?","M","M","M","?","E","R","T","E","$","R","M","?","R","B",null,"R","$","E","B"],"character_chosen":"DEFECT","items_purchased":["ReplayTheSpireMod:TigerMarble","Storm","Capacitor","Guide Book","Defragment","Runic Capacitor","ReplayTheSpireMod:Calculation Training"],"campfire_rested":6,"item_purchase_floors":[13,13,29,29,45,53,53],"current_hp_per_floor":[75,75,75,75,75,75,75,46,46,45,8,30,30,30,52,30,75,71,71,65,65,58,77,71,52,52,79,56,56,56,56,79,25,79,73,73,67,42,35,71,71,71,71,39,39,73,56,42,42,22,77,77,77,66,0,0],"gold":29,"neow_bonus":"THREE_ENEMY_KILL","is_daily":false,"chose_seed":false,"campfire_upgraded":3,"win_rate":0.0,"timestamp":1608623640,"path_taken":["M","$","?","M","?","E","R","E","T","M","E","R","$","?","R","BOSS","M","M","M","?","M","R","E","M","T","R","M","?","?","?","R","BOSS","M","?","M","?","?","?","E","R","T","E","$","R","M","?","R","BOSS","R","$","E","BOSS"],"items_purchased_type":["Relic","Card","Card","Relic","Card","Relic","Card"],"build_version":"2020-12-13","purchased_purges":1,"victory":false,"max_hp_per_floor":[75,75,75,75,75,75,75,75,75,75,75,75,75,75,75,75,75,77,77,77,77,77,77,79,79,79,79,79,79,79,79,79,79,79,81,81,81,81,81,71,73,73,73,73,73,73,73,77,77,77,77,77,77,79,79,79],"card_choices":[{"not_picked":["Ball Lightning","Scrape"],"picked":"ReplayTheSpireMod:Calculation Training","floor":1.0},{"not_picked":["Coolheaded","Recycle","Blizzard"],"picked":"SKIP","floor":4.0},{"not_picked":["Chill","Cold Snap"],"picked":"Biased Cognition","floor":6.0},{"not_picked":["Go for the Eyes","Rebound"],"picked":"Storm","floor":8.0},{"not_picked":["Compile Driver","Conserve Battery"],"picked":"Leap","floor":10.0},{"not_picked":["Crystallizer","Turbo"],"picked":"Seek","floor":11.0},{"not_picked":["Amplify","Meteor Strike"],"picked":"Echo Form","floor":16.0},{"not_picked":["Ball Lightning","Go for the Eyes","Compile Driver+1"],"picked":"Singing Bowl","floor":18.0},{"not_picked":["Streamline+1","Sweeping Beam"],"picked":"Conserve Battery","floor":19.0},{"not_picked":["Barrage","Sweeping Beam"],"picked":"Core Surge","floor":20.0},{"not_picked":["Hello World+1","Sunder+1"],"picked":"Consume","floor":22.0},{"not_picked":["Steam","Cold Snap+1","ReplayRNGCard"],"picked":"Singing Bowl","floor":24.0},{"not_picked":["Stack","Barrage"],"picked":"Auto Shields","floor":25.0},{"not_picked":["Redo","Streamline"],"picked":"Stack+1","floor":28.0},{"not_picked":["ReplayTheSpireMod:Omega Cannon","Hyperbeam"],"picked":"Echo Form","floor":33.0},{"not_picked":["Rebound","Streamline+1","Stack+1"],"picked":"Singing Bowl","floor":35.0},{"not_picked":["Hologram","ReplayGash+1"],"picked":"Auto Shields","floor":37.0},{"not_picked":["Doom and Gloom","Gash+1"],"picked":"Aggregate+1","floor":38.0},{"not_picked":["Coolheaded+1","Chill+1"],"picked":"Leap+1","floor":39.0},{"not_picked":["Reinforced Body","Cold Snap","Barrage"],"picked":"Singing Bowl","floor":41.0},{"not_picked":["BasicCrystalCard","Leap"],"picked":"Loop+1","floor":44.0},{"not_picked":["Reprogram","Mirror Shield"],"picked":"Consume+1","floor":47.0},{"not_picked":["Stack+1","Gash+1","Hello World"],"picked":"Singing Bowl","floor":48.0},{"not_picked":["Beam Cell","Glacier+1","Barrage"],"picked":"Singing Bowl","floor":48.0},{"not_picked":["Gash","BasicCrystalCard+1","Ball Lightning+1"],"picked":"Singing Bowl","floor":54}],"player_experience":264336,"relics_obtained":[{"floor":6.0,"key":"Singing Bowl"},{"floor":8.0,"key":"Art of War"},{"floor":9.0,"key":"Golden Egg"},{"floor":11.0,"key":"Replay:Rubber Ducky"},{"floor":17.0,"key":"Regal Pillow"},{"floor":17.0,"key":"Replay:Bottled Snecko"},{"floor":17.0,"key":"CaptainsWheel"},{"floor":24.0,"key":"Bottled Lightning"},{"floor":26.0,"key":"Kunai"},{"floor":41.0,"key":"Bronze Scales"},{"floor":43.0,"key":"Mummified Hand"},{"floor":44.0,"key":"War Paint"},{"floor":48.0,"key":"ReplayTheSpireMod:Ninjato"},{"floor":54,"key":"Onion Ring"}],"event_choices":[{"cards_removed":["Meteor Strike"],"damage_healed":0.0,"max_hp_gain":0.0,"max_hp_loss":0.0,"gold_gain":0.0,"event_name":"WeMeetAgain","player_choice":"Gave Card","floor":14.0,"gold_loss":0.0,"damage_taken":0.0,"relics_obtained":["Pet Ghost"]},{"damage_healed":0.0,"max_hp_gain":0.0,"max_hp_loss":0.0,"gold_gain":0.0,"event_name":"Accursed Blacksmith","player_choice":"Rummage","floor":21.0,"gold_loss":0.0,"damage_taken":0.0,"relics_obtained":["WarpedTongs"],"cards_obtained":["Pain"]},{"damage_healed":0.0,"max_hp_gain":0.0,"max_hp_loss":0.0,"gold_gain":0.0,"event_name":"Ghosts","player_choice":"Ignored","floor":30.0,"gold_loss":0.0,"damage_taken":0.0},{"damage_healed":0.0,"max_hp_gain":0.0,"max_hp_loss":0.0,"gold_gain":0.0,"event_name":"Designer","player_choice":"Upgrade","floor":36.0,"gold_loss":40.0,"damage_taken":0.0,"cards_upgraded":["Consume"]},{"damage_healed":71.0,"max_hp_gain":0.0,"max_hp_loss":10.0,"gold_gain":0.0,"event_name":"The Moai Head","player_choice":"Heal","floor":40.0,"gold_loss":0.0,"damage_taken":0.0}],"is_beta":false,"boss_relics":[{"not_picked":["Replay:Drink Me","SlaversCollar"],"picked":"Calling Bell"},{"not_picked":["Kintsugi","Pandora\u0027s Box"],"picked":"Cursed Key"}],"items_purged_floors":[45],"is_endless":false,"potions_floor_spawned":[4,8,11,16,19,20,24,28,35,41,44,47,54],"killed_by":"The Heart","ascension_level":4}}