{"host":"qrt7o4dq2qslzw13","time":1608618736,"event":{"mods":["AchievementEnabler","BaseMod","Colored Map","Colored Powertips","Minty Spire (QoL Compilation)","Quick Restart","Rare Cards Sparkle","StSLib","SuperFastMode"],"gold_per_floor":[11,21,21,34,109,109,122,135,189,199,199,31,45,45,45,119,119,136,136,136,136],"floor_reached":20,"playtime":2773,"items_purged":[],"score":357,"play_id":"7d85840c-2010-4222-a706-cbe80c29f1bc","local_time":"20201222013216","is_ascension_mode":true,"campfire_choices":[{"data":"Rampage","floor":6,"key":"SMITH"},{"floor":11,"key":"REST"},{"floor":15,"key":"REST"}],"circlet_count":0,"master_deck":["AscendersBane","Defend_R","Defend_R","Defend_R","Bash","Disarm","Intimidate","Disarm","Rampage+1","Pommel Strike","Thunderclap","Armaments","Feed","Offering","Power Through","Bite","Bite","Bite","Bite","Bite"],"relics":["Black Blood","Potion Belt","Brimstone","Self Forming Clay"],"acts_visited":["Exordium","TheCity"],"potions_floor_usage":[16],"damage_taken":[{"damage":14.0,"enemies":"Cultist","floor":1.0,"turns":5.0},{"damage":0.0,"enemies":"2 Louse","floor":2.0,"turns":4.0},{"damage":4,"enemies":"Small Slimes","floor":4,"turns":3},{"damage":17,"enemies":"Blue Slaver","floor":7,"turns":4},{"damage":14,"enemies":"Exordium Wildlife","floor":8,"turns":6},{"damage":25,"enemies":"Large Slime","floor":10,"turns":6},{"damage":14,"enemies":"3 Louse","floor":13,"turns":4},{"damage":24,"enemies":"Slime Boss","floor":16,"turns":9},{"damage":36,"enemies":"Shell Parasite","floor":18,"turns":5},{"damage":13,"enemies":"3 Byrds","floor":20,"turns":3}],"seed_played":"7828210726141329487","potions_obtained":[{"floor":1.0,"key":"DistilledChaos"},{"floor":7,"key":"ElixirPotion"},{"floor":10,"key":"ElixirPotion"},{"floor":18,"key":"ElixirPotion"}],"is_trial":false,"path_per_floor":["M","M","?","M","?","R","M","M","T","M","R","$","M","?","R","B",null,"M","?","M"],"character_chosen":"IRONCLAD","items_purchased":["Brimstone"],"campfire_rested":2,"item_purchase_floors":[12],"current_hp_per_floor":[60,66,66,68,57,57,46,38,38,19,41,41,33,7,29,11,59,35,35,31,31],"gold":136,"neow_bonus":"TRANSFORM_TWO_CARDS","is_daily":false,"chose_seed":false,"campfire_upgraded":1,"win_rate":0.0,"timestamp":1608618736,"path_taken":["M","?","?","?","?","R","M","M","T","M","R","$","M","?","R","BOSS","M","?","M"],"items_purchased_type":["Relic"],"build_version":"2020-12-13","purchased_purges":0,"victory":false,"max_hp_per_floor":[75,75,75,75,75,75,75,75,75,75,75,75,75,75,75,75,75,75,52,52,52],"card_choices":[{"not_picked":["Havoc","Headbutt"],"picked":"Disarm","floor":1.0},{"not_picked":["True Grit","Infernal Blade"],"picked":"Rampage","floor":2.0},{"not_picked":["Infernal Blade","Flex"],"picked":"Pommel Strike","floor":4},{"not_picked":["Shrug It Off","Perfected Strike"],"picked":"Thunderclap","floor":7},{"not_picked":["Sword Boomerang","Heavy Blade"],"picked":"Armaments","floor":8},{"not_picked":["Havoc","Clash","Feel No Pain"],"picked":"SKIP","floor":10},{"not_picked":["Perfected Strike","Ghostly Armor"],"picked":"Feed","floor":13},{"not_picked":["Demon Form","Berserk"],"picked":"Offering","floor":16},{"not_picked":["Blood for Blood","Perfected Strike"],"picked":"Power Through","floor":18}],"player_experience":463698,"relics_obtained":[{"floor":9,"key":"Potion Belt"}],"event_choices":[{"cards_removed":["Strike_R"],"damage_healed":0.0,"max_hp_gain":0.0,"max_hp_loss":0.0,"gold_gain":0.0,"event_name":"Purifier","player_choice":"Purged","floor":3.0,"gold_loss":0.0,"damage_taken":0.0},{"damage_healed":0,"gold_gain":75,"player_choice":"Gather Gold","damage_taken":11,"max_hp_gain":0,"max_hp_loss":0,"event_name":"World of Goop","floor":5,"gold_loss":0},{"damage_healed":0,"gold_gain":0,"player_choice":"Success","damage_taken":26,"relics_obtained":["Self Forming Clay"],"max_hp_gain":0,"max_hp_loss":0,"event_name":"Scrap Ooze","floor":14,"gold_loss":0},{"damage_healed":0,"gold_gain":0,"player_choice":"Became a vampire","damage_taken":0,"max_hp_gain":0,"max_hp_loss":23,"event_name":"Vampires","floor":19,"gold_loss":0,"cards_obtained":["Bite","Bite","Bite","Bite","Bite"]}],"is_beta":false,"boss_relics":[{"not_picked":["Fusion Hammer","Black Star"],"picked":"Black Blood"}],"items_purged_floors":[],"is_endless":false,"potions_floor_spawned":[1,7,10,18],"killed_by":"3 Byrds","ascension_level":20}}