{"host":"rolltorest","time":1608604559,"event":{"mods":["BaseMod","Minty Spire (QoL Compilation)","StSLib"],"gold_per_floor":[113,113,113,113,123,123,153,153,176,210,225,255,285,295,295,366,366,377,377,302,315,59,59,72,104,104,116,128,144,144,163,163,239,239,255,255,1254,888,888,916,916,916,916],"floor_reached":42,"playtime":1436,"items_purged":["Strike_R","Strike_R","Normality"],"score":1078,"play_id":"bb3c9260-c116-4cc9-96ce-800a4f6fc850","local_time":"20201221183559","is_ascension_mode":true,"campfire_choices":[{"floor":6,"key":"REST"},{"floor":8,"key":"REST"},{"data":"Whirlwind","floor":15,"key":"SMITH"},{"data":"Feed","floor":23,"key":"SMITH"},{"floor":30,"key":"REST"},{"floor":32,"key":"REST"},{"floor":41,"key":"REST"}],"circlet_count":0,"master_deck":["AscendersBane","Strike_R+1","Defend_R","Defend_R","Defend_R","Bash+1","Shrug It Off","Whirlwind+1","Spot Weakness","Headbutt","Power Through+1","Dropkick","Demon Form","Feel No Pain","Feed+1","Flex","Second Wind","Heavy Blade+1","Sword Boomerang","Bloodletting+1","Corruption","Clash+1","Blood for Blood+1","Impervious+1","Clothesline","Normality","Burning Pact"],"relics":["Philosopher\u0027s Stone","PreservedInsect","Whetstone","Anchor","Blood Vial","Odd Mushroom","Letter Opener","Runic Pyramid","Question Card","Astrolabe","ClockworkSouvenir","Art of War"],"acts_visited":["Exordium","TheCity","TheBeyond"],"potions_floor_usage":[10,16,27,28,42],"damage_taken":[{"damage":0,"enemies":"Cultist","floor":1,"turns":4},{"damage":0,"enemies":"Jaw Worm","floor":5,"turns":3},{"damage":15,"enemies":"3 Sentries","floor":7,"turns":5},{"damage":0,"enemies":"Gremlin Nob","floor":10,"turns":2},{"damage":0,"enemies":"2 Louse","floor":11,"turns":3},{"damage":0,"enemies":"The Mushroom Lair","floor":12,"turns":3},{"damage":0,"enemies":"3 Sentries","floor":13,"turns":4},{"damage":0,"enemies":"Looter","floor":14,"turns":2},{"damage":19,"enemies":"Slime Boss","floor":16,"turns":6},{"damage":15,"enemies":"Spheric Guardian","floor":18,"turns":4},{"damage":0,"enemies":"3 Byrds","floor":21,"turns":3},{"damage":21,"enemies":"Centurion and Healer","floor":24,"turns":6},{"damage":25,"enemies":"Slavers","floor":25,"turns":3},{"damage":9,"enemies":"Shelled Parasite and Fungi","floor":27,"turns":5},{"damage":0,"enemies":"Snecko","floor":28,"turns":5},{"damage":16,"enemies":"Centurion and Healer","floor":29,"turns":5},{"damage":2,"enemies":"Sentry and Sphere","floor":31,"turns":3},{"damage":30,"enemies":"Automaton","floor":33,"turns":8},{"damage":41,"enemies":"3 Darklings","floor":35,"turns":4},{"damage":40,"enemies":"Nemesis","floor":40,"turns":7},{"damage":38,"enemies":"Reptomancer","floor":42,"turns":3}],"seed_played":"-2645247521167004940","potions_obtained":[{"floor":5,"key":"Weak Potion"},{"floor":7,"key":"SteroidPotion"},{"floor":12,"key":"Energy Potion"},{"floor":14,"key":"LiquidMemories"},{"floor":16,"key":"ElixirPotion"},{"floor":18,"key":"Dexterity Potion"},{"floor":27,"key":"Ancient Potion"},{"floor":33,"key":"SpeedPotion"},{"floor":40,"key":"PowerPotion"}],"is_trial":false,"path_per_floor":["M","?","?","?","M","R","E","R","T","E","M","?","E","M","R","B",null,"M","?","$","M","$","R","M","E","T","M","M","M","R","M","R","B",null,"M","?","?","$","?","E","R","E"],"character_chosen":"IRONCLAD","items_purchased":["Feed","Burning Pact","ClockworkSouvenir"],"campfire_rested":5,"item_purchase_floors":[22,38,38],"current_hp_per_floor":[68,73,49,14,14,38,23,47,47,47,49,51,53,55,55,38,70,57,57,57,59,59,59,44,25,25,22,28,18,48,48,78,54,92,53,53,53,53,53,19,49,13,13],"gold":916,"neow_bonus":"BOSS_RELIC","is_daily":false,"chose_seed":false,"campfire_upgraded":2,"win_rate":0.0,"timestamp":1608604559,"path_taken":["M","?","?","?","M","R","E","R","T","E","M","?","E","M","R","BOSS","M","?","$","M","$","R","?","E","T","M","?","M","R","M","R","BOSS","M","?","?","$","?","E","R","E"],"items_purchased_type":["Card","Card","Relic"],"build_version":"2020-12-18","purchased_purges":3,"victory":false,"max_hp_per_floor":[75,80,80,80,80,80,80,80,80,80,80,80,80,80,80,80,80,80,80,80,80,80,80,84,88,88,92,96,100,100,100,100,104,104,104,104,104,104,99,103,103,103,103],"card_choices":[{"not_picked":["True Grit","Dropkick"],"picked":"Shrug It Off","floor":1},{"not_picked":["Body Slam","Warcry"],"picked":"Whirlwind","floor":5},{"not_picked":["Reckless Charge","Heavy Blade","Body Slam"],"picked":"SKIP","floor":7},{"not_picked":["Heavy Blade","Sentinel"],"picked":"Spot Weakness","floor":10},{"not_picked":["Fire Breathing","Spot Weakness"],"picked":"Headbutt","floor":11},{"not_picked":["Pummel","Pommel Strike"],"picked":"Power Through","floor":12},{"not_picked":["Bludgeon","Dual Wield","True Grit"],"picked":"SKIP","floor":13},{"not_picked":["Body Slam","Sever Soul"],"picked":"Dropkick","floor":14},{"not_picked":["Berserk","Exhume"],"picked":"Demon Form","floor":16},{"not_picked":["Wild Strike+1","Clash"],"picked":"Feel No Pain","floor":18},{"not_picked":["Iron Wave","Clash","True Grit"],"picked":"SKIP","floor":21},{"not_picked":["Heavy Blade","Sword Boomerang"],"picked":"Flex","floor":24},{"not_picked":["Havoc","Sword Boomerang"],"picked":"Second Wind","floor":25},{"not_picked":["Double Tap","True Grit","Carnage"],"picked":"Heavy Blade+1","floor":27},{"not_picked":["Combust","Wild Strike","Havoc"],"picked":"Sword Boomerang","floor":28},{"not_picked":["Heavy Blade","Iron Wave","Flame Barrier"],"picked":"Bloodletting+1","floor":29},{"not_picked":["Combust","Clash","Infernal Blade"],"picked":"Shrug It Off+1","floor":31},{"not_picked":["Offering","Immolate","Exhume"],"picked":"Corruption","floor":33},{"not_picked":["Wild Strike","Intimidate","Pommel Strike"],"picked":"Clothesline","floor":35},{"not_picked":["Inflame","Sword Boomerang+1","Entrench","Havoc"],"picked":"SKIP","floor":40}],"player_experience":1701344,"relics_obtained":[{"floor":7,"key":"Whetstone"},{"floor":9,"key":"Anchor"},{"floor":10,"key":"Blood Vial"},{"floor":12,"key":"Odd Mushroom"},{"floor":13,"key":"Letter Opener"},{"floor":25,"key":"Question Card"},{"floor":40,"key":"Art of War"}],"event_choices":[{"damage_healed":0,"gold_gain":0,"player_choice":"Donut","damage_taken":0,"max_hp_gain":5,"max_hp_loss":0,"event_name":"Big Fish","floor":2,"gold_loss":0},{"damage_healed":0,"gold_gain":0,"player_choice":"Entered Light","damage_taken":24,"max_hp_gain":0,"max_hp_loss":0,"event_name":"Shining Light","floor":3,"gold_loss":0,"cards_upgraded":["Bash","Strike_R"]},{"damage_healed":0,"gold_gain":0,"player_choice":"Success","damage_taken":35,"relics_obtained":["PreservedInsect"],"max_hp_gain":0,"max_hp_loss":0,"event_name":"Scrap Ooze","floor":4,"gold_loss":0},{"damage_healed":0,"gold_gain":0,"player_choice":"Fought Mushrooms","damage_taken":0,"max_hp_gain":0,"max_hp_loss":0,"event_name":"Mushrooms","floor":12,"gold_loss":0},{"damage_healed":0,"gold_gain":0,"player_choice":"Forge","damage_taken":0,"max_hp_gain":0,"max_hp_loss":0,"event_name":"Accursed Blacksmith","floor":19,"gold_loss":0,"cards_upgraded":["Power Through"]},{"cards_removed":["Shrug It Off"],"damage_healed":0,"gold_gain":0,"player_choice":"Removed Skill","damage_taken":0,"max_hp_gain":0,"max_hp_loss":0,"event_name":"Falling","floor":36,"gold_loss":0},{"damage_healed":0,"gold_gain":999,"player_choice":"Gold","damage_taken":0,"max_hp_gain":0,"max_hp_loss":0,"event_name":"MindBloom","floor":37,"gold_loss":0,"cards_obtained":["Normality","Normality"]},{"damage_healed":0,"gold_gain":0,"player_choice":"Max HP","damage_taken":0,"max_hp_gain":0,"max_hp_loss":5,"event_name":"Winding Halls","floor":39,"gold_loss":0}],"is_beta":true,"boss_relics":[{"not_picked":["Mark of Pain","Coffee Dripper"],"picked":"Runic Pyramid"},{"not_picked":["Runic Dome","Runic Cube"],"picked":"Astrolabe"}],"items_purged_floors":[20,22,38],"is_endless":false,"potions_floor_spawned":[5,7,12,13,14,16,18,21,27,33,40],"killed_by":"Reptomancer","ascension_level":20}}