{"host":"4myl0piycjadqnwl","time":1608599345,"event":{"mods":["BaseMod","Colored Map","Downfall","Minty Spire (QoL Compilation)","StSLib"],"gold_per_floor":[99,99,127,127,127,159,183,214,229,79,89,119,34,44,57,160,160,160,187,187,221,237,269,269,194,224,224,240,257,141,151,166,267,267,267,315,333,344,344,376,376,403,403,432,512,345,395,450,460,460,460,487,10,10,10],"floor_reached":56,"playtime":4959,"items_purged":["champ:Strike","champ:Strike","champ:Strike"],"score":1673,"play_id":"420e4cca-af4d-4cb7-b298-281b2e1ba8c2","local_time":"20201222020905","is_ascension_mode":true,"campfire_choices":[{"data":"expansioncontent:Corrupt","floor":1.0,"key":"SMITH"},{"floor":5.0,"key":"RECALL"},{"data":"champ:GladiatorStyle","floor":10.0,"key":"SMITH"},{"data":"champ:Taunt","floor":18.0,"key":"SMITH"},{"data":"champ:BladeFlurry","floor":20.0,"key":"SMITH"},{"data":"champ:Duel","floor":25.0,"key":"SMITH"},{"data":"champ:EnchantCrown","floor":27.0,"key":"SMITH"},{"data":"champ:VampiricStrike","floor":35.0,"key":"SMITH"},{"data":"champ:BladeFlurry","floor":43.0,"key":"SMITH"},{"data":"champ:GladiatorStyle","floor":54,"key":"SMITH"}],"circlet_count":0,"master_deck":["champ:Strike","champ:Defend","champ:Defend","champ:Defend","champ:Defend","champ:Execute","champ:Taunt+1","expansioncontent:Corrupt+1","champ:Duel+1","champ:Aggression","champ:GladiatorStyle+1","champ:BringItOn","champ:GladiatorStyle+1","champ:GladiatorsShout","champ:EnchantCrown+1","champ:BladeFlurry+1","champ:RapidStrikes","champ:CalledShot","champ:GladiatorStyle+1","champ:PreciseThrust+1","champ:FanOfKnives+1","champ:GladiatorStyle","champ:BladeFlurry+1","champ:VampiricStrike+1","champ:CalledShot+1","champ:GladiatorStyle","champ:RapidStrikes+1"],"relics":["champ:ChampionCrown","hexamod:BolsterEngine","champ:LiftRelic","Anchor","Centennial Puzzle","Art of War","downfall:HeartBlessingRed","downfall:HeartBlessingGreen","Odd Mushroom","Sozu","champ:FightingForDummies","The Courier","Kunai","downfall:HeartBlessingBlue","Dream Catcher","Guardian:BottledAnomaly","champ:SignatureFinisher","champ:ChampionCrownUpgraded","Bronze Scales","Akabeko","Singing Bowl","Bag of Marbles","Oddly Smooth Stone","White Beast Statue","Membership Card","Unceasing Top","FossilizedHelix","Bottled Lightning","Strawberry","Torii","Toy Ornithopter","Calipers","Nunchaku"],"acts_visited":["Exordium","TheCity","TheBeyond","TheEnding"],"potions_floor_usage":[],"damage_taken":[{"damage":37.0,"enemies":"Gremlin Nob","floor":3.0,"turns":5.0},{"damage":16.0,"enemies":"3 Sentries","floor":6.0,"turns":8.0},{"damage":23.0,"enemies":"Gremlin Nob","floor":8.0,"turns":4.0},{"damage":5.0,"enemies":"Jaw Worm","floor":9.0,"turns":2.0},{"damage":0.0,"enemies":"2 Louse","floor":11.0,"turns":1.0},{"damage":13.0,"enemies":"The Mushroom Lair","floor":12.0,"turns":4.0},{"damage":5.0,"enemies":"downfall:FleeingMerchant","floor":13.0,"turns":4.0},{"damage":0.0,"enemies":"Cultist","floor":14.0,"turns":2.0},{"damage":0.0,"enemies":"3 Louse","floor":15.0,"turns":2.0},{"damage":22.0,"enemies":"downfall:Silent","floor":16.0,"turns":8.0},{"damage":16.0,"enemies":"Gremlin Leader","floor":19.0,"turns":4.0},{"damage":2.0,"enemies":"Book of Stabbing","floor":21.0,"turns":3.0},{"damage":0.0,"enemies":"Shell Parasite","floor":22.0,"turns":3.0},{"damage":22.0,"enemies":"Gremlin Leader","floor":23.0,"turns":5.0},{"damage":26.0,"enemies":"Slavers","floor":26.0,"turns":5.0},{"damage":0.0,"enemies":"3 Byrds","floor":28.0,"turns":4.0},{"damage":0.0,"enemies":"Snake Plant","floor":29.0,"turns":4.0},{"damage":5.0,"enemies":"downfall:FleeingMerchant","floor":30.0,"turns":4.0},{"damage":4.0,"enemies":"Centurion and Healer","floor":31.0,"turns":3.0},{"damage":0.0,"enemies":"3 Cultists","floor":32.0,"turns":3.0},{"damage":0.0,"enemies":"downfall:Watcher","floor":33.0,"turns":3.0},{"damage":9.0,"enemies":"Orb Walker","floor":37.0,"turns":2.0},{"damage":11.0,"enemies":"3 Shapes","floor":38.0,"turns":2.0},{"damage":11.0,"enemies":"Nemesis","floor":40.0,"turns":5.0},{"damage":12.0,"enemies":"Giant Head","floor":42.0,"turns":3.0},{"damage":8.0,"enemies":"Nemesis","floor":44.0,"turns":4.0},{"damage":17.0,"enemies":"Mind Bloom Boss Battle","floor":47.0,"turns":5.0},{"damage":14.0,"enemies":"2 Orb Walkers","floor":48.0,"turns":3.0},{"damage":6.0,"enemies":"Jaw Worm Horde","floor":49.0,"turns":3.0},{"damage":0.0,"enemies":"downfall:Ironclad","floor":50.0,"turns":4.0},{"damage":48,"enemies":"downfall:CharBossMerchant","floor":52,"turns":6},{"damage":21,"enemies":"downfall:NeowBoss","floor":55,"turns":24}],"seed_played":"1405567128165523783","potions_obtained":[{"floor":3.0,"key":"champ:CounterPotion"},{"floor":6.0,"key":"champ:OpenerPotion"},{"floor":8.0,"key":"SkillPotion"}],"is_trial":false,"path_per_floor":["R","?","E","?","R","E","T","E","M","R","M","?","$","M","M","B",null,"R","E","R","E","M","E","T","R","E","R","M","M","$","M","M","B",null,"R","T","M","M","?","E","T","E","R","E","?","$","?","?","M","B",null,"E","$","R","B",null],"character_chosen":"THE_CHAMP","items_purchased":["champ:GladiatorStyle","Guardian:BottledAnomaly","champ:SignatureFinisher","Membership Card","Strawberry","Torii","Toy Ornithopter","Calipers","Nunchaku"],"campfire_rested":0,"item_purchase_floors":[13,30,30,46,53,53,53,53,53],"current_hp_per_floor":[81,86,64,64,64,53,53,35,35,35,35,35,35,35,35,18,86,86,75,75,73,73,54,54,64,46,46,46,46,46,42,42,42,96,96,96,96,96,96,96,96,98,98,97,97,97,102,96,106,106,106,86,93,93,113],"gold":10,"neow_bonus":"RANDOM_COLORLESS_2","is_daily":false,"chose_seed":false,"campfire_upgraded":9,"win_rate":0.0,"timestamp":1608599345,"path_taken":["R","?","E","?","R","E","T","E","M","R","M","?","?","?","M","BOSS","R","E","R","E","M","E","T","R","E","R","M","M","$","M","M","BOSS","R","?","M","M","?","E","T","E","R","E","?","$","?","?","M","BOSS","E","$","R","BOSS"],"items_purchased_type":["Card","Relic","Relic","Relic","Relic","Relic","Relic","Relic","Relic"],"build_version":"2020-12-13","purchased_purges":3,"victory":true,"max_hp_per_floor":[81,86,86,86,86,86,86,86,86,86,86,86,86,86,86,86,86,86,86,86,86,86,86,86,96,96,96,96,96,96,96,96,96,96,96,96,96,96,96,96,96,98,98,100,100,100,102,104,106,106,106,106,113,113,113],"card_choices":[{"not_picked":["Mayhem","expansioncontent:StudyTheSpire"],"picked":"expansioncontent:Corrupt","floor":0.0},{"not_picked":["champ:EnragedBash","champ:PerfectedStrike"],"picked":"champ:Duel","floor":3.0},{"not_picked":["champ:Duel","champ:FalseCounter"],"picked":"champ:Aggression","floor":6.0},{"not_picked":["champ:IronFortress","champ:ShieldSigil"],"picked":"champ:GladiatorStyle","floor":8.0},{"not_picked":["champ:PerfectedStrike","champ:FocusedBerserking","champ:TornadoPunch"],"picked":"SKIP","floor":9.0},{"not_picked":["champ:TornadoPunch","champ:HeartStrike","champ:SwordSigil"],"picked":"SKIP","floor":11.0},{"not_picked":["champ:ShieldSigil","champ:Circumvent"],"picked":"champ:BringItOn","floor":13.0},{"not_picked":["champ:Balance","champ:DancingMaster"],"picked":"champ:GladiatorsShout","floor":14.0},{"not_picked":["champ:SwordSigil","champ:Encircle","champ:EnGarde"],"picked":"SKIP","floor":15.0},{"not_picked":["champ:CheapShot","champ:SteelEdge"],"picked":"champ:EnchantCrown","floor":16.0},{"not_picked":["champ:TornadoPunch","champ:BringItOn+1"],"picked":"champ:BladeFlurry","floor":19.0},{"not_picked":["champ:TornadoPunch","champ:Haymaker"],"picked":"champ:RapidStrikes","floor":21.0},{"not_picked":["champ:Balance+1","champ:FightOn"],"picked":"champ:CalledShot","floor":22.0},{"not_picked":["champ:BerserkersShout","champ:SwordSigil"],"picked":"champ:GladiatorStyle+1","floor":23.0},{"not_picked":["champ:Backstep","champ:ShieldSigil+1","champ:Haymaker"],"picked":"SKIP","floor":26.0},{"not_picked":["champ:PerfectedStrike","champ:RecklessLeap"],"picked":"champ:PreciseThrust+1","floor":28.0},{"not_picked":["champ:DeathBlow","champ:HeartStrike+1"],"picked":"champ:FanOfKnives+1","floor":29.0},{"not_picked":["champ:Encircle","champ:DefensiveStyle"],"picked":"champ:GladiatorStyle","floor":30.0},{"not_picked":["champ:SwordSigil","champ:ViciousMockery+1"],"picked":"champ:BladeFlurry","floor":31.0},{"not_picked":["champ:ViciousMockery+1","champ:FlashCut","champ:AdrenalArmor"],"picked":"SKIP","floor":32.0},{"not_picked":["champ:PerfectForm","champ:EnchantShield"],"picked":"champ:VampiricStrike","floor":33.0},{"not_picked":["champ:Shatter+1","champ:Riposte"],"picked":"champ:CalledShot+1","floor":37.0},{"not_picked":["champ:RisingSlash+1","champ:HeartStrike+1","champ:StanceDance+1"],"picked":"SKIP","floor":38.0},{"not_picked":["champ:PerfectedStrike+1","champ:SkillfulDodge+1"],"picked":"champ:GladiatorStyle","floor":40.0},{"not_picked":["champ:Backstep+1","champ:BerserkersShout","champ:ArenaPreparation"],"picked":"Singing Bowl","floor":42.0},{"not_picked":["champ:TornadoPunch+1","champ:CrookedStrike","champ:ShieldSigil+1"],"picked":"Singing Bowl","floor":44.0},{"not_picked":["champ:DefensiveShout+1","champ:FocusedBerserking+1","champ:GladiatorsShout"],"picked":"Singing Bowl","floor":47.0},{"not_picked":["champ:CrookedStrike","champ:ArenaPreparation","champ:GladiatorsShout"],"picked":"Singing Bowl","floor":48.0},{"not_picked":["champ:GutPunch+1","champ:SwordSigil+1","champ:Shatter+1"],"picked":"Singing Bowl","floor":49.0},{"not_picked":["champ:Encircle+1","champ:TornadoPunch"],"picked":"champ:RapidStrikes+1","floor":52}],"player_experience":1372651,"relics_obtained":[{"floor":3.0,"key":"hexamod:BolsterEngine"},{"floor":6.0,"key":"Anchor"},{"floor":7.0,"key":"Centennial Puzzle"},{"floor":8.0,"key":"Art of War"},{"floor":12.0,"key":"Odd Mushroom"},{"floor":19.0,"key":"champ:FightingForDummies"},{"floor":21.0,"key":"The Courier"},{"floor":23.0,"key":"Kunai"},{"floor":26.0,"key":"Dream Catcher"},{"floor":36.0,"key":"Bronze Scales"},{"floor":40.0,"key":"Akabeko"},{"floor":41.0,"key":"Singing Bowl"},{"floor":42.0,"key":"Bag of Marbles"},{"floor":44.0,"key":"Oddly Smooth Stone"},{"floor":45.0,"key":"White Beast Statue"},{"floor":47.0,"key":"Unceasing Top"},{"floor":48.0,"key":"FossilizedHelix"},{"floor":52,"key":"Bottled Lightning"}],"event_choices":[{"damage_healed":0.0,"max_hp_gain":5.0,"max_hp_loss":0.0,"gold_gain":0.0,"event_name":"Big Fish","player_choice":"Donut","floor":2.0,"gold_loss":0.0,"damage_taken":0.0},{"damage_healed":0.0,"max_hp_gain":0.0,"max_hp_loss":0.0,"gold_gain":0.0,"event_name":"Mushrooms","player_choice":"Fought Mushrooms","floor":12.0,"gold_loss":0.0,"damage_taken":0.0},{"damage_healed":0.0,"max_hp_gain":0.0,"max_hp_loss":0.0,"gold_gain":0.0,"event_name":"Mysterious Sphere","player_choice":"Fight","floor":48.0,"gold_loss":0.0,"damage_taken":0.0}],"is_beta":false,"boss_relics":[{"not_picked":["Ectoplasm","Empty Cage"],"picked":"Sozu"},{"not_picked":["Astrolabe","Runic Pyramid"],"picked":"champ:ChampionCrownUpgraded"}],"items_purged_floors":[30,46,53],"is_endless":false,"potions_floor_spawned":[3,6,8,16,21,23,28,31,32,38,47,48,49,52],"ascension_level":3}}