{"host":"cojowzl7ldeir62o","time":1608637934,"event":{"mods":["BaseMod","Downfall","Lobotomy","LobotomyExtend","Marisa£®ÏF”Í°°ƒß¿Ì…≥£©","Minty Spire (QoL Compilation)","Quick Restart","Reimu£®≤©¿ˆ¡È√Œ£©","Remilia£®¿Ÿ√◊¿Ú—«£©","StSLib"],"gold_per_floor":[410,485,485,508,521,521,555,555,555,535,233,78,78,78,78,203,203,224,224,75,99,142,202,202,242,267,20,20,20,61,61,61,187,187,232,272,313,357,373,373,404,404,404,737,785,155,190,245,245,285],"floor_reached":51,"playtime":2902,"items_purged":["Strike_RM","BlasphemousPunishment"],"score":1009,"play_id":"4b424d26-e1d2-43df-b2a0-331b7a04f8c2","local_time":"20201222195214","is_ascension_mode":false,"campfire_choices":[{"data":"ScarletImprint","floor":6.0,"key":"SMITH"},{"data":"TransientEternity","floor":13.0,"key":"SMITH"},{"data":"FitfulNightmare","floor":15.0,"key":"SMITH"},{"data":"BloodyCatastrophe","floor":24.0,"key":"SMITH"},{"data":"TwelveNightmare","floor":32.0,"key":"SMITH"},{"data":"MastersStateliness","floor":40,"key":"SMITH"},{"data":"HunterOfTheNight","floor":42,"key":"SMITH"},{"data":"Stigmanizer","floor":49,"key":"SMITH"}],"circlet_count":0,"master_deck":["RedMoon","ScarletShoot","UnstableMagic","EternalNight","ScarletImprint+1","TransientEternity+1","MastersStateliness+1","FitfulNightmare+1","BloodHunter","ScarletDevilSign+1","QueenOfMidnight+1","FavorOfDestiny+1","NightDance","Stigmanizer+1","StarOfDavid","BloodyCatastrophe+1","TwelveNightmare+1","ForecastOfChange","ChaoticDestiny","MastersStateliness+1","TwelveNightmare+1","TwelveNightmare+1","BloodHunter","ScarletMeister+1","BloodyMagicSquare+1","DiffusionOfMisfortune+1","HunterOfTheNight+1"],"relics":["ScarletHat","Old Coin","LetterFromLob","Pear","Juzu Bracelet","FossilizedHelix","RedBat","Singing Bowl","Philosopher\u0027s Stone","Moonlight_r","Calipers","Prayer Wheel","Mastiff:ReiMu","Mummified Hand","InkBottle","Happy Flower","Frozen Egg 2","Pandora\u0027s Box","Nunchaku","StoneCalendar","Torii","Bag of Preparation","Sundial","OrangePellets","Smiling Mask"],"acts_visited":["Exordium","TheCity","TheBeyond"],"potions_floor_usage":[36,36,36,39,51,51],"damage_taken":[{"damage":0.0,"enemies":"Small Slimes","floor":1.0,"turns":4.0},{"damage":1.0,"enemies":"Jaw Worm","floor":4.0,"turns":7.0},{"damage":0.0,"enemies":"Cultist","floor":5.0,"turns":4.0},{"damage":24.0,"enemies":"Lagavulin","floor":7.0,"turns":9.0},{"damage":10.0,"enemies":"The Guardian","floor":16.0,"turns":11.0},{"damage":6.0,"enemies":"3 Byrds","floor":18.0,"turns":6.0},{"damage":7.0,"enemies":"Shell Parasite","floor":21.0,"turns":4.0},{"damage":5.0,"enemies":"Cultist and Chosen","floor":22.0,"turns":6.0},{"damage":0.0,"enemies":"Gremlin Leader","floor":23.0,"turns":4.0},{"damage":15.0,"enemies":"Book of Stabbing","floor":25.0,"turns":4.0},{"damage":28.0,"enemies":"Gremlin Leader","floor":30.0,"turns":8.0},{"damage":0.0,"enemies":"Collector","floor":33.0,"turns":6.0},{"damage":30,"enemies":"3 Shapes","floor":35,"turns":3},{"damage":4,"enemies":"Orb Walker","floor":36,"turns":3},{"damage":14,"enemies":"Sphere and 2 Shapes","floor":37,"turns":4},{"damage":4,"enemies":"Writhing Mass","floor":38,"turns":3},{"damage":41,"enemies":"4 Shapes","floor":39,"turns":3},{"damage":10,"enemies":"Reptomancer","floor":41,"turns":3},{"damage":11,"enemies":"2 Orb Walkers","floor":45,"turns":3},{"damage":4,"enemies":"Jaw Worm Horde","floor":47,"turns":2},{"damage":0,"enemies":"Nemesis","floor":48,"turns":5},{"damage":61,"enemies":"Awakened One","floor":50,"turns":4},{"damage":76,"enemies":"Malkuth","floor":51,"turns":4},{"damage":53,"enemies":"Netzach","floor":51,"turns":4},{"damage":114,"enemies":"Geburah","floor":51,"turns":8}],"seed_played":"3915541552650993666","potions_obtained":[{"floor":1.0,"key":"Swift Potion"},{"floor":10.0,"key":"Weak Potion"},{"floor":21.0,"key":"EssenceOfSteel"},{"floor":22.0,"key":"EntropicBrew"},{"floor":23.0,"key":"hexamod:EctoCoolerPotion"},{"floor":41,"key":"DestinyDice"}],"is_trial":false,"path_per_floor":["M","?","?","M","M","R","E","T","T","?","$","$","R","?","R","B",null,"M","?","$","M","M","E","R","E","T","$","T","$","E","$","R","B",null,"M","M","M","M","M","R","E","R","T","?","?","$","M","E","R","B",null],"character_chosen":"REMILIA","items_purchased":["MastersStateliness","RedBat","FitfulNightmare","BloodHunter","ScarletDevilSign","NightDance","Stigmanizer","Mummified Hand","Bag of Preparation","Sundial","OrangePellets"],"campfire_rested":0,"item_purchase_floors":[11,11,12,12,12,20,20,27,46,46,46],"current_hp_per_floor":[68,57,40,43,43,43,30,30,30,30,30,30,30,23,23,50,78,78,33,33,36,46,54,54,64,64,64,64,64,72,72,72,82,82,74,84,92,92,76,76,98,98,98,98,98,98,102,106,106,106],"gold":325,"neow_bonus":"ONE_RARE_RELIC","is_daily":false,"chose_seed":false,"campfire_upgraded":8,"win_rate":0.0,"timestamp":1608637934,"path_taken":["M","?","?","M","M","R","E","?","T","?","?","$","R","?","R","BOSS","M","?","?","M","M","E","R","E","T","$","?","$","E","$","R","BOSS","M","M","M","M","M","R","E","R","T","?","?","$","M","E","R","BOSS"],"items_purchased_type":["Card","Relic","Card","Card","Card","Card","Card","Relic","Relic","Relic","Relic"],"build_version":"2020-12-13","purchased_purges":2,"victory":true,"max_hp_per_floor":[68,68,68,68,68,68,78,78,78,78,78,78,78,78,78,78,78,78,78,78,78,80,80,80,80,80,80,80,80,82,82,82,82,82,84,88,92,92,96,96,98,98,98,98,100,100,104,106,106,106],"card_choices":[{"not_picked":["ReincarnationDial","BloodHunter"],"picked":"UnstableMagic","floor":1.0},{"not_picked":["ScarletDream","VampireSweep"],"picked":"EternalNight","floor":4.0},{"not_picked":["RedRainbow","UnstableMagic"],"picked":"ScarletImprint","floor":5.0},{"not_picked":["ScarletSymphony","FavorOfDestiny"],"picked":"TransientEternity","floor":7.0},{"not_picked":["ScarletMeister","HeartBreak"],"picked":"QueenOfMidnight","floor":16.0},{"not_picked":["DevilSight","BloodHunter"],"picked":"FavorOfDestiny+1","floor":18.0},{"not_picked":["CharismaGuard","BloodHunter+1"],"picked":"StarOfDavid","floor":21.0},{"not_picked":["ForbiddenFruit","UnderTheZenith+1","ScarletImprint+1"],"picked":"Singing Bowl","floor":22.0},{"not_picked":["BlasphemousPunishment+1","FitfulNightmare"],"picked":"BloodyCatastrophe","floor":23.0},{"not_picked":["Ultimatum","StarOfDavid"],"picked":"TwelveNightmare","floor":25.0},{"not_picked":["FavorOfDestiny","ScarletDevil","BloodyTrap+1"],"picked":"Singing Bowl","floor":30.0},{"not_picked":["TransientEternity+1","ChaoticDestiny"],"picked":"ForecastOfChange","floor":33.0},{"not_picked":["BloodHunter","ScarletImprint"],"picked":"BloodyMagicSquare+1","floor":35},{"not_picked":["BloodHunter","UnderTheZenith","EndlessAdversity+1"],"picked":"Singing Bowl","floor":35},{"not_picked":["RedNightlessCastle","BloodyTrap+1","VampireKiss+1"],"picked":"Singing Bowl","floor":36},{"not_picked":["VampireSweep","StarOfDavid+1","BadLadyScramble"],"picked":"Singing Bowl","floor":36},{"not_picked":["BombardNight","RedNightlessCastle+1","NightDance"],"picked":"Singing Bowl","floor":37},{"not_picked":["UnstableMagic+1","ScarletSymphony+1","FavorOfDestiny"],"picked":"Singing Bowl","floor":37},{"not_picked":["FavorOfDestiny","UnderTheZenith"],"picked":"DiffusionOfMisfortune+1","floor":38},{"not_picked":["Ultimatum+1","UnderTheZenith"],"picked":"HunterOfTheNight","floor":38},{"not_picked":["Stigmanizer","RedMagic+1","LeisurelyOfLord+1"],"picked":"Singing Bowl","floor":39},{"not_picked":["BloodyMagicSquare+1","BadLadyScramble","MastersStateliness+1"],"picked":"Singing Bowl","floor":39},{"not_picked":["VampireClaw+1","BloodyMagicSquare","Ultimatum+1"],"picked":"Singing Bowl","floor":41},{"not_picked":["Stigmanizer","ScarletDevil","CurseOfVladTepes+1"],"picked":"Singing Bowl","floor":45},{"not_picked":["BombardNight+1","RedRainbow+1","RedNightlessCastle+1"],"picked":"Singing Bowl","floor":47},{"not_picked":["BlasphemousPunishment+1","ForbiddenFruit","CharismaGuard+1"],"picked":"Singing Bowl","floor":47},{"not_picked":["LeisurelyOfLord+1","Stigmanizer+1","ChaoticDestiny"],"picked":"Singing Bowl","floor":48}],"player_experience":189489,"relics_obtained":[{"floor":1.0,"key":"LetterFromLob"},{"floor":7.0,"key":"Pear"},{"floor":8.0,"key":"Juzu Bracelet"},{"floor":9.0,"key":"FossilizedHelix"},{"floor":23.0,"key":"Calipers"},{"floor":25.0,"key":"Prayer Wheel"},{"floor":26.0,"key":"Mastiff:ReiMu"},{"floor":28.0,"key":"InkBottle"},{"floor":30.0,"key":"Happy Flower"},{"floor":30.0,"key":"Frozen Egg 2"},{"floor":41,"key":"Nunchaku"},{"floor":43,"key":"StoneCalendar"},{"floor":45,"key":"Torii"},{"floor":48,"key":"Smiling Mask"}],"event_choices":[{"damage_healed":0.0,"max_hp_gain":0.0,"max_hp_loss":0.0,"gold_gain":75.0,"event_name":"World of Goop","player_choice":"Gather Gold","floor":2.0,"gold_loss":0.0,"damage_taken":11.0},{"damage_healed":0.0,"max_hp_gain":0.0,"max_hp_loss":0.0,"gold_gain":0.0,"event_name":"Golden Idol","player_choice":"Take Damage","floor":3.0,"gold_loss":0.0,"damage_taken":17.0,"relics_obtained":["Golden Idol"]},{"damage_healed":0.0,"max_hp_gain":0.0,"max_hp_loss":0.0,"gold_gain":0.0,"event_name":"The Woman in Blue","player_choice":"Bought 1 Potion","floor":10.0,"gold_loss":0.0,"damage_taken":0.0},{"damage_healed":0.0,"max_hp_gain":0.0,"max_hp_loss":0.0,"gold_gain":0.0,"event_name":"Scrap Ooze","player_choice":"Success","floor":14.0,"gold_loss":0.0,"damage_taken":7.0,"relics_obtained":["Singing Bowl"]},{"damage_healed":0,"gold_gain":333,"player_choice":"Gave Idol","damage_taken":0,"max_hp_gain":0,"max_hp_loss":0,"event_name":"The Moai Head","floor":44,"relics_lost":["Golden Idol"],"gold_loss":0},{"damage_healed":0,"gold_gain":0,"player_choice":"Fight","damage_taken":0,"max_hp_gain":0,"max_hp_loss":0,"event_name":"Mysterious Sphere","floor":45,"gold_loss":0}],"is_beta":false,"boss_relics":[{"not_picked":["Astrolabe","Busted Crown"],"picked":"Philosopher\u0027s Stone"},{"not_picked":["SlaversCollar","RedLine:ReiMu"],"picked":"Pandora\u0027s Box"}],"items_purged_floors":[20,46],"is_endless":false,"potions_floor_spawned":[1,21,22,23,33,36,38,41,45,48],"ascension_level":0}}