{"host":"dntw6kil9p09eemm","time":1608641155,"event":{"mods":["Alarm Clock","Aspiration","BaseMod","Colored Powertips","Downfall","Hermit","Hubris","Minty Spire (QoL Compilation)","Permanent Neow","Replay The Spire","Reworked Bosses","Shop Mod","Spicy Shops","StSLib","The Runesmith"],"gold_per_floor":[114,126,126,138,148,223,234,42,42,4,20,20,20,36,36,144,144,163,189,189,220,10,10,10,35,35,47,47,47,47,47],"floor_reached":29,"playtime":1324,"items_purged":["hexamod:Strike","hexamod:Defend"],"score":217,"play_id":"5ff93d37-9e19-453e-a55d-e8e00f26d326","local_time":"20201222214555","is_ascension_mode":false,"campfire_choices":[{"floor":13,"key":"REST"},{"floor":15,"key":"REST"},{"data":"hexamod:Float","floor":23,"key":"SMITH"},{"floor":28,"key":"REST"}],"circlet_count":0,"master_deck":["hexamod:Strike","hexamod:Strike","hexamod:Strike","hexamod:Defend","hexamod:Defend","hexamod:Sear","hexamod:Float+1","hexamod:TimeWarp","hexamod:EmpoweredFlame","hexamod:PhantomFireball","hexamod:PhantomFireball","hexamod:RadiantFlame","hexamod:PhantomFireball","hexamod:SecondSeal","hexamod:SearingWound","hexamod:FastForward+1"],"relics":["hexamod:SpiritBrand","Membership Card","MerchantsRug","Snack Pack","Busted Crown","Red Mask","hexamod:SoulConsumer","Darkstone Periapt"],"acts_visited":["Exordium","TheCity"],"potions_floor_usage":[],"damage_taken":[{"damage":0,"enemies":"Cultist","floor":1,"turns":3},{"damage":0,"enemies":"Small Slimes","floor":2,"turns":3},{"damage":1,"enemies":"2 Louse","floor":4,"turns":3},{"damage":7,"enemies":"Red Slaver","floor":5,"turns":3},{"damage":15,"enemies":"3 Louse","floor":7,"turns":3},{"damage":0,"enemies":"Looter","floor":11,"turns":3},{"damage":4,"enemies":"Large Slime","floor":14,"turns":5},{"damage":31,"enemies":"Fading Forest","floor":16,"turns":11},{"damage":18,"enemies":"2 Thieves","floor":18,"turns":4},{"damage":12,"enemies":"3 Byrds","floor":19,"turns":5},{"damage":16,"enemies":"Masked Bandits","floor":21,"turns":5},{"damage":5,"enemies":"Centurion and Healer","floor":25,"turns":4},{"damage":23,"enemies":"Snecko","floor":27,"turns":6},{"damage":24,"enemies":"Snake Plant","floor":29,"turns":2}],"seed_played":"-4318445404747930457","potions_obtained":[{"floor":1,"key":"FearPotion"},{"floor":5,"key":"Dexterity Potion"},{"floor":21,"key":"Weak Potion"},{"floor":25,"key":"BlessingOfTheForge"},{"floor":27,"key":"FearPotion"}],"is_trial":false,"path_per_floor":["M","M","?","M","M","?","M","$","T","$","M","?","R","M","R","B",null,"M","M","?","?","$","R","?","M","T","M","R","M"],"character_chosen":"THE_SPIRIT","items_purchased":["Membership Card","MerchantsRug","hexamod:SoulConsumer","hexamod:FastForward"],"campfire_rested":3,"item_purchase_floors":[8,8,22,22],"current_hp_per_floor":[49,49,42,41,34,27,12,12,12,12,12,12,33,31,52,57,70,56,50,37,23,23,23,23,22,22,1,23,0,0,0],"gold":47,"neow_bonus":"THREE_RARE_CARDS","is_daily":false,"chose_seed":false,"campfire_upgraded":1,"win_rate":0.0,"timestamp":1608641155,"path_taken":["M","?","?","M","M","?","?","$","T","$","M","?","R","M","R","BOSS","M","M","?","?","$","R","?","M","T","M","R","M"],"items_purchased_type":["Relic","Relic","Relic","Card"],"build_version":"2020-12-13","purchased_purges":2,"victory":false,"max_hp_per_floor":[70,70,70,70,70,70,70,70,70,70,70,70,70,70,70,70,70,70,70,75,75,75,75,75,75,75,75,75,75,75,75],"card_choices":[{"not_picked":["hexamod:SixthSeal","hexamod:ParanormalForm"],"picked":"hexamod:TimeWarp","floor":0},{"not_picked":["hexamod:SwordOfDarkness","hexamod:GhostShield"],"picked":"hexamod:EmpoweredFlame","floor":1},{"not_picked":["hexamod:NightmareStrike","hexamod:SpectersWail"],"picked":"hexamod:PhantomFireball","floor":2},{"not_picked":["hexamod:ShieldOfDarkness","hexamod:Haunt"],"picked":"hexamod:PhantomFireball","floor":4},{"not_picked":["hexamod:EmpoweredFlame","hexamod:TimeOfNeed"],"picked":"hexamod:RadiantFlame","floor":5},{"not_picked":["hexamod:BacktrackSmack","hexamod:RadiantFlame"],"picked":"hexamod:PhantomFireball","floor":7},{"not_picked":["hexamod:SwordOfDarkness","hexamod:BacktrackSmack","hexamod:InspiringFlames"],"picked":"SKIP","floor":11},{"not_picked":["hexamod:InspiringFlames","hexamod:Hexaguard"],"picked":"hexamod:SecondSeal","floor":14},{"not_picked":["hexamod:TimeWarp","hexamod:CrushingStance"],"picked":"hexamod:SearingWound","floor":16},{"not_picked":["hexamod:AdvancingGuard"],"picked":"SKIP","floor":18},{"not_picked":["hexamod:BacktrackSmack"],"picked":"SKIP","floor":19},{"not_picked":["hexamod:InspiringFlames"],"picked":"SKIP","floor":25},{"not_picked":["hexamod:SpectersWail"],"picked":"SKIP","floor":27}],"player_experience":435202,"relics_obtained":[{"floor":9,"key":"Snack Pack"},{"floor":21,"key":"Red Mask"},{"floor":26,"key":"Darkstone Periapt"}],"event_choices":[{"cards_removed":["hexamod:Defend"],"damage_healed":0,"gold_gain":0,"player_choice":"Card Removal","damage_taken":7,"max_hp_gain":0,"max_hp_loss":0,"event_name":"Golden Wing","floor":3,"gold_loss":0},{"damage_healed":0,"gold_gain":75,"player_choice":"Touch","damage_taken":7,"max_hp_gain":0,"max_hp_loss":0,"event_name":"FaceTrader","floor":6,"gold_loss":0},{"damage_healed":0,"gold_gain":0,"player_choice":"Shed Blood","damage_taken":18,"max_hp_gain":5,"max_hp_loss":0,"event_name":"Forgotten Altar","floor":20,"gold_loss":0},{"damage_healed":0,"gold_gain":0,"player_choice":"Fought Bandits","damage_taken":0,"max_hp_gain":0,"max_hp_loss":0,"event_name":"Masked Bandits","floor":21,"gold_loss":0},{"damage_healed":0,"gold_gain":0,"player_choice":"Forge","damage_taken":0,"max_hp_gain":0,"max_hp_loss":0,"event_name":"Accursed Blacksmith","floor":24,"gold_loss":0,"cards_upgraded":["hexamod:FastForward"]}],"is_beta":false,"boss_relics":[{"not_picked":["Replay:Ancient Bell","Black Star"],"picked":"Busted Crown"}],"items_purged_floors":[10,22],"is_endless":false,"potions_floor_spawned":[1,5,21,25,27],"killed_by":"Snake Plant","ascension_level":0}}