{"host":"bg8va46pgqgvtzim","time":1608645422,"event":{"mods":["BaseMod","Minty Spire (QoL Compilation)","Quick Restart","StSLib","SuperFastMode"],"gold_per_floor":[111,111,111,128,148,148,168,168,168,201,220,255,270,303,303,408,408,427,527,539,550,569,596,615,645,645,645,645,661,661,690,690,785,785,805,745,756,756,773,800,820,854,854,854,886,905,905,932,932,932,932,932,69,101,101],"floor_reached":56,"playtime":1822,"items_purged":["ReachHeaven+1","Wallop+1"],"score":1454,"play_id":"b208ee02-66c9-4c98-913c-b62f3aec1560","local_time":"20201222215702","is_ascension_mode":true,"campfire_choices":[{"data":"Eruption","floor":6.0,"key":"SMITH"},{"data":"CrushJoints","floor":15.0,"key":"SMITH"},{"data":"Vault","floor":28.0,"key":"SMITH"},{"data":"1","floor":30.0,"key":"LIFT"},{"data":"2","floor":32.0,"key":"LIFT"},{"data":"3","floor":47.0,"key":"LIFT"},{"floor":49.0,"key":"RECALL"},{"data":"ClearTheMind","floor":52.0,"key":"SMITH"}],"circlet_count":0,"master_deck":["Eruption+1","Vigilance+1","FlurryOfBlows+1","ClearTheMind+1","Consecrate+1","Vault+1","TalkToTheHand+1","CrushJoints+1","InnerPeace+1","DeusExMachina+1","LessonLearned+1","Wireheading+1","Indignation+1","Study+1","Ragnarok+1","Halt+1","TalkToTheHand+1","Wallop+1","MentalFortress+1","FlurryOfBlows+1","FearNoEvil+1","WaveOfTheHand+1","Omniscience+1","Collect+1","Prostrate+1","Deep Breath+1","Sanctity+1"],"relics":["PureWater","NeowsBlessing","Ginger","Turnip","TeardropLocket","Girya","Kunai","Pandora\u0027s Box","The Courier","Strawberry","Torii","Mango","Empty Cage","Yang","Damaru","CloakClasp","Ancient Tea Set","Lantern","ClockworkSouvenir","War Paint","Vajra","Calipers","StrikeDummy"],"acts_visited":["Exordium","TheCity","TheBeyond","TheEnding"],"potions_floor_usage":[55,55],"damage_taken":[{"damage":0.0,"enemies":"Cultist","floor":1.0,"turns":1.0},{"damage":0.0,"enemies":"2 Louse","floor":4.0,"turns":1.0},{"damage":0.0,"enemies":"Small Slimes","floor":5.0,"turns":1.0},{"damage":6.0,"enemies":"Exordium Wildlife","floor":7.0,"turns":3.0},{"damage":9.0,"enemies":"Lagavulin","floor":10.0,"turns":7.0},{"damage":0.0,"enemies":"Large Slime","floor":11.0,"turns":3.0},{"damage":1.0,"enemies":"3 Sentries","floor":12.0,"turns":3.0},{"damage":0.0,"enemies":"Gremlin Gang","floor":13.0,"turns":4.0},{"damage":7.0,"enemies":"Lagavulin","floor":14.0,"turns":5.0},{"damage":20.0,"enemies":"The Guardian","floor":16.0,"turns":9.0},{"damage":0.0,"enemies":"Spheric Guardian","floor":18.0,"turns":3.0},{"damage":0.0,"enemies":"Chosen","floor":20.0,"turns":1.0},{"damage":6.0,"enemies":"3 Cultists","floor":21.0,"turns":5.0},{"damage":0.0,"enemies":"Snake Plant","floor":22.0,"turns":5.0},{"damage":17.0,"enemies":"Slavers","floor":23.0,"turns":6.0},{"damage":0.0,"enemies":"Centurion and Healer","floor":24.0,"turns":7.0},{"damage":13.0,"enemies":"Gremlin Leader","floor":25.0,"turns":7.0},{"damage":0.0,"enemies":"3 Cultists","floor":29.0,"turns":4.0},{"damage":1.0,"enemies":"Slavers","floor":31.0,"turns":4.0},{"damage":6.0,"enemies":"Champ","floor":33.0,"turns":8.0},{"damage":0.0,"enemies":"3 Darklings","floor":35.0,"turns":5.0},{"damage":0.0,"enemies":"3 Shapes","floor":37.0,"turns":2.0},{"damage":0.0,"enemies":"Maw","floor":39.0,"turns":3.0},{"damage":0.0,"enemies":"Nemesis","floor":40.0,"turns":4.0},{"damage":0.0,"enemies":"Writhing Mass","floor":41.0,"turns":4.0},{"damage":47.0,"enemies":"Reptomancer","floor":42.0,"turns":7.0},{"damage":0.0,"enemies":"Giant Head","floor":45.0,"turns":5.0},{"damage":0.0,"enemies":"4 Shapes","floor":46.0,"turns":2.0},{"damage":0.0,"enemies":"Nemesis","floor":48.0,"turns":4.0},{"damage":1.0,"enemies":"Donu and Deca","floor":50.0,"turns":6.0},{"damage":14.0,"enemies":"Shield and Spear","floor":54.0,"turns":6.0},{"damage":50,"enemies":"The Heart","floor":55,"turns":7}],"seed_played":"7211047941085780797","potions_obtained":[{"floor":4.0,"key":"Weak Potion"},{"floor":12.0,"key":"Ancient Potion"},{"floor":13.0,"key":"Swift Potion"},{"floor":21.0,"key":"BlessingOfTheForge"},{"floor":23.0,"key":"DuplicationPotion"},{"floor":25.0,"key":"BottledMiracle"},{"floor":35.0,"key":"DistilledChaos"},{"floor":39.0,"key":"Ancient Potion"},{"floor":46.0,"key":"Weak Potion"}],"is_trial":false,"path_per_floor":["M","?","?","M","M","R","M","?","T","E","M","E","M","E","R","B",null,"M","?","M","M","M","E","M","E","T","?","R","M","R","E","R","B",null,"M","$","M","?","M","E","M","E","T","?","E","M","R","E","R","B",null,"R","$","E","B",null],"character_chosen":"WATCHER","items_purchased":["Lantern","ClockworkSouvenir","War Paint","Vajra","Calipers","Deep Breath"],"campfire_rested":0,"item_purchase_floors":[53,53,53,53,53,53],"current_hp_per_floor":[72,72,72,72,72,72,66,59,59,50,50,49,49,42,42,22,72,72,72,72,66,66,49,49,43,43,43,43,43,43,56,56,50,93,93,93,93,93,93,93,93,46,46,81,81,81,81,81,81,80,81,81,81,67,17],"gold":101,"neow_bonus":"THREE_ENEMY_KILL","is_daily":false,"chose_seed":false,"campfire_upgraded":4,"win_rate":0.0,"timestamp":1608645422,"path_taken":["M","?","?","M","M","R","M","?","T","E","M","E","?","E","R","BOSS","M","?","?","M","M","E","M","E","T","?","R","?","R","E","R","BOSS","M","$","M","?","?","E","M","E","T","?","E","M","R","E","R","BOSS","R","$","E","BOSS"],"items_purchased_type":["Relic","Relic","Relic","Relic","Relic","Card"],"build_version":"2020-12-13","purchased_purges":2,"victory":true,"max_hp_per_floor":[72,72,72,72,72,72,72,72,72,72,72,72,72,72,72,72,72,72,72,72,72,72,72,72,79,79,79,79,79,79,93,93,93,93,93,93,93,93,93,93,93,93,93,81,81,81,81,81,81,81,81,81,81,81,81],"card_choices":[{"not_picked":["Prostrate","Protect"],"picked":"FlurryOfBlows","floor":1.0},{"not_picked":["EmptyBody","Wireheading"],"picked":"EmptyFist","floor":4.0},{"not_picked":["EmptyBody","JustLucky"],"picked":"Consecrate","floor":5.0},{"not_picked":["CutThroughFate","BowlingBash"],"picked":"Wallop","floor":7.0},{"not_picked":["WaveOfTheHand","Consecrate"],"picked":"ReachHeaven","floor":10.0},{"not_picked":["Consecrate","FlyingSleeves"],"picked":"Vault","floor":11.0},{"not_picked":["JustLucky","Crescendo"],"picked":"TalkToTheHand","floor":12.0},{"not_picked":["EmptyFist","PathToVictory"],"picked":"CrushJoints","floor":13.0},{"not_picked":["Prostrate","Protect"],"picked":"InnerPeace","floor":14.0},{"not_picked":["Ragnarok","SpiritShield"],"picked":"DeusExMachina","floor":16.0},{"not_picked":["Fasting2","FlyingSleeves"],"picked":"TalkToTheHand","floor":18.0},{"not_picked":["SignatureMove","FollowUp"],"picked":"Wallop","floor":20.0},{"not_picked":["BowlingBash","SandsOfTime","CrushJoints"],"picked":"SKIP","floor":21.0},{"not_picked":["EmptyFist","EmptyMind"],"picked":"MentalFortress+1","floor":22.0},{"not_picked":["Wireheading","CutThroughFate","Indignation"],"picked":"SKIP","floor":23.0},{"not_picked":["CrushJoints+1","Sanctity","Crescendo"],"picked":"SKIP","floor":24.0},{"not_picked":["Swivel+1","Halt"],"picked":"FlurryOfBlows+1","floor":25.0},{"not_picked":["Crescendo","PathToVictory"],"picked":"FearNoEvil","floor":29.0},{"not_picked":["ThirdEye+1","FlyingSleeves"],"picked":"WaveOfTheHand+1","floor":31.0},{"not_picked":["Alpha","Wish"],"picked":"Omniscience","floor":33.0},{"not_picked":["CutThroughFate","ReachHeaven","TalkToTheHand"],"picked":"SKIP","floor":35.0},{"not_picked":["Sanctity","CrushJoints","SandsOfTime+1"],"picked":"SKIP","floor":37.0},{"not_picked":["FlyingSleeves+1","JustLucky","EmptyBody+1"],"picked":"SKIP","floor":39.0},{"not_picked":["FearNoEvil","ClearTheMind"],"picked":"Collect+1","floor":40.0},{"not_picked":["ThirdEye+1","Indignation+1","BowlingBash+1"],"picked":"SKIP","floor":41.0},{"not_picked":["SashWhip","DeceiveReality","Perseverance+1"],"picked":"SKIP","floor":42.0},{"not_picked":["BowlingBash","FlurryOfBlows"],"picked":"Prostrate","floor":45.0},{"not_picked":["Indignation+1","Study+1","Sanctity"],"picked":"SKIP","floor":46.0},{"not_picked":["ForeignInfluence","Halt+1","ClearTheMind+1"],"picked":"SKIP","floor":48.0},{"not_picked":["Vengeance+1","Worship+1"],"picked":"Sanctity+1","floor":54.0}],"player_experience":2133817,"relics_obtained":[{"floor":9.0,"key":"Turnip"},{"floor":10.0,"key":"TeardropLocket"},{"floor":12.0,"key":"Girya"},{"floor":14.0,"key":"Kunai"},{"floor":23.0,"key":"The Courier"},{"floor":25.0,"key":"Strawberry"},{"floor":26.0,"key":"Torii"},{"floor":31.0,"key":"Mango"},{"floor":40.0,"key":"Yang"},{"floor":42.0,"key":"Damaru"},{"floor":45.0,"key":"CloakClasp"},{"floor":48.0,"key":"Ancient Tea Set"},{"floor":54.0,"key":"StrikeDummy"}],"event_choices":[{"damage_healed":0.0,"max_hp_gain":0.0,"max_hp_loss":0.0,"gold_gain":0.0,"event_name":"Liars Game","player_choice":"Ignored","floor":2.0,"gold_loss":0.0,"damage_taken":0.0},{"damage_healed":0.0,"max_hp_gain":0.0,"max_hp_loss":0.0,"gold_gain":0.0,"cards_transformed":["Defend_P"],"event_name":"Living Wall","player_choice":"Change","floor":3.0,"gold_loss":0.0,"damage_taken":0.0,"cards_obtained":["ClearTheMind"]},{"damage_healed":0.0,"max_hp_gain":0.0,"max_hp_loss":0.0,"gold_gain":0.0,"event_name":"Scrap Ooze","player_choice":"Success","floor":8.0,"gold_loss":0.0,"damage_taken":7.0,"relics_obtained":["Ginger"]},{"damage_healed":0.0,"max_hp_gain":0.0,"max_hp_loss":0.0,"gold_gain":100.0,"event_name":"Golden Shrine","player_choice":"Pray","floor":19.0,"gold_loss":0.0,"damage_taken":0.0},{"damage_healed":0.0,"max_hp_gain":0.0,"max_hp_loss":0.0,"gold_gain":0.0,"event_name":"Match and Keep!","player_choice":"0 cards matched","floor":27.0,"gold_loss":0.0,"damage_taken":0.0,"cards_obtained":[]},{"damage_healed":0.0,"max_hp_gain":0.0,"max_hp_loss":0.0,"gold_gain":0.0,"event_name":"NoteForYourself","player_choice":"Ignored","floor":38.0,"gold_loss":0.0,"damage_taken":0.0},{"damage_healed":81.0,"max_hp_gain":0.0,"max_hp_loss":12.0,"gold_gain":0.0,"event_name":"The Moai Head","player_choice":"Heal","floor":44.0,"gold_loss":0.0,"damage_taken":0.0}],"is_beta":false,"boss_relics":[{"not_picked":["Tiny House","Fusion Hammer"],"picked":"Pandora\u0027s Box"},{"not_picked":["Cursed Key","Astrolabe"],"picked":"Empty Cage"}],"items_purged_floors":[36,53],"is_endless":false,"potions_floor_spawned":[4,12,13,14,21,23,24,25,35,39,46,48,54],"ascension_level":1}}