{"host":"usewcu4ohw2wtmxk","time":1608619430,"event":{"mods":["BaseMod","Minty Spire (QoL Compilation)","Permanent Neow","Quick Restart","Relic Stats","UnlockEverythingMod"],"gold_per_floor":[117,97,115,115,129,129,156,156,156,156,156,238,278,301,301,390,390,414,429,32,56,56,56,56,56],"floor_reached":24,"playtime":630,"items_purged":["Strike_B"],"score":508,"play_id":"d89d63b4-de9d-48e6-af1f-6fb8ed342fa5","local_time":"20201222144350","is_ascension_mode":true,"campfire_choices":[{"floor":6.0,"key":"REST"},{"data":"Dualcast","floor":8.0,"key":"SMITH"},{"floor":11.0,"key":"REST"},{"data":"Coolheaded","floor":15.0,"key":"SMITH"},{"data":"Turbo","floor":23,"key":"SMITH"}],"circlet_count":0,"master_deck":["AscendersBane","Strike_B","Strike_B","Defend_B","Defend_B","Defend_B","Defend_B","Zap","Dualcast+1","Echo Form","Cold Snap","Hello World","Turbo+1","Coolheaded+1","Seek","CurseOfTheBell","Defragment","Ball Lightning+1","Core Surge+1","Meteor Strike+1"],"relics":["Cracked Core","Du-Vu Doll","HornCleat","Golden Idol","Molten Egg 2","Turnip","Calling Bell","DataDisk","Symbiotic Virus","Shovel"],"acts_visited":["Exordium","TheCity"],"potions_floor_usage":[24],"damage_taken":[{"damage":8.0,"enemies":"2 Louse","floor":1.0,"turns":3.0},{"damage":7.0,"enemies":"Cultist","floor":3.0,"turns":4.0},{"damage":7.0,"enemies":"Jaw Worm","floor":5.0,"turns":4.0},{"damage":0.0,"enemies":"Lagavulin","floor":7.0,"turns":7.0},{"damage":0.0,"enemies":"Gremlin Nob","floor":13.0,"turns":3.0},{"damage":8.0,"enemies":"Exordium Thugs","floor":14.0,"turns":6.0},{"damage":13.0,"enemies":"Hexaghost","floor":16.0,"turns":11.0},{"damage":0.0,"enemies":"Spheric Guardian","floor":18.0,"turns":4.0},{"damage":17.0,"enemies":"Shell Parasite","floor":19.0,"turns":8.0},{"damage":16.0,"enemies":"Snake Plant","floor":21.0,"turns":3.0},{"damage":29,"enemies":"Book of Stabbing","floor":24,"turns":3}],"seed_played":"8864842432031975975","potions_obtained":[{"floor":1.0,"key":"SkillPotion"},{"floor":2.0,"key":"LiquidBronze"},{"floor":7.0,"key":"Strength Potion"},{"floor":13.0,"key":"Swift Potion"}],"is_trial":false,"path_per_floor":["M","?","M","?","M","R","E","R","T","?","R","T","E","M","R","B",null,"M","M","$","M","?","R","E"],"character_chosen":"DEFECT","items_purchased":["Core Surge+1","Meteor Strike+1"],"campfire_rested":2,"item_purchase_floors":[20,20],"current_hp_per_floor":[38,38,31,24,17,38,38,38,38,14,35,35,35,27,27,14,57,57,40,40,24,24,24,0,0],"gold":56,"neow_bonus":"THREE_RARE_CARDS","is_daily":false,"chose_seed":false,"campfire_upgraded":3,"win_rate":0.0,"timestamp":1608619430,"path_taken":["M","?","?","?","M","R","E","R","T","?","R","?","E","?","R","BOSS","M","M","$","M","?","R","E"],"items_purchased_type":["Card","Card"],"build_version":"2020-12-13","purchased_purges":1,"victory":false,"max_hp_per_floor":[71,71,71,71,71,71,71,71,71,71,71,71,71,71,71,71,71,71,71,71,71,71,71,71,71],"relic_stats":{"Shovel":0,"counters":[11,56],"Golden Idol":44,"Turnip":[11],"obtain_stats":[{"Du-Vu Doll":7,"Calling Bell":17,"DataDisk":17,"HornCleat":9,"Shovel":17,"Golden Idol":10,"Molten Egg 2":12,"Turnip":13,"Cracked Core":0,"Symbiotic Virus":17},{"Du-Vu Doll":4,"Calling Bell":7,"DataDisk":7,"HornCleat":4,"Shovel":7,"Golden Idol":4,"Molten Egg 2":4,"Turnip":5,"Cracked Core":0,"Symbiotic Virus":7},{"Du-Vu Doll":18,"Calling Bell":38,"DataDisk":38,"HornCleat":18,"Shovel":38,"Golden Idol":18,"Molten Egg 2":18,"Turnip":21,"Cracked Core":0,"Symbiotic Virus":38}]},"card_choices":[{"not_picked":["Hyperbeam","Biased Cognition"],"picked":"Echo Form","floor":0.0},{"not_picked":["BootSequence","Compile Driver","FTL"],"picked":"SKIP","floor":1.0},{"not_picked":["Streamline","Go for the Eyes"],"picked":"Cold Snap","floor":3.0},{"not_picked":["BootSequence","Storm"],"picked":"Hello World","floor":5.0},{"not_picked":["Barrage","Gash"],"picked":"Turbo","floor":7.0},{"not_picked":["Multi-Cast","Storm"],"picked":"Coolheaded","floor":13.0},{"not_picked":["Darkness","Steam","Chaos"],"picked":"SKIP","floor":14.0},{"not_picked":["Fission","Echo Form"],"picked":"Seek","floor":16.0},{"not_picked":["Storm","Loop"],"picked":"Defragment","floor":18.0},{"not_picked":["Sweeping Beam+1","Stack+1"],"picked":"Ball Lightning+1","floor":19.0},{"not_picked":["Double Energy","Stack","Sweeping Beam+1"],"picked":"SKIP","floor":21.0}],"player_experience":216239,"relics_obtained":[{"floor":7.0,"key":"Du-Vu Doll"},{"floor":9.0,"key":"HornCleat"},{"floor":12.0,"key":"Molten Egg 2"},{"floor":13.0,"key":"Turnip"},{"floor":17.0,"key":"DataDisk"},{"floor":17.0,"key":"Symbiotic Virus"},{"floor":17.0,"key":"Shovel"}],"event_choices":[{"damage_healed":0.0,"max_hp_gain":0.0,"max_hp_loss":0.0,"gold_gain":0.0,"event_name":"The Woman in Blue","player_choice":"Bought 1 Potion","floor":2.0,"gold_loss":0.0,"damage_taken":0.0},{"cards_removed":["Strike_B"],"damage_healed":0.0,"max_hp_gain":0.0,"max_hp_loss":0.0,"gold_gain":0.0,"event_name":"Golden Wing","player_choice":"Card Removal","floor":4.0,"gold_loss":0.0,"damage_taken":7.0},{"damage_healed":0.0,"max_hp_gain":0.0,"max_hp_loss":0.0,"gold_gain":0.0,"event_name":"Golden Idol","player_choice":"Take Damage","floor":10.0,"gold_loss":0.0,"damage_taken":24.0,"relics_obtained":["Golden Idol"]},{"damage_healed":0.0,"max_hp_gain":0.0,"max_hp_loss":0.0,"gold_gain":0.0,"event_name":"Vampires","player_choice":"Ignored","floor":22.0,"gold_loss":0.0,"damage_taken":0.0}],"is_beta":false,"boss_relics":[{"not_picked":["SlaversCollar","Inserter"],"picked":"Calling Bell"}],"items_purged_floors":[20],"is_endless":false,"potions_floor_spawned":[1,7,13,16,18],"killed_by":"Book of Stabbing","ascension_level":20}}