{"host":"1a32ffxog1zcqoh0","time":1608625581,"event":{"mods":["BaseMod","Block Reminder","Colored Map","Colored Powertips","Googly Eyes","Minty Spire (QoL Compilation)","Quick Restart","Rare Cards Sparkle","Relic Stats","StSLib","Unceasing Turn Reminder","everything is the same but u backflip on backflip","slay the spire mod where everything is the same but ironclad has a cowboy hat"],"gold_per_floor":[114,130,141,158,168,198,198,212,258,258,292,292,292,317,317,421,421,435,435,445,456,471,471,471],"floor_reached":23,"playtime":1090,"items_purged":[],"score":269,"play_id":"9c80f455-3624-4ca7-91d6-24811168c0ea","local_time":"20201222032621","is_ascension_mode":true,"campfire_choices":[{"floor":7,"key":"REST"},{"data":"Envenom","floor":13,"key":"SMITH"},{"data":"Cloak And Dagger","floor":15,"key":"SMITH"}],"circlet_count":0,"master_deck":["Strike_G","Strike_G","Strike_G","Strike_G","Strike_G","Defend_G","Defend_G","Defend_G","Defend_G","Defend_G","Survivor","Neutralize","Flying Knee","Quick Slash","Cloak And Dagger+1","Blade Dance+1","Acrobatics+1","Infinite Blades","Backstab","Regret","Envenom+1","Blade Dance","Envenom","Backstab+1","Slice+1","Finisher+1","Cloak And Dagger+1"],"relics":["Ring of the Snake","Oddly Smooth Stone","Calipers","Strawberry","Molten Egg 2","Pantograph","War Paint","WristBlade"],"acts_visited":["Exordium","TheCity"],"potions_floor_usage":[6,14,16,18,21],"damage_taken":[{"damage":0,"enemies":"Cultist","floor":1,"turns":3},{"damage":0,"enemies":"Jaw Worm","floor":2,"turns":4},{"damage":6,"enemies":"Small Slimes","floor":3,"turns":4},{"damage":5,"enemies":"3 Louse","floor":4,"turns":5},{"damage":0,"enemies":"Large Slime","floor":5,"turns":5},{"damage":24,"enemies":"Gremlin Nob","floor":6,"turns":4},{"damage":9,"enemies":"Blue Slaver","floor":8,"turns":4},{"damage":8,"enemies":"3 Sentries","floor":11,"turns":8},{"damage":17,"enemies":"Lagavulin","floor":14,"turns":5},{"damage":37,"enemies":"Hexaghost","floor":16,"turns":8},{"damage":3,"enemies":"2 Thieves","floor":18,"turns":4},{"damage":0,"enemies":"Shell Parasite","floor":20,"turns":1},{"damage":20,"enemies":"Centurion and Healer","floor":21,"turns":3},{"damage":30,"enemies":"Snake Plant","floor":22,"turns":3},{"damage":13,"enemies":"Slavers","floor":23,"turns":1}],"seed_played":"8686843992040806313","potions_obtained":[{"floor":4,"key":"Energy Potion"},{"floor":6,"key":"FearPotion"},{"floor":8,"key":"Strength Potion"},{"floor":16,"key":"Energy Potion"},{"floor":20,"key":"GamblersBrew"}],"is_trial":false,"path_per_floor":["M","M","M","M","M","E","R","M","T","?","E","?","R","E","R","B",null,"M","?","M","M","M","E"],"character_chosen":"THE_SILENT","items_purchased":[],"campfire_rested":1,"item_purchase_floors":[],"current_hp_per_floor":[70,70,64,59,59,35,56,47,54,54,46,46,46,29,29,17,62,59,59,59,39,9,0,0],"gold":471,"neow_bonus":"RANDOM_COMMON_RELIC","is_daily":false,"chose_seed":false,"campfire_upgraded":2,"win_rate":0.0,"timestamp":1608625581,"path_taken":["M","M","M","?","?","E","R","M","T","?","E","?","R","E","R","BOSS","M","?","M","M","M","E"],"items_purchased_type":[],"build_version":"2020-12-13","purchased_purges":0,"victory":false,"max_hp_per_floor":[70,70,70,70,70,70,70,70,77,77,77,77,77,77,77,77,77,77,77,77,77,77,77,77],"relic_stats":{"counters":[15,62],"Pantograph":25,"War Paint":["Blade Dance","Acrobatics"],"obtain_stats":[{"Calipers":6,"WristBlade":17,"Strawberry":9,"Pantograph":11,"Oddly Smooth Stone":0,"Molten Egg 2":10,"War Paint":14,"Ring of the Snake":0},{"Calipers":6,"WristBlade":10,"Strawberry":7,"Pantograph":8,"Oddly Smooth Stone":0,"Molten Egg 2":7,"War Paint":9,"Ring of the Snake":0},{"Calipers":25,"WristBlade":50,"Strawberry":29,"Pantograph":37,"Oddly Smooth Stone":0,"Molten Egg 2":29,"War Paint":42,"Ring of the Snake":0}],"Ring of the Snake":[30]},"card_choices":[{"not_picked":["Deflect","Choke"],"picked":"Flying Knee","floor":1},{"not_picked":["Flying Knee","Flechettes"],"picked":"Quick Slash","floor":2},{"not_picked":["Well Laid Plans","Tactician"],"picked":"Cloak And Dagger","floor":3},{"not_picked":["PiercingWail","Acrobatics"],"picked":"Blade Dance","floor":4},{"not_picked":["Glass Knife","Deadly Poison"],"picked":"Acrobatics","floor":5},{"not_picked":["Concentrate","Blade Dance"],"picked":"Infinite Blades","floor":6},{"not_picked":["Acrobatics","Expertise"],"picked":"Backstab","floor":8},{"not_picked":["Deflect","Deadly Poison"],"picked":"Envenom","floor":11},{"not_picked":["Deflect","Dagger Throw+1"],"picked":"Blade Dance","floor":14},{"not_picked":["Doppelganger","Burst"],"picked":"Envenom","floor":16},{"not_picked":["Dodge and Roll","Backflip"],"picked":"Backstab+1","floor":18},{"not_picked":["Quick Slash+1","Leg Sweep"],"picked":"Slice+1","floor":20},{"not_picked":["Well Laid Plans","Sucker Punch+1"],"picked":"Finisher+1","floor":21},{"not_picked":["Deadly Poison","Flying Knee+1"],"picked":"Cloak And Dagger+1","floor":22}],"player_experience":248386,"relics_obtained":[{"floor":6,"key":"Calipers"},{"floor":9,"key":"Strawberry"},{"floor":11,"key":"Pantograph"},{"floor":14,"key":"War Paint"}],"event_choices":[{"damage_healed":0,"gold_gain":0,"player_choice":"Box","damage_taken":0,"relics_obtained":["Molten Egg 2"],"max_hp_gain":0,"max_hp_loss":0,"event_name":"Big Fish","floor":10,"gold_loss":0,"cards_obtained":["Regret"]},{"damage_healed":0,"gold_gain":0,"player_choice":"Ignored","damage_taken":0,"max_hp_gain":0,"max_hp_loss":0,"event_name":"Shining Light","floor":12,"gold_loss":0},{"damage_healed":0,"gold_gain":0,"player_choice":"Ignored","damage_taken":0,"max_hp_gain":0,"max_hp_loss":0,"event_name":"Cursed Tome","floor":19,"gold_loss":0}],"is_beta":false,"boss_relics":[{"not_picked":["Black Star","Snecko Eye"],"picked":"WristBlade"}],"items_purged_floors":[],"is_endless":false,"potions_floor_spawned":[4,6,8,16,20],"killed_by":"Slavers","ascension_level":5}}