{"host":"mqhvlr3kpxebko0t","time":1608630355,"event":{"mods":["AchievementEnabler","BaseMod","Colored Map","Colored Powertips","Keyboard Shortcuts","Minty Spire (QoL Compilation)","StSLib","SuperFastMode"],"gold_per_floor":[114,39,39,39,58,85,85,100,100,0,20,41,53,73,73,150,150,161,36,36,48,67,67,87,103,149,149,176,26,26,44,44,44,44],"floor_reached":33,"playtime":584,"items_purged":["Strike_P","Defend_P","Defend_P","Defend_P"],"score":671,"play_id":"a73ae131-d99a-4a8b-b241-10270dcc2d0b","local_time":"20201222184555","is_ascension_mode":true,"campfire_choices":[{"data":"Eruption","floor":7.0,"key":"SMITH"},{"data":"ForeignInfluence","floor":15.0,"key":"SMITH"},{"data":"MentalFortress","floor":23.0,"key":"SMITH"},{"floor":32.0,"key":"REST"}],"circlet_count":0,"master_deck":["AscendersBane","Strike_P","Eruption+1","Vigilance","FollowUp","ForeignInfluence+1","FlurryOfBlows","Judgement","Vault","MentalFortress+1","WheelKick","EmptyFist+1","Adaptation"],"relics":["PureWater","NeowsBlessing","Ice Cream","White Beast Statue","Odd Mushroom","Empty Cage","Blood Vial","Pear"],"acts_visited":["Exordium","TheCity"],"potions_floor_usage":[33,33],"damage_taken":[{"damage":0.0,"enemies":"2 Louse","floor":1.0,"turns":1.0},{"damage":0.0,"enemies":"Cultist","floor":5.0,"turns":1.0},{"damage":0.0,"enemies":"Gremlin Nob","floor":6.0,"turns":1.0},{"damage":0.0,"enemies":"Small Slimes","floor":8.0,"turns":2.0},{"damage":11.0,"enemies":"3 Louse","floor":11.0,"turns":2.0},{"damage":13.0,"enemies":"The Mushroom Lair","floor":12.0,"turns":2.0},{"damage":0.0,"enemies":"2 Fungi Beasts","floor":13.0,"turns":2.0},{"damage":0.0,"enemies":"Exordium Thugs","floor":14.0,"turns":2.0},{"damage":0.0,"enemies":"Slime Boss","floor":16.0,"turns":2.0},{"damage":3.0,"enemies":"Shell Parasite","floor":18.0,"turns":3.0},{"damage":17.0,"enemies":"2 Thieves","floor":21.0,"turns":3.0},{"damage":0.0,"enemies":"Cultist and Chosen","floor":22.0,"turns":3.0},{"damage":7.0,"enemies":"Shelled Parasite and Fungi","floor":24.0,"turns":4.0},{"damage":9.0,"enemies":"3 Cultists","floor":25.0,"turns":5.0},{"damage":2.0,"enemies":"Book of Stabbing","floor":28.0,"turns":5.0},{"damage":24.0,"enemies":"Snake Plant","floor":31.0,"turns":4.0},{"damage":54,"enemies":"Collector","floor":33,"turns":6}],"seed_played":"-5907417677845659667","potions_obtained":[{"floor":6.0,"key":"SkillPotion"},{"floor":8.0,"key":"DuplicationPotion"},{"floor":11.0,"key":"AttackPotion"},{"floor":12.0,"key":"PowerPotion"},{"floor":13.0,"key":"EntropicBrew"},{"floor":14.0,"key":"Fruit Juice"},{"floor":16.0,"key":"LiquidMemories"},{"floor":21.0,"key":"StancePotion"},{"floor":24.0,"key":"EssenceOfSteel"},{"floor":28.0,"key":"Energy Potion"},{"floor":31.0,"key":"Dexterity Potion"}],"is_trial":false,"path_per_floor":["M","$","?","?","M","E","R","M","T","$","M","?","M","M","R","B",null,"M","$","?","M","M","R","M","M","T","?","E","$","?","M","R","B"],"character_chosen":"WATCHER","items_purchased":[],"campfire_rested":1,"item_purchase_floors":[],"current_hp_per_floor":[61,61,61,68,68,68,68,68,68,68,57,44,44,49,49,49,67,64,64,64,47,47,47,40,31,31,31,41,41,41,19,43,0,0],"gold":44,"neow_bonus":"THREE_ENEMY_KILL","is_daily":false,"chose_seed":false,"campfire_upgraded":3,"win_rate":0.0,"timestamp":1608630355,"path_taken":["M","$","?","?","M","E","R","M","T","$","?","?","M","M","R","BOSS","M","$","?","M","M","R","M","M","T","?","E","$","?","M","R","BOSS"],"items_purchased_type":[],"build_version":"2020-12-13","purchased_purges":4,"victory":false,"max_hp_per_floor":[68,68,68,68,68,68,68,68,68,68,68,68,68,73,73,73,73,73,73,73,73,73,73,73,73,73,73,83,83,83,83,83,83,83],"card_choices":[{"not_picked":["Protect","Study"],"picked":"FollowUp","floor":1.0},{"not_picked":["ThirdEye","Indignation"],"picked":"FlurryOfBlows","floor":5.0},{"not_picked":["Swivel","SashWhip"],"picked":"Judgement","floor":6.0},{"not_picked":["WindmillStrike","Perseverance","ThirdEye"],"picked":"SKIP","floor":8.0},{"not_picked":["PathToVictory","Evaluate","Protect"],"picked":"SKIP","floor":11.0},{"not_picked":["FlurryOfBlows","ClearTheMind","Protect"],"picked":"SKIP","floor":13.0},{"not_picked":["Evaluate","CutThroughFate","Consecrate"],"picked":"SKIP","floor":14.0},{"not_picked":["Devotion","DeusExMachina"],"picked":"Vault","floor":16.0},{"not_picked":["Pray","BowlingBash"],"picked":"MentalFortress","floor":18.0},{"not_picked":["FlyingSleeves","WreathOfFlame","Protect"],"picked":"SKIP","floor":21.0},{"not_picked":["FlurryOfBlows","WindmillStrike","Consecrate"],"picked":"SKIP","floor":22.0},{"not_picked":["FlyingSleeves+1","JustLucky+1"],"picked":"WheelKick","floor":24.0},{"not_picked":["Tantrum","WreathOfFlame"],"picked":"EmptyFist+1","floor":25.0},{"not_picked":["BowlingBash","WindmillStrike","ThirdEye"],"picked":"SKIP","floor":28.0},{"not_picked":["FlyingSleeves","CutThroughFate","ForeignInfluence"],"picked":"SKIP","floor":31.0}],"player_experience":674957,"relics_obtained":[{"floor":6.0,"key":"Ice Cream"},{"floor":9.0,"key":"White Beast Statue"},{"floor":12.0,"key":"Odd Mushroom"},{"floor":26.0,"key":"Blood Vial"},{"floor":28.0,"key":"Pear"}],"event_choices":[{"damage_healed":0.0,"max_hp_gain":0.0,"max_hp_loss":0.0,"gold_gain":0.0,"cards_transformed":["Strike_P"],"event_name":"Living Wall","player_choice":"Change","floor":3.0,"gold_loss":0.0,"damage_taken":0.0,"cards_obtained":["ForeignInfluence"]},{"damage_healed":7.0,"max_hp_gain":0.0,"max_hp_loss":0.0,"gold_gain":0.0,"event_name":"Wheel of Change","player_choice":"Full Heal","floor":4.0,"gold_loss":0.0,"damage_taken":0.0},{"damage_healed":0.0,"max_hp_gain":0.0,"max_hp_loss":0.0,"gold_gain":0.0,"event_name":"Mushrooms","player_choice":"Fought Mushrooms","floor":12.0,"gold_loss":0.0,"damage_taken":0.0},{"damage_healed":0.0,"max_hp_gain":0.0,"max_hp_loss":0.0,"gold_gain":0.0,"event_name":"Vampires","player_choice":"Ignored","floor":20.0,"gold_loss":0.0,"damage_taken":0.0},{"damage_healed":0.0,"max_hp_gain":0.0,"max_hp_loss":0.0,"gold_gain":0.0,"event_name":"The Mausoleum","player_choice":"Ignored","floor":27.0,"gold_loss":0.0,"damage_taken":0.0},{"damage_healed":0.0,"max_hp_gain":0.0,"max_hp_loss":0.0,"gold_gain":0.0,"event_name":"The Library","player_choice":"Read","floor":30.0,"gold_loss":0.0,"damage_taken":0.0,"cards_obtained":["Adaptation"]}],"is_beta":false,"boss_relics":[{"not_picked":["Fusion Hammer","Cursed Key"],"picked":"Empty Cage"}],"items_purged_floors":[2,10,19,29],"is_endless":false,"potions_floor_spawned":[6,8,11,12,13,14,16,18,21,22,24,25,28,31],"killed_by":"Collector","ascension_level":19}}