{"host":"x039aayur7qovk2d","time":1608599307,"event":{"mods":["BaseMod","Block Reminder","Colored Map","Colored Powertips","Googly Eyes","Minty Spire (QoL Compilation)","Quick Restart","Rare Cards Sparkle","Relic Stats"],"gold_per_floor":[111,129,129,145,161,188,200,117,196,127,144,162,187,202,202,299,299,310,310,4,17,17,50,50,84,107,127,141,161,161,180,180,283,283,294,311,44,63,63,92,40,40,40,60,60,114,114,125,125,125,125,125,23,56,56,56],"floor_reached":55,"playtime":5485,"items_purged":["Writhe"],"score":778,"play_id":"c4da4359-7650-49b0-86d2-21b3d1654940","local_time":"20201221170827","is_ascension_mode":false,"campfire_choices":[{"data":"Armaments","floor":15,"key":"SMITH"},{"data":"Pommel Strike","floor":24,"key":"SMITH"},{"floor":30,"key":"RECALL"},{"floor":32,"key":"REST"},{"floor":45,"key":"REST"},{"data":"1","floor":47,"key":"LIFT"},{"data":"2","floor":49,"key":"LIFT"},{"data":"3","floor":52,"key":"LIFT"}],"circlet_count":0,"master_deck":["Defend_R","Defend_R","Defend_R","Defend_R","Bash","Feed+1","Perfected Strike","Cleave","Heavy Blade","Shrug It Off","Burning Pact","Pommel Strike+1","Uppercut","Wild Strike","Armaments+1","Iron Wave","Bludgeon","Ghostly Armor","Impervious","Anger","RitualDagger","Iron Wave+1","Bite","Bite","Bite","Bite","Bite","Shockwave","Flex+1","Anger+1","Clothesline+1","Rage+1","Pommel Strike+1","Metallicize","Barricade","Headbutt","Infernal Blade+1","Mayhem","Swift Strike","Pummel+1"],"relics":["Burning Blood","Question Card","Pear","Incense Burner","Velvet Choker","FossilizedHelix","Dream Catcher","StoneCalendar","Busted Crown","Strawberry","PreservedInsect","Self Forming Clay","Girya","Calipers"],"acts_visited":["Exordium","TheCity","TheBeyond","TheEnding"],"potions_floor_usage":[6,13,13,16,16,27,27,28,33,41,44,44,48,50,50,50],"damage_taken":[{"damage":6,"enemies":"Jaw Worm","floor":1,"turns":5},{"damage":0,"enemies":"Cultist","floor":2,"turns":2},{"damage":7,"enemies":"2 Louse","floor":4,"turns":2},{"damage":10,"enemies":"2 Fungi Beasts","floor":5,"turns":4},{"damage":23,"enemies":"Lagavulin","floor":6,"turns":8},{"damage":29,"enemies":"Exordium Thugs","floor":7,"turns":5},{"damage":16,"enemies":"3 Louse","floor":11,"turns":4},{"damage":6,"enemies":"Looter","floor":12,"turns":4},{"damage":17,"enemies":"3 Sentries","floor":13,"turns":5},{"damage":7,"enemies":"Exordium Thugs","floor":14,"turns":4},{"damage":39,"enemies":"Hexaghost","floor":16,"turns":13},{"damage":45,"enemies":"3 Byrds","floor":18,"turns":8},{"damage":7,"enemies":"Shell Parasite","floor":21,"turns":5},{"damage":32,"enemies":"Book of Stabbing","floor":23,"turns":7},{"damage":62,"enemies":"Gremlin Leader","floor":25,"turns":8},{"damage":0,"enemies":"Cultist and Chosen","floor":27,"turns":7},{"damage":0,"enemies":"Snake Plant","floor":28,"turns":4},{"damage":20,"enemies":"Sentry and Sphere","floor":29,"turns":6},{"damage":10,"enemies":"Shelled Parasite and Fungi","floor":31,"turns":5},{"damage":28,"enemies":"Champ","floor":33,"turns":12},{"damage":28,"enemies":"3 Darklings","floor":35,"turns":5},{"damage":12,"enemies":"3 Shapes","floor":36,"turns":4},{"damage":21,"enemies":"Writhing Mass","floor":38,"turns":5},{"damage":48,"enemies":"Giant Head","floor":40,"turns":11},{"damage":28,"enemies":"3 Darklings","floor":44,"turns":6},{"damage":42,"enemies":"2 Orb Walkers","floor":46,"turns":7},{"damage":0,"enemies":"Transient","floor":48,"turns":5},{"damage":38,"enemies":"Awakened One","floor":50,"turns":11},{"damage":49,"enemies":"Shield and Spear","floor":54,"turns":6},{"damage":123,"enemies":"The Heart","floor":55,"turns":9}],"seed_played":"-6042545672230420811","potions_obtained":[{"floor":4,"key":"HeartOfIron"},{"floor":7,"key":"Regen Potion"},{"floor":11,"key":"AttackPotion"},{"floor":13,"key":"EssenceOfSteel"},{"floor":23,"key":"Energy Potion"},{"floor":25,"key":"DuplicationPotion"},{"floor":27,"key":"ElixirPotion"},{"floor":31,"key":"ColorlessPotion"},{"floor":39,"key":"Regen Potion"},{"floor":39,"key":"Strength Potion"},{"floor":44,"key":"Strength Potion"},{"floor":46,"key":"Block Potion"},{"floor":48,"key":"DistilledChaos"},{"floor":54,"key":"SpeedPotion"}],"is_trial":false,"path_per_floor":["M","M","?","M","M","E","M","$","T","$","M","M","E","M","R","B",null,"M","?","$","M","?","E","R","E","T","M","M","M","R","M","R","B",null,"M","M","$","M","?","E","$","?","T","M","R","?","R","M","R","B",null,"R","$","E","B"],"character_chosen":"IRONCLAD","items_purchased":["Uppercut","Weak Potion","Wild Strike","Armaments","FossilizedHelix","Strawberry","BloodPotion","BloodPotion","FairyPotion"],"campfire_rested":2,"item_purchase_floors":[8,8,10,10,20,37,37,41,53],"current_hp_per_floor":[83,83,83,86,86,73,54,54,64,64,58,58,65,64,64,35,121,86,80,80,79,79,61,61,19,19,37,47,44,44,50,77,75,91,77,79,86,79,79,49,69,64,64,84,102,76,76,88,88,73,102,102,102,71,0,0],"gold":56,"neow_bonus":"THREE_RARE_CARDS","is_daily":false,"chose_seed":false,"campfire_upgraded":2,"win_rate":0.0,"timestamp":1608599307,"path_taken":["M","M","?","M","M","E","M","?","T","$","M","M","E","?","R","BOSS","M","?","$","M","?","E","R","E","T","M","M","M","R","M","R","BOSS","M","M","$","M","?","E","?","?","T","M","R","?","R","M","R","BOSS","R","$","E","BOSS"],"items_purchased_type":["Card","Potion","Card","Card","Relic","Relic","Potion","Potion","Potion"],"build_version":"2020-12-13","purchased_purges":1,"victory":false,"max_hp_per_floor":[83,83,83,87,91,95,99,99,109,109,113,113,117,117,117,121,121,125,125,125,125,87,87,87,87,87,87,87,87,87,91,91,91,91,95,95,102,102,102,102,102,102,102,102,102,102,102,102,102,102,102,102,102,106,106,106],"relic_stats":{"Dream Catcher":2,"Busted Crown":22,"counters":[30,187],"Self Forming Clay":[111],"StoneCalendar":[173],"PreservedInsect":68,"Question Card":27,"obtain_stats":[{"Girya":46,"Pear":9,"Calipers":54,"Self Forming Clay":43,"Velvet Choker":17,"StoneCalendar":25,"PreservedInsect":40,"Incense Burner":13,"Question Card":6,"Burning Blood":0,"Dream Catcher":23,"Busted Crown":34,"Strawberry":37,"FossilizedHelix":20},{"Girya":26,"Pear":6,"Calipers":29,"Self Forming Clay":24,"Velvet Choker":11,"StoneCalendar":15,"PreservedInsect":24,"Incense Burner":9,"Question Card":5,"Burning Blood":0,"Dream Catcher":14,"Busted Crown":20,"Strawberry":22,"FossilizedHelix":12},{"Girya":156,"Pear":26,"Calipers":178,"Self Forming Clay":143,"Velvet Choker":56,"StoneCalendar":84,"PreservedInsect":143,"Incense Burner":39,"Question Card":21,"Burning Blood":0,"Dream Catcher":76,"Busted Crown":118,"Strawberry":127,"FossilizedHelix":64}],"Burning Blood":168},"card_choices":[{"not_picked":["Berserk","Barricade"],"picked":"Feed","floor":0},{"not_picked":["Body Slam","Sword Boomerang"],"picked":"Perfected Strike","floor":1},{"not_picked":["True Grit","Flex"],"picked":"Cleave","floor":2},{"not_picked":["Havoc","Cleave"],"picked":"Heavy Blade","floor":4},{"not_picked":["Heavy Blade","Warcry"],"picked":"Shrug It Off","floor":5},{"not_picked":["Havoc","Shrug It Off"],"picked":"Burning Pact","floor":6},{"not_picked":["Clothesline","Sever Soul","Evolve"],"picked":"Pommel Strike","floor":7},{"not_picked":["Second Wind","Armaments","Warcry"],"picked":"Iron Wave","floor":11},{"not_picked":["Feel No Pain","Sever Soul","Thunderclap"],"picked":"Bludgeon","floor":12},{"not_picked":["Thunderclap","Entrench","Armaments","Brutality"],"picked":"SKIP","floor":13},{"not_picked":["Entrench","Evolve","Armaments"],"picked":"Ghostly Armor","floor":14},{"not_picked":["Berserk","Immolate","Reaper"],"picked":"Impervious","floor":16},{"not_picked":["Combust","Sever Soul","Body Slam+1"],"picked":"Anger","floor":18},{"not_picked":["Pommel Strike","Combust","Warcry+1"],"picked":"Iron Wave+1","floor":21},{"not_picked":["Havoc","Warcry+1","Sever Soul+1"],"picked":"Shockwave","floor":23},{"not_picked":["Rupture","Cleave","Clothesline"],"picked":"Flex+1","floor":25},{"not_picked":["Cleave","Sentinel","Juggernaut"],"picked":"Anger+1","floor":27},{"not_picked":["Thunderclap","Sever Soul","Spot Weakness"],"picked":"Clothesline+1","floor":28},{"not_picked":["Clothesline","Thunderclap","Sword Boomerang"],"picked":"Rage+1","floor":29},{"not_picked":["Feel No Pain","Rupture","Body Slam"],"picked":"Pommel Strike+1","floor":31},{"not_picked":["Cleave","Headbutt","Battle Trance"],"picked":"Metallicize","floor":32},{"not_picked":["Impervious","Limit Break","Corruption"],"picked":"Barricade","floor":33},{"not_picked":["Flex"],"picked":"Headbutt","floor":35},{"not_picked":["Flex+1"],"picked":"Infernal Blade+1","floor":36},{"not_picked":["Rupture","True Grit+1"],"picked":"SKIP","floor":38},{"not_picked":["Sword Boomerang+1","True Grit"],"picked":"SKIP","floor":40},{"not_picked":["Bandage Up"],"picked":"Mayhem","floor":42},{"not_picked":["Secret Technique"],"picked":"Swift Strike","floor":42},{"not_picked":["Clothesline","Uppercut"],"picked":"SKIP","floor":44},{"not_picked":["Cleave"],"picked":"Pummel+1","floor":45},{"not_picked":["Burning Pact+1","Wild Strike"],"picked":"SKIP","floor":48},{"not_picked":["Shockwave","Sentinel"],"picked":"SKIP","floor":54}],"player_experience":176237,"relics_obtained":[{"floor":6,"key":"Question Card"},{"floor":9,"key":"Pear"},{"floor":13,"key":"Incense Burner"},{"floor":23,"key":"Dream Catcher"},{"floor":25,"key":"StoneCalendar"},{"floor":40,"key":"PreservedInsect"},{"floor":43,"key":"Self Forming Clay"},{"floor":46,"key":"Girya"},{"floor":54,"key":"Calipers"}],"event_choices":[{"damage_healed":0,"gold_gain":0,"player_choice":"Upgraded","damage_taken":0,"max_hp_gain":0,"max_hp_loss":0,"event_name":"Upgrade Shrine","floor":3,"gold_loss":0,"cards_upgraded":["Feed"]},{"damage_healed":0,"gold_gain":0,"player_choice":"Joined the Cult","damage_taken":6,"max_hp_gain":0,"max_hp_loss":0,"event_name":"Nest","floor":19,"gold_loss":0,"cards_obtained":["RitualDagger"]},{"damage_healed":0,"gold_gain":0,"player_choice":"Became a vampire","damage_taken":0,"max_hp_gain":0,"max_hp_loss":38,"event_name":"Vampires","floor":22,"gold_loss":0,"cards_obtained":["Bite","Bite","Bite","Bite","Bite"]},{"damage_healed":0,"gold_gain":0,"player_choice":"Got Potions","damage_taken":0,"max_hp_gain":0,"max_hp_loss":0,"event_name":"Lab","floor":39,"gold_loss":0},{"damage_healed":0,"gold_gain":0,"player_choice":"Memory 2","damage_taken":5,"max_hp_gain":0,"max_hp_loss":0,"event_name":"SensoryStone","floor":42,"gold_loss":0},{"damage_healed":0,"gold_gain":0,"player_choice":"Fight","damage_taken":0,"max_hp_gain":0,"max_hp_loss":0,"event_name":"Mysterious Sphere","floor":46,"gold_loss":0}],"is_beta":false,"boss_relics":[{"not_picked":["Coffee Dripper","SacredBark"],"picked":"Velvet Choker"},{"not_picked":["Runic Pyramid","Tiny House"],"picked":"Busted Crown"}],"items_purged_floors":[37],"is_endless":false,"potions_floor_spawned":[4,7,11,13,23,25,27,31,44,46,48,54],"killed_by":"The Heart","ascension_level":0}}