{"host":"0cm5wy4nhuju7tij","time":1608607926,"event":{"mods":["2.2 Compatiblity","AchievementEnabler","BaseMod","Better Third Choice","BetterRewards","CatGirl Mod","Colored Powertips","Curses Come First","Custom Start","Displayed Cursed Tome","Downfall","Energized Spire","Filter the Spire","Fireblade Mod","Highlight Path","Jess\u0027s Bottle","Minty Spire (QoL Compilation)","Permanent Neow","Railgun Mod","Robot Space Explorer","Shop Mod","Spicy Shops","StSLib","The Marked","The Servant 0.9.4"],"gold_per_floor":[111,125,125,136,148,178,178,195,247,247,261,261,287,115,115,210,210,227,238,3,13,27,27,60,60,60,76,76,176,192,212,212,315,365,383,2,52,52,62,62,89,103,103,103,103],"floor_reached":44,"playtime":3167,"items_purged":["theCatGirl:AccidentalHeadbutt","Injury","theCatGirl:Strike"],"score":497,"play_id":"641de8e8-cf75-4c8d-b490-bf6c6868025a","local_time":"20201221223206","is_ascension_mode":false,"campfire_choices":[{"floor":7,"key":"REST"},{"floor":10,"key":"REST"},{"data":"theCatGirl:BloodScent","floor":12,"key":"SMITH"},{"floor":15,"key":"REST"},{"data":"theCatGirl:AdventurersInsight","floor":23,"key":"SMITH"},{"data":"theCatGirl:Counterattack","floor":25,"key":"SMITH"},{"floor":28,"key":"REST"},{"floor":32,"key":"REST"},{"data":"1","floor":40,"key":"LIFT"}],"circlet_count":0,"master_deck":["theCatGirl:Strike","theCatGirl:Strike","theCatGirl:Defend","theCatGirl:Defend","theCatGirl:Defend","theCatGirl:Defend","theCatGirl:ClawStrike","theCatGirl:Evasion","theCatGirl:FocusedStrike","theCatGirl:ElegantStrike","theCatGirl:Claws","theCatGirl:SpinningStrike","theCatGirl:RageClaws","theCatGirl:Claws","theCatGirl:TwoStep","theCatGirl:BloodScent+1","theCatGirl:SpinningStrike","theCatGirl:DefensiveStance+1","theCatGirl:BloodScent","theCatGirl:TrainWreck","theCatGirl:AdventurersInsight+1","theCatGirl:Counterattack+1","theCatGirl:BloodBath+1","theCatGirl:Meow","theCatGirl:PoisedStrike","theCatGirl:KeepAlert","theCatGirl:FinishingMove","theCatGirl:UnrelentingAssault+1","theCatGirl:Misfire","theCatGirl:AllIn","theCatGirl:SmellFear","theCatGirl:TrainWreck","theCatGirl:Growl","theCatGirl:Claws+1","theCatGirl:LearnByMistake+1","theCatGirl:BloodScent+1","theCatGirl:TrainWreck+1","theCatGirl:HungerClaw","theCatGirl:SearchBackpack","theCatGirl:TwoStep+1","theCatGirl:FocusedStrike+1","theCatGirl:KeepAlert","theCatGirl:SpinningStrike","theCatGirl:TripLunge+1","theCatGirl:FocusedStrike+1","theCatGirl:RageClaws+1","theCatGirl:BleedingWounds","theCatGirl:FumblingBlow+1","theCatGirl:AllIn+1"],"relics":["theCatGirl:TrainedRelic","Prayer Wheel","Nunchaku","StrikeDummy","jessBottle:WaterBottleRelic","Eternal Feather","Oddly Smooth Stone","Regal Pillow","Tiny House","PreservedInsect","Girya","Smiling Mask","Frozen Egg 2"],"acts_visited":["Exordium","TheCity","TheBeyond"],"potions_floor_usage":[41,42,44,44,44],"damage_taken":[{"damage":2,"enemies":"Cultist","floor":1,"turns":5},{"damage":0,"enemies":"Small Slimes","floor":2,"turns":4},{"damage":10,"enemies":"Jaw Worm","floor":4,"turns":5},{"damage":3,"enemies":"3 Louse","floor":5,"turns":5},{"damage":46,"enemies":"3 Sentries","floor":6,"turns":12},{"damage":1,"enemies":"Looter","floor":8,"turns":3},{"damage":0,"enemies":"2 Fungi Beasts","floor":11,"turns":3},{"damage":19,"enemies":"Lagavulin","floor":13,"turns":5},{"damage":46,"enemies":"The Guardian","floor":16,"turns":13},{"damage":0,"enemies":"Spheric Guardian","floor":18,"turns":3},{"damage":0,"enemies":"Chosen","floor":19,"turns":4},{"damage":0,"enemies":"Centurion and Healer","floor":21,"turns":4},{"damage":15,"enemies":"Cultist and Chosen","floor":22,"turns":5},{"damage":45,"enemies":"Book of Stabbing","floor":24,"turns":6},{"damage":21,"enemies":"3 Cultists","floor":27,"turns":5},{"damage":36,"enemies":"Snake Plant","floor":30,"turns":3},{"damage":10,"enemies":"Cultist and Chosen","floor":31,"turns":4},{"damage":19,"enemies":"Collector","floor":33,"turns":8},{"damage":57,"enemies":"3 Darklings","floor":35,"turns":6},{"damage":0,"enemies":"Mind Bloom Boss Battle","floor":37,"turns":7},{"damage":9,"enemies":"3 Shapes","floor":39,"turns":3},{"damage":38,"enemies":"Nemesis","floor":41,"turns":7},{"damage":10,"enemies":"Jaw Worm Horde","floor":42,"turns":2},{"damage":22,"enemies":"4 Shapes","floor":44,"turns":1}],"seed_played":"-2221730183397742407","potions_obtained":[{"floor":2,"key":"BlessingOfTheForge"},{"floor":5,"key":"SteroidPotion"},{"floor":8,"key":"Strength Potion"},{"floor":27,"key":"Block Potion"},{"floor":31,"key":"Energy Potion"},{"floor":34,"key":"EntropicBrew"}],"is_trial":false,"path_per_floor":["M","M","?","M","M","E","R","M","T","R","M","R","E","$","R","B",null,"M","M","$","M","M","R","E","R","T","M","R","?","M","M","R","B",null,"M","$","?","?","M","R","E","M","T","M"],"character_chosen":"THE_CATGIRL","items_purchased":["theCatGirl:BloodScent","theCatGirl:TrainWreck","Eternal Feather","theCatGirl:KeepAlert","PreservedInsect","theCatGirl:KeepAlert","theCatGirl:SpinningStrike"],"campfire_rested":5,"item_purchase_floors":[14,14,20,20,36,36,36],"current_hp_per_floor":[68,68,68,58,55,9,30,29,29,50,50,50,31,31,52,6,70,70,70,70,70,55,70,25,43,43,22,70,70,34,24,70,51,75,18,18,21,68,59,68,30,20,20,0,0],"gold":103,"neow_bonus":"TRANSFORM_CARD","is_daily":false,"chose_seed":false,"campfire_upgraded":3,"win_rate":0.0,"timestamp":1608607926,"path_taken":["M","M","?","M","M","E","R","M","T","R","?","R","E","$","R","BOSS","M","M","$","M","M","R","E","R","T","M","R","?","?","M","R","BOSS","M","$","?","?","M","R","E","M","T","M"],"items_purchased_type":["Card","Card","Relic","Card","Relic","Card","Card"],"build_version":"2020-12-13","purchased_purges":3,"victory":false,"max_hp_per_floor":[70,70,70,70,70,70,70,70,70,70,70,70,70,70,70,70,70,70,70,70,70,70,70,70,70,70,70,70,70,70,70,70,70,75,75,75,78,68,68,68,68,68,68,68,68],"card_choices":[{"not_picked":["theCatGirl:Misfire","theCatGirl:Parry"],"picked":"theCatGirl:FocusedStrike","floor":1},{"not_picked":["theCatGirl:LostTrinket","theCatGirl:LearnByMistake"],"picked":"theCatGirl:ElegantStrike","floor":2},{"not_picked":["theCatGirl:RunningWithDaggers","theCatGirl:PoisedStrike"],"picked":"theCatGirl:Claws","floor":4},{"not_picked":["theCatGirl:Insane","theCatGirl:Misfire"],"picked":"theCatGirl:SpinningStrike","floor":5},{"not_picked":["theCatGirl:Prepared","theCatGirl:Insane"],"picked":"theCatGirl:RageClaws","floor":6},{"not_picked":["theCatGirl:FocusedStrike","theCatGirl:TwoStep"],"picked":"theCatGirl:Claws","floor":8},{"not_picked":["theCatGirl:PoisedStrike","theCatGirl:ClenchYourTeeth"],"picked":"theCatGirl:TwoStep","floor":8},{"not_picked":["theCatGirl:ShockedWitness","theCatGirl:BloodBath"],"picked":"theCatGirl:BloodScent","floor":11},{"not_picked":["theCatGirl:Prepared","theCatGirl:PoisedStrike"],"picked":"theCatGirl:SpinningStrike","floor":11},{"not_picked":["theCatGirl:GoddessOfMisfortune","theCatGirl:FocusedStrike"],"picked":"theCatGirl:DefensiveStance","floor":13},{"not_picked":["theCatGirl:Howl","theCatGirl:Beastification"],"picked":"theCatGirl:AdventurersInsight","floor":16},{"not_picked":["theCatGirl:TrainWreck","theCatGirl:Misfire"],"picked":"theCatGirl:Counterattack","floor":18},{"not_picked":["theCatGirl:RunningWithDaggers","theCatGirl:ScratchFlurry"],"picked":"theCatGirl:BloodBath+1","floor":18},{"not_picked":["theCatGirl:Beastification","theCatGirl:ExtremeSpeed"],"picked":"theCatGirl:Meow","floor":19},{"not_picked":["theCatGirl:TripLunge","theCatGirl:SearchBackpack"],"picked":"theCatGirl:PoisedStrike","floor":19},{"not_picked":["theCatGirl:DecliningDefenses","theCatGirl:SearchBackpack"],"picked":"theCatGirl:FinishingMove","floor":21},{"not_picked":["theCatGirl:RunningWithDaggers","theCatGirl:RecoveryBlow"],"picked":"theCatGirl:UnrelentingAssault+1","floor":21},{"not_picked":["theCatGirl:EmergencyParry","theCatGirl:PilingErrors"],"picked":"theCatGirl:Misfire","floor":22},{"not_picked":["theCatGirl:TryingMyBest","theCatGirl:Slip"],"picked":"theCatGirl:AllIn","floor":22},{"not_picked":["theCatGirl:UnrelentingAssault","theCatGirl:TryingMyBest"],"picked":"theCatGirl:SmellFear","floor":24},{"not_picked":["theCatGirl:ClenchYourTeeth","theCatGirl:AccidentalSlap"],"picked":"theCatGirl:TrainWreck","floor":27},{"not_picked":["theCatGirl:ComboAttack","theCatGirl:SpinningStrike"],"picked":"theCatGirl:Growl","floor":27},{"not_picked":["theCatGirl:Beastification","theCatGirl:Misfire"],"picked":"theCatGirl:Claws+1","floor":30},{"not_picked":["theCatGirl:Growl","theCatGirl:ChangeOfPlans"],"picked":"theCatGirl:LearnByMistake+1","floor":30},{"not_picked":["theCatGirl:AccidentalSlap+1","theCatGirl:Prepared"],"picked":"theCatGirl:BloodScent+1","floor":31},{"not_picked":["theCatGirl:EmergencyParry","theCatGirl:FinishingMove+1"],"picked":"theCatGirl:TrainWreck+1","floor":31},{"not_picked":["theCatGirl:PerfectBlock","theCatGirl:AccidentalHeadbutt"],"picked":"theCatGirl:HungerClaw","floor":33},{"not_picked":["theCatGirl:PilingErrors","theCatGirl:DecliningDefenses"],"picked":"theCatGirl:SearchBackpack","floor":34},{"not_picked":["theCatGirl:TryingMyBest+1","theCatGirl:LearnByMistake+1"],"picked":"theCatGirl:TwoStep+1","floor":35},{"not_picked":["theCatGirl:PoisedStrike+1","theCatGirl:ClawScratch"],"picked":"theCatGirl:FocusedStrike+1","floor":35},{"not_picked":["theCatGirl:ClawScratch+1","theCatGirl:EmergencyParry+1"],"picked":"theCatGirl:TripLunge+1","floor":37},{"not_picked":["theCatGirl:RunningWithDaggers","theCatGirl:BodyBlow"],"picked":"theCatGirl:FocusedStrike+1","floor":39},{"not_picked":["theCatGirl:SearchBackpack+1","theCatGirl:Howl"],"picked":"theCatGirl:RageClaws+1","floor":39},{"not_picked":["theCatGirl:PerfectBlock","theCatGirl:ClenchYourTeeth"],"picked":"theCatGirl:BleedingWounds","floor":41},{"not_picked":["theCatGirl:SearchBackpack+1","theCatGirl:RunningWithDaggers+1"],"picked":"theCatGirl:FumblingBlow+1","floor":42},{"not_picked":["theCatGirl:LuckyBlow+1","theCatGirl:SpinningStrike"],"picked":"theCatGirl:AllIn+1","floor":42}],"player_experience":260737,"relics_obtained":[{"floor":6,"key":"Prayer Wheel"},{"floor":9,"key":"Nunchaku"},{"floor":13,"key":"StrikeDummy"},{"floor":24,"key":"Oddly Smooth Stone"},{"floor":26,"key":"Regal Pillow"},{"floor":37,"key":"Girya"},{"floor":41,"key":"Smiling Mask"},{"floor":43,"key":"Frozen Egg 2"}],"event_choices":[{"damage_healed":0,"gold_gain":0,"player_choice":"Ignored","damage_taken":0,"max_hp_gain":0,"max_hp_loss":0,"event_name":"NoteForYourself","floor":3,"gold_loss":0},{"damage_healed":0,"gold_gain":100,"player_choice":"Pray","damage_taken":0,"max_hp_gain":0,"max_hp_loss":0,"event_name":"Golden Shrine","floor":29,"gold_loss":0},{"damage_healed":0,"gold_gain":0,"player_choice":"Fight","damage_taken":0,"max_hp_gain":0,"max_hp_loss":0,"event_name":"MindBloom","floor":37,"gold_loss":0},{"damage_healed":68,"gold_gain":0,"player_choice":"Heal","damage_taken":0,"max_hp_gain":0,"max_hp_loss":10,"event_name":"The Moai Head","floor":38,"gold_loss":0}],"is_beta":false,"boss_relics":[{"not_picked":["Busted Crown","Velvet Choker"],"picked":"jessBottle:WaterBottleRelic"},{"not_picked":["Sozu","Empty Cage"],"picked":"Tiny House"}],"items_purged_floors":[14,20,36],"is_endless":false,"potions_floor_spawned":[2,5,8,19,27,30,31,35,39],"killed_by":"4 Shapes","ascension_level":0}}