{"host":"zjc1tzo4ovig5lll","time":1608652707,"event":{"mods":["AchievementEnabler","Aspiration","BaseMod","Beaked The Cultist","Better Altar","Better Match","Better Note","Better Sensory Stone","Colored Map","Colored Powertips","Conspire","Energized Spire","Friendly Minions","GifTheSpireLib","Halation","Hermit","Hubris","Minty Spire (QoL Compilation)","Rare Cards Sparkle","Replay The Spire","Spikes Relics","StSLib","Stuff the Spire","The Bug Knight","The Construct","The Jungle","The Servant 0.9.4","everything is the same but u backflip on backflip","vexMod"],"gold_per_floor":[118,118,131,142,154,184,197,197,197,17,43,54,65,83,83,187,187,197,215,229,229,229],"floor_reached":21,"playtime":1135,"items_purged":[],"score":212,"play_id":"b441bde5-a031-401c-8712-f7d33a70f1df","local_time":"20201222175827","is_ascension_mode":false,"campfire_choices":[{"data":"ReplayTheSpireMod:Muscle Training","floor":8,"key":"SMITH"},{"data":"Reforge","floor":15,"key":"SMITH"}],"circlet_count":0,"master_deck":["Strike_R","Strike_R","Strike_R","Strike_R","Strike_R","Defend_R","Defend_R","Defend_R","Defend_R","Bash","True Grit+1","Perfected Strike","Perfected Strike","ReplayTheSpireMod:Muscle Training+1","Reforge+1","hubris:ReadiedAction","Inflame","Barricade","Pommel Strike"],"relics":["Burning Blood","SpikesRelics:DaevaFist","Replay:Ringing Soul","hubris:VirtuousBlindfold"],"acts_visited":["Exordium","Exordium"],"potions_floor_usage":[16],"damage_taken":[{"damage":1,"enemies":"2 Louse","floor":1,"turns":4},{"damage":4,"enemies":"Cultist","floor":3,"turns":5},{"damage":7,"enemies":"Jaw Worm","floor":4,"turns":5},{"damage":6,"enemies":"Red Slaver","floor":5,"turns":4},{"damage":28,"enemies":"Gremlin Nob","floor":6,"turns":4},{"damage":2,"enemies":"conspire:2 RoseBushes","floor":7,"turns":5},{"damage":2,"enemies":"Looter","floor":12,"turns":3},{"damage":8,"enemies":"Blue Slaver","floor":13,"turns":4},{"damage":1,"enemies":"3 Louse","floor":14,"turns":3},{"damage":78,"enemies":"Hexaghost","floor":16,"turns":12},{"damage":22,"enemies":"theJungle:GiantWrat","floor":18,"turns":5},{"damage":38,"enemies":"theJungle:Flameango_and_Byrd","floor":19,"turns":7},{"damage":19,"enemies":"Snake Plant","floor":20,"turns":4},{"damage":42,"enemies":"theJungle:JungleHuntersEncounter","floor":21,"turns":5}],"seed_played":"373930156584810390","potions_obtained":[{"floor":3,"key":"Block Potion"}],"is_trial":false,"path_per_floor":["M","?","M","M","M","E","M","R","T","$","T","M","M","M","R","B",null,"M","M","M","M"],"character_chosen":"IRONCLAD","items_purchased":["Reforge"],"campfire_rested":0,"item_purchase_floors":[10],"current_hp_per_floor":[88,88,88,87,87,65,69,69,69,72,72,76,77,85,85,16,100,87,55,42,0,0],"gold":229,"neow_bonus":"TEN_PERCENT_HP_BONUS","is_daily":false,"chose_seed":false,"campfire_upgraded":2,"win_rate":0.0,"timestamp":1608652707,"path_taken":["M","?","M","M","M","E","M","R","T","?","?","M","M","?","R","BOSS","M","?","M","M"],"items_purchased_type":["Card"],"build_version":"2020-12-13","purchased_purges":0,"victory":false,"max_hp_per_floor":[88,88,88,88,88,88,88,88,88,91,91,91,94,97,97,100,100,103,103,103,103,103],"card_choices":[{"not_picked":["Havoc","Second Wind"],"picked":"True Grit","floor":1},{"not_picked":["Rupture","ReplayTheSpireMod:Strike From Hell","Entrench"],"picked":"SKIP","floor":3},{"not_picked":["Thunderclap","conspire:Charge"],"picked":"Perfected Strike","floor":4},{"not_picked":["Thunderclap","Absolvement"],"picked":"Perfected Strike","floor":5},{"not_picked":["Absolvement","Impervious","Hemokinesis"],"picked":"SKIP","floor":6},{"not_picked":["Warcry","StuffTheSpire:Resist"],"picked":"ReplayTheSpireMod:Muscle Training","floor":7},{"not_picked":["Bloodletting","Havoc","Clothesline"],"picked":"SKIP","floor":12},{"not_picked":["Shrug It Off","Headbutt"],"picked":"hubris:ReadiedAction","floor":13},{"not_picked":["ReplayTheSpireMod:Strike From Hell","Sentinel"],"picked":"Inflame","floor":14},{"not_picked":["Exhume","Fiend Fire"],"picked":"Barricade","floor":16},{"not_picked":["Body Slam+1","Spot Weakness"],"picked":"Pommel Strike","floor":18},{"not_picked":["Warcry","Cleave","StuffTheSpire:BloodClot+1"],"picked":"SKIP","floor":19},{"not_picked":["Iron Wave","Second Wind","StuffTheSpire:RockThrow"],"picked":"SKIP","floor":20}],"player_experience":573083,"relics_obtained":[{"floor":6,"key":"SpikesRelics:DaevaFist"},{"floor":9,"key":"Replay:Ringing Soul"}],"event_choices":[{"damage_healed":0,"gold_gain":0,"player_choice":"Upgraded","damage_taken":0,"max_hp_gain":0,"max_hp_loss":0,"event_name":"Upgrade Shrine","floor":2,"gold_loss":0,"cards_upgraded":["True Grit"]}],"is_beta":false,"boss_relics":[{"not_picked":["aspiration:BeakedSkillbook","aspiration:RunicSpoon"],"picked":"hubris:VirtuousBlindfold"}],"items_purged_floors":[],"is_endless":false,"potions_floor_spawned":[3,12,13,16,19,20],"killed_by":"theJungle:JungleHuntersEncounter","ascension_level":0}}