{"host":"ohugux5wi6kc4oge","time":1608638816,"event":{"mods":["BaseMod","Beaked The Cultist","Better Third Choice","Colored Powertips","Downfall","GifTheSpireLib","Minty Spire (QoL Compilation)","Quick Restart","Replay The Spire","StSLib","Stuff the Spire","The Construct","The IronCluck","egg","everything is the same but u backflip on backflip"],"gold_per_floor":[117,42,57,57,69,69,69,69,69,69,69,99,99,115,115,217,217,217,217],"floor_reached":18,"playtime":519,"items_purged":["Strike_R"],"score":198,"play_id":"d1b6bbf0-88bd-4279-91ca-f15c31af78a9","local_time":"20201222130656","is_ascension_mode":true,"campfire_choices":[{"data":"Bash","floor":6,"key":"SMITH"},{"data":"ReplayTheSpireMod:Strike From Hell","floor":8,"key":"SMITH"},{"floor":15,"key":"REST"}],"circlet_count":0,"master_deck":["Strike_R","Strike_R","Strike_R","Defend_R","Defend_R","Defend_R","Bash+1","ReplayTheSpireMod:Strike From Hell+1"],"relics":["Burning Blood","Regal Pillow","CultistMask","Juzu Bracelet","Ancient Tea Set","Snack Pack","Self Forming Clay","Empty Cage"],"acts_visited":["Exordium","TheCity"],"potions_floor_usage":[16],"damage_taken":[{"damage":4,"enemies":"Small Slimes","floor":1,"turns":4},{"damage":6,"enemies":"Cultist","floor":3,"turns":3},{"damage":2,"enemies":"Jaw Worm","floor":5,"turns":3},{"damage":49,"enemies":"Lagavulin","floor":12,"turns":9},{"damage":15,"enemies":"Gremlin Gang","floor":14,"turns":5},{"damage":57,"enemies":"Hexaghost","floor":16,"turns":8},{"damage":0,"enemies":"3 Byrds","floor":18,"turns":1}],"seed_played":"-5064298646559803997","potions_obtained":[{"floor":1,"key":"CultistPotion"},{"floor":12,"key":"Elixir"}],"is_trial":false,"path_per_floor":["M","$","M","?","M","R","?","R","T","?","?","E","?","M","R","B",null,"M"],"character_chosen":"IRONCLAD","items_purchased":[],"campfire_rested":1,"item_purchase_floors":[],"current_hp_per_floor":[80,80,80,80,80,80,80,80,80,73,73,36,29,20,59,12,63,63,63],"gold":217,"neow_bonus":"RANDOM_COMMON_RELIC","is_daily":false,"chose_seed":false,"campfire_upgraded":2,"win_rate":0.0,"timestamp":1608638816,"path_taken":["M","$","M","?","?","R","?","R","T","?","?","E","?","M","R","BOSS","M"],"items_purchased_type":[],"build_version":"2020-12-13","purchased_purges":1,"victory":false,"max_hp_per_floor":[80,80,80,80,80,80,80,80,80,80,80,80,80,80,80,80,80,80,80],"card_choices":[{"not_picked":["Metallicize","Armaments"],"picked":"ReplayTheSpireMod:Strike From Hell","floor":1},{"not_picked":["Life Link","Armaments","Second Wind"],"picked":"SKIP","floor":3},{"not_picked":["Carnage","Blood for Blood","Havoc"],"picked":"SKIP","floor":5},{"not_picked":["Rage","Thunderclap","Eclipse"],"picked":"SKIP","floor":12},{"not_picked":["Iron Wave","Clash","StuffTheSpire:RockThrow"],"picked":"SKIP","floor":14}],"player_experience":512408,"relics_obtained":[{"floor":9,"key":"Juzu Bracelet"},{"floor":12,"key":"Self Forming Clay"}],"event_choices":[{"damage_healed":0,"gold_gain":0,"player_choice":"Trade","damage_taken":0,"relics_obtained":["CultistMask"],"max_hp_gain":0,"max_hp_loss":0,"event_name":"FaceTrader","floor":4,"gold_loss":0},{"damage_healed":0,"gold_gain":0,"player_choice":"Bought 0 Potions","damage_taken":0,"max_hp_gain":0,"max_hp_loss":0,"event_name":"The Woman in Blue","floor":7,"gold_loss":0},{"damage_healed":0,"gold_gain":0,"player_choice":"Relic ","damage_taken":7,"max_hp_gain":0,"max_hp_loss":0,"event_name":"betterThird:BetterScrap","floor":10,"gold_loss":0,"cards_obtained":["Tantrum"]},{"cards_removed":["StuffTheSpire:CuriosityCurse"],"damage_healed":0,"gold_gain":0,"player_choice":"Card Removal","damage_taken":7,"max_hp_gain":0,"max_hp_loss":0,"event_name":"Golden Wing","floor":13,"gold_loss":0}],"is_beta":false,"boss_relics":[{"not_picked":["Black Star","Mark of Pain"],"picked":"Empty Cage"}],"items_purged_floors":[2],"is_endless":false,"potions_floor_spawned":[1,12],"killed_by":"3 Byrds","ascension_level":5}}