{"host":"cxvb37eaaiijvrl4","time":1608610799,"event":{"mods":["ATMod(°¢èªMod)","BaseMod","Better Third Choice","Minty Spire (QoL Compilation)","MostiFishMod","Quick Restart","Rare Cards Sparkle","Shop Mod","Spicy Shops","StSLib","TestMod","Uncapped"],"gold_per_floor":[112,123,198,208,222,254,254,282,329,344,364,389,400,435,435,513,513,531,446,463,481,493,523,523,538,564,598,598,635,648,682,682,758,758,772,791,791,731,748,748,775,785,794,810,841,854,866,599,599,599,599,599,599,499,525,525],"floor_reached":57,"playtime":949,"items_purged":["Strike_R","Writhe","Strike_R"],"score":3956,"play_id":"e86d9992-a3cc-4a6a-a573-e41c7a4b4773","local_time":"20201221201959","is_ascension_mode":true,"campfire_choices":[{"data":"Sword Boomerang","floor":15,"key":"SMITH"},{"data":"Burning Pact","floor":24,"key":"SMITH"},{"data":"Evolve","floor":32,"key":"SMITH"},{"data":"AT_ShrugMaster","floor":40,"key":"SMITH"},{"floor":47,"key":"RECALL"},{"data":"Strike_R","floor":49,"key":"SMITH"},{"data":"Strike_R","floor":53,"key":"SMITH"}],"circlet_count":0,"master_deck":["AscendersBane","Strike_R+1","Strike_R+1","Strike_R+1","Defend_R","Defend_R","Defend_R","Defend_R","AT_CaressingTears+1","Whirlwind+1","AT_ShrugMaster+1","Burning Pact+1","Evolve+1","Sword Boomerang+1","Writhe","AT_CaressingTears+1"],"relics":["Burning Blood","testmod-TestBox","DaveBox","AT_ATBox","Civilization","testmod-HeartOfStrike","Question Card","Bottled Flame","Blue Candle","Whetstone","AT_BellDemon","Juzu Bracelet","testmod-ObsoleteBoomerang","Shuriken","testmod-Antiphasic","ImportantClient","Cursed Key","AT_ImmortalShieldbow","StrikeDummy","testmod-LifeArmor","Ancient Tea Set","Incense Burner","AT_RedNoBalance","Ornamental Fan","Pen Nib","CeramicFish","Strawberry","Vajra","Eternal Feather","SentryEyes","Calipers","Mummified Hand","Bag of Preparation","BirthdayGift-Tetrahedron","Question Card","AT_EbonyIvory","AT_TimeSand","AT_ForceNature","ImprovedEquipment","Self Forming Clay","Molten Egg 2","Paper Frog","AT_ArchangelStaff","Oddly Smooth Stone","MawBank","MerchantsRug","testmod-Hope","testmod-IndustrialRevolution"],"acts_visited":["Exordium","TheCity","TheBeyond","TheEnding"],"potions_floor_usage":[20],"damage_taken":[{"damage":0,"enemies":"Cultist","floor":1,"turns":2},{"damage":2,"enemies":"Small Slimes","floor":2,"turns":2},{"damage":0,"enemies":"Jaw Worm","floor":4,"turns":2},{"damage":0,"enemies":"Lots of Slimes","floor":5,"turns":1},{"damage":0,"enemies":"3 Sentries","floor":6,"turns":2},{"damage":0,"enemies":"Gremlin Nob","floor":8,"turns":2},{"damage":0,"enemies":"3 Louse","floor":10,"turns":1},{"damage":0,"enemies":"Exordium Thugs","floor":11,"turns":1},{"damage":0,"enemies":"Lagavulin","floor":12,"turns":2},{"damage":0,"enemies":"2 Fungi Beasts","floor":13,"turns":1},{"damage":0,"enemies":"3 Sentries","floor":14,"turns":1},{"damage":187,"enemies":"Hexaghost","floor":16,"turns":3},{"damage":0,"enemies":"Spheric Guardian","floor":18,"turns":1},{"damage":0,"enemies":"2 Thieves","floor":20,"turns":1},{"damage":0,"enemies":"Chosen and Byrds","floor":21,"turns":1},{"damage":0,"enemies":"Snecko","floor":22,"turns":1},{"damage":0,"enemies":"Slavers","floor":23,"turns":1},{"damage":0,"enemies":"3 Cultists","floor":25,"turns":1},{"damage":0,"enemies":"Book of Stabbing","floor":27,"turns":1},{"damage":0,"enemies":"Gremlin Leader","floor":29,"turns":1},{"damage":0,"enemies":"Centurion and Healer","floor":30,"turns":1},{"damage":0,"enemies":"Slavers","floor":31,"turns":1},{"damage":0,"enemies":"Automaton","floor":33,"turns":1},{"damage":0,"enemies":"Orb Walker","floor":35,"turns":1},{"damage":0,"enemies":"3 Shapes","floor":36,"turns":1},{"damage":0,"enemies":"3 Darklings","floor":39,"turns":1},{"damage":0,"enemies":"Nemesis","floor":41,"turns":1},{"damage":0,"enemies":"4 Shapes","floor":42,"turns":1},{"damage":0,"enemies":"Spire Growth","floor":44,"turns":1},{"damage":0,"enemies":"Giant Head","floor":45,"turns":2},{"damage":0,"enemies":"Maw","floor":46,"turns":1},{"damage":0,"enemies":"Awakened One","floor":50,"turns":2},{"damage":0,"enemies":"Donu and Deca","floor":51,"turns":1},{"damage":0,"enemies":"Shield and Spear","floor":55,"turns":1},{"damage":0,"enemies":"The Heart","floor":56,"turns":4}],"seed_played":"6738455529926029871","potions_obtained":[{"floor":1,"key":"Fire Potion"},{"floor":6,"key":"ColorlessPotion"},{"floor":10,"key":"PowerPotion"},{"floor":20,"key":"Fruit Juice"},{"floor":30,"key":"BlessingOfTheForge"},{"floor":44,"key":"Energy Potion"}],"is_trial":false,"path_per_floor":["M","M","?","M","M","E","?","E","T","M","M","E","M","E","R","B",null,"M","?","M","M","M","E","R","M","T","E","?","E","M","E","R","B",null,"M","M","?","$","M","R","E","M","T","M","E","M","R","$","R","B","B",null,"R","$","E","B",null],"character_chosen":"IRONCLAD","items_purchased":["MerchantsRug","BloodPotion"],"campfire_rested":0,"item_purchase_floors":[48,48],"current_hp_per_floor":[75,79,68,78,92,104,104,117,117,133,151,170,191,215,215,59,195,227,227,266,302,339,379,379,240,240,291,291,338,387,439,448,501,615,669,726,726,726,789,798,862,929,929,992,1056,1121,1121,1121,1121,1191,1263,1263,1263,1263,1337,1412],"gold":525,"neow_bonus":"REMOVE_CARD","is_daily":false,"chose_seed":false,"campfire_upgraded":6,"win_rate":0.0,"timestamp":1608610799,"path_taken":["M","?","?","M","M","E","?","E","T","M","M","E","M","E","R","BOSS","M","?","M","M","M","E","R","M","T","E","?","E","M","E","R","BOSS","M","M","?","$","M","R","E","M","T","M","E","M","R","$","R","BOSS","BOSS","R","$","E","BOSS"],"items_purchased_type":["Relic","Potion"],"build_version":"2020-12-13","purchased_purges":3,"victory":true,"max_hp_per_floor":[76,79,79,83,92,104,104,117,117,133,151,170,191,215,215,240,240,266,266,299,329,360,394,394,431,431,476,476,517,560,606,606,653,653,701,752,752,752,809,809,867,929,929,992,1056,1121,1121,1121,1121,1191,1263,1263,1263,1263,1337,1412],"card_choices":[{"not_picked":["Carnage","Clash","True Grit"],"picked":"SKIP","floor":1},{"not_picked":["AT_IchimonjiDouble","Second Wind","Clothesline"],"picked":"Whirlwind","floor":2},{"not_picked":["Flame Barrier","True Grit","Wild Strike","Spot Weakness"],"picked":"SKIP","floor":4},{"not_picked":["Pommel Strike","MostiFishMod:FlyOverUtopia","Fire Breathing","Armaments"],"picked":"SKIP","floor":5},{"not_picked":["Clash","Disarm","Reckless Charge","Searing Blow"],"picked":"SKIP","floor":6},{"not_picked":["Hemokinesis","Shrug It Off","Pommel Strike","Perfected Strike"],"picked":"SKIP","floor":8},{"not_picked":["Pummel","Whirlwind","Dark Embrace","True Grit"],"picked":"SKIP","floor":10},{"not_picked":["AT_IchimonjiDouble","Shockwave","Headbutt"],"picked":"AT_ShrugMaster","floor":11},{"not_picked":["Entrench","Clothesline","Armaments"],"picked":"Burning Pact","floor":12},{"not_picked":["Rampage","Uppercut","Thunderclap"],"picked":"Evolve","floor":13},{"not_picked":["MostiFishMod:HellRitual","Flex","True Grit"],"picked":"Sword Boomerang","floor":14},{"not_picked":["Warcry","Dark Embrace","Cleave","Perfected Strike"],"picked":"SKIP","floor":18},{"not_picked":["Wild Strike+1","Body Slam","Evolve","Clothesline"],"picked":"SKIP","floor":20},{"not_picked":["Spot Weakness","Ghostly Armor","Flex","Feel No Pain"],"picked":"SKIP","floor":21},{"not_picked":["Heavy Blade","Pommel Strike","Sword Boomerang","Headbutt"],"picked":"SKIP","floor":22},{"not_picked":["Heavy Blade","Perfected Strike","AT_IchimonjiDouble","Body Slam"],"picked":"SKIP","floor":23},{"not_picked":["Wild Strike","Havoc","Perfected Strike","Body Slam"],"picked":"SKIP","floor":25},{"not_picked":["Demon Form","Whirlwind","Anger+1","Headbutt"],"picked":"SKIP","floor":27},{"not_picked":["Reckless Charge","Shrug It Off","Searing Blow"],"picked":"AT_CaressingTears+1","floor":29},{"not_picked":["Rupture","Entrench","Sword Boomerang","Battle Trance"],"picked":"SKIP","floor":30},{"not_picked":["Cleave","Uppercut","Double Tap","Rage"],"picked":"SKIP","floor":31},{"not_picked":["Armaments+1","Battle Trance","Warcry","Heavy Blade"],"picked":"SKIP","floor":35},{"not_picked":["Combust","MostiFishMod:DarkDeal","AT_DrawKnifeCut+1","Havoc+1","Sword Boomerang"],"picked":"SKIP","floor":36},{"not_picked":["Clothesline","Twin Strike","Headbutt+1","Cleave","Warcry"],"picked":"SKIP","floor":39},{"not_picked":["Clash","Wild Strike","Heavy Blade","MostiFishMod:UniRed","MostiFishMod:BrandingRite"],"picked":"SKIP","floor":41},{"not_picked":["Thunderclap","Heavy Blade","True Grit","Anger","Spot Weakness"],"picked":"SKIP","floor":42},{"not_picked":["Blood for Blood+1","Dual Wield","Perfected Strike+1","Headbutt+1","Rage"],"picked":"SKIP","floor":44},{"not_picked":["Flame Barrier","Fire Breathing","Perfected Strike+1","Dropkick+1","Sentinel+1"],"picked":"SKIP","floor":45},{"not_picked":["Barricade","Heavy Blade+1","Clash+1","Havoc","AT_IchimonjiDouble+1"],"picked":"SKIP","floor":46},{"not_picked":["Metallicize","Shrug It Off","Anger+1","Intimidate","AT_DrawKnifeCut+1"],"picked":"SKIP","floor":55}],"player_experience":645570,"relics_obtained":[{"floor":1,"key":"Question Card"},{"floor":6,"key":"Bottled Flame"},{"floor":8,"key":"Blue Candle"},{"floor":9,"key":"Whetstone"},{"floor":12,"key":"AT_BellDemon"},{"floor":13,"key":"Juzu Bracelet"},{"floor":14,"key":"testmod-ObsoleteBoomerang"},{"floor":14,"key":"Shuriken"},{"floor":16,"key":"testmod-Antiphasic"},{"floor":16,"key":"ImportantClient"},{"floor":18,"key":"AT_ImmortalShieldbow"},{"floor":20,"key":"testmod-LifeArmor"},{"floor":21,"key":"Ancient Tea Set"},{"floor":22,"key":"Incense Burner"},{"floor":23,"key":"AT_SilverBalance"},{"floor":23,"key":"Ornamental Fan"},{"floor":25,"key":"Pen Nib"},{"floor":27,"key":"CeramicFish"},{"floor":27,"key":"Strawberry"},{"floor":29,"key":"Vajra"},{"floor":29,"key":"Eternal Feather"},{"floor":30,"key":"SentryEyes"},{"floor":31,"key":"Calipers"},{"floor":31,"key":"Mummified Hand"},{"floor":33,"key":"Bag of Preparation"},{"floor":35,"key":"Question Card"},{"floor":36,"key":"AT_EbonyIvory"},{"floor":39,"key":"AT_TimeSand"},{"floor":41,"key":"AT_ForceNature"},{"floor":41,"key":"ImprovedEquipment"},{"floor":42,"key":"Self Forming Clay"},{"floor":43,"key":"Molten Egg 2"},{"floor":44,"key":"Paper Frog"},{"floor":45,"key":"AT_ArchangelStaff"},{"floor":45,"key":"Oddly Smooth Stone"},{"floor":46,"key":"MawBank"},{"floor":55,"key":"testmod-Hope"},{"floor":55,"key":"testmod-IndustrialRevolution"}],"event_choices":[{"damage_healed":0,"gold_gain":75,"player_choice":"Gold","damage_taken":11,"max_hp_gain":0,"max_hp_loss":0,"event_name":"betterThird:BetterGoop","floor":3,"gold_loss":0},{"damage_healed":0,"gold_gain":0,"player_choice":"Got Potions","damage_taken":0,"max_hp_gain":0,"max_hp_loss":0,"event_name":"Lab","floor":7,"gold_loss":0},{"damage_healed":0,"gold_gain":0,"player_choice":"Obtained Relic","damage_taken":0,"relics_obtained":["StrikeDummy"],"max_hp_gain":0,"max_hp_loss":0,"event_name":"Addict","floor":19,"gold_loss":85},{"damage_healed":0,"gold_gain":0,"player_choice":"Ignored","damage_taken":0,"max_hp_gain":0,"max_hp_loss":0,"event_name":"Duplicator","floor":28,"gold_loss":0},{"damage_healed":0,"gold_gain":0,"player_choice":"Upgraded","damage_taken":0,"max_hp_gain":0,"max_hp_loss":0,"event_name":"Upgrade Shrine","floor":37,"gold_loss":0,"cards_upgraded":["AT_CaressingTears"]}],"is_beta":false,"boss_relics":[{"not_picked":["OneHitWonderSystem","SacredBark"],"picked":"Cursed Key"},{"not_picked":["Astrolabe","testmod-Recursion"],"picked":"BirthdayGift-Tetrahedron"}],"items_purged_floors":[38,48,54],"is_endless":false,"potions_floor_spawned":[1,6,10,12,13,18,20,25,27,30,33,36,44,45],"ascension_level":20}}