{"host":"2461dio7vetlq1z3","time":1608628954,"event":{"mods":["2.2 Compatiblity","AchievementEnabler","BaseMod","Better Third Choice","Hermit","Marisa????????","Minty Spire (QoL Compilation)","Relic Stats","Spicy Shops","StSLib","The Runesmith","Waifu the Spire"],"gold_per_floor":[117,135,151,164,179,179,213,213,213,213,256,73,93,106,106,196,196,211,32,32,32,57,57,95,95,95,109,128,167,167,188,188,188,188],"floor_reached":33,"playtime":1765,"items_purged":["Strike_MRS","Strike_MRS"],"score":567,"play_id":"fdc8da0e-969a-4b54-bee6-8abb97d11b1a","local_time":"20201222102234","is_ascension_mode":true,"campfire_choices":[{"data":"StarDustReverie","floor":6,"key":"SMITH"},{"data":"PowerUp","floor":8,"key":"SMITH"},{"data":"DC","floor":15,"key":"SMITH"},{"data":"EscapeVelocity","floor":23,"key":"SMITH"},{"data":"MilkyWay","floor":25,"key":"SMITH"},{"data":"MeteoricShower","floor":30,"key":"SMITH"},{"data":"GalacticHalo","floor":32,"key":"SMITH"}],"circlet_count":0,"master_deck":["AscendersBane","Defend_MRS","Defend_MRS","Defend_MRS","Defend_MRS","MasterSpark","UpSweep","ManaConvection","PowerUp+1","StarDustReverie+1","UnstableBomb","UnstableBomb","GalacticHalo","GalacticHalo+1","DC+1","6A","MilkyWay+1","EscapeVelocity+1","MeteoricShower+1","Ghostly","Ghostly","Ghostly","BinaryStars","GravityBeat","PowerUp+1","MagicChant+1","MilkyWay+1","Parasite","Parasite"],"relics":["MiniHakkero","Blood Vial","Happy Flower","Pantograph","Golden Idol","Blue Candle","ExperimentalFamiliar","Toxic Egg 2","White Beast Statue","ShroomBag"],"acts_visited":["Exordium","TheCity"],"potions_floor_usage":[11,11,28,29],"damage_taken":[{"damage":1,"enemies":"Cultist","floor":1,"turns":3},{"damage":7,"enemies":"Small Slimes","floor":2,"turns":3},{"damage":6,"enemies":"Jaw Worm","floor":3,"turns":4},{"damage":14,"enemies":"Looter","floor":4,"turns":3},{"damage":11,"enemies":"Exordium Thugs","floor":5,"turns":3},{"damage":9,"enemies":"Lagavulin","floor":7,"turns":6},{"damage":10,"enemies":"3 Sentries","floor":11,"turns":7},{"damage":8,"enemies":"Blue Slaver","floor":13,"turns":2},{"damage":5,"enemies":"Exordium Wildlife","floor":14,"turns":4},{"damage":28,"enemies":"Slime Boss","floor":16,"turns":11},{"damage":6,"enemies":"3 Byrds","floor":18,"turns":4},{"damage":4,"enemies":"2 Thieves","floor":22,"turns":3},{"damage":7,"enemies":"Book of Stabbing","floor":24,"turns":4},{"damage":0,"enemies":"Centurion and Healer","floor":27,"turns":4},{"damage":0,"enemies":"Snecko","floor":28,"turns":2},{"damage":0,"enemies":"Gremlin Leader","floor":29,"turns":5},{"damage":0,"enemies":"Sentry and Sphere","floor":31,"turns":3},{"damage":48,"enemies":"Automaton","floor":33,"turns":6}],"seed_played":"-7272841900022817240","potions_obtained":[{"floor":1,"key":"ShroomBrew"},{"floor":4,"key":"Regen Potion"},{"floor":11,"key":"Weak Potion"},{"floor":16,"key":"ShroomBrew"},{"floor":18,"key":"Fire Potion"},{"floor":27,"key":"FearPotion"},{"floor":28,"key":"LiquidBronze"},{"floor":29,"key":"Fire Potion"},{"floor":31,"key":"FearPotion"}],"is_trial":false,"path_per_floor":["M","M","M","M","M","R","E","R","T","?","E","$","M","M","R","B",null,"M","$","?","?","M","R","E","R","T","M","M","E","R","M","R","B"],"character_chosen":"MARISA","items_purchased":["DC","MeteoricShower"],"campfire_rested":0,"item_purchase_floors":[12,19],"current_hp_per_floor":[64,59,55,43,34,34,27,27,27,27,34,34,28,25,25,24,53,49,49,31,31,27,27,22,22,22,24,26,28,28,30,30,0,0],"gold":188,"neow_bonus":"RANDOM_COMMON_RELIC","is_daily":false,"chose_seed":false,"campfire_upgraded":7,"win_rate":0.0,"timestamp":1608628954,"path_taken":["M","?","M","M","M","R","E","R","T","?","E","$","M","M","R","BOSS","M","$","?","?","M","R","E","R","T","M","M","E","R","?","R","BOSS"],"items_purchased_type":["Card","Card"],"build_version":"2020-12-13","purchased_purges":2,"victory":false,"max_hp_per_floor":[70,70,70,70,70,70,70,70,70,63,63,63,63,63,63,63,63,63,63,31,31,31,31,31,31,31,31,31,31,31,31,31,31,31],"relic_stats":{"Blood Vial":32,"Happy Flower":[18],"counters":[18,77],"Golden Idol":69,"Pantograph":26,"Blue Candle":[4],"obtain_stats":[{"Blood Vial":0,"ShroomBag":29,"Happy Flower":7,"ExperimentalFamiliar":17,"Golden Idol":10,"Pantograph":9,"Blue Candle":11,"MiniHakkero":0,"Toxic Egg 2":24,"White Beast Statue":26},{"Blood Vial":0,"ShroomBag":16,"Happy Flower":6,"ExperimentalFamiliar":10,"Golden Idol":6,"Pantograph":6,"Blue Candle":7,"MiniHakkero":0,"Toxic Egg 2":13,"White Beast Statue":13},{"Blood Vial":0,"ShroomBag":68,"Happy Flower":22,"ExperimentalFamiliar":46,"Golden Idol":22,"Pantograph":22,"Blue Candle":29,"MiniHakkero":0,"Toxic Egg 2":57,"White Beast Statue":57}]},"card_choices":[{"not_picked":["WitchOfGreed","SporeBomb"],"picked":"ManaConvection","floor":1},{"not_picked":["GrandCross","GravityBeat"],"picked":"PowerUp","floor":2},{"not_picked":["IllusionStar","GalacticHalo"],"picked":"StarDustReverie","floor":3},{"not_picked":["ShootingEcho","LuminesStrike"],"picked":"UnstableBomb","floor":4},{"not_picked":["ShootingEcho","MysteriousBeam"],"picked":"UnstableBomb","floor":5},{"not_picked":["RefractionSpark","WitchOfGreed"],"picked":"GalacticHalo","floor":7},{"not_picked":["NonDirectionalLaser","IllusionStar"],"picked":"GalacticHalo","floor":11},{"not_picked":["NonDirectionalLaser","DC"],"picked":"6A","floor":13},{"not_picked":["BlazeAway","IllusionStar"],"picked":"MilkyWay","floor":14},{"not_picked":["FinalSpark","MaximisePower"],"picked":"EscapeVelocity","floor":16},{"not_picked":["GrandCross","DoubleSpark","NonDirectionalLaser"],"picked":"SKIP","floor":18},{"not_picked":["AsteroidBelt","WitchOfGreed","UnstableBomb"],"picked":"SKIP","floor":22},{"not_picked":["NonDirectionalLaser","IllusionStar+1"],"picked":"PowerUp+1","floor":24},{"not_picked":["ManaConvection+1","MysteriousBeam"],"picked":"MagicChant+1","floor":27},{"not_picked":["DC+1","PowerUp+1"],"picked":"MilkyWay+1","floor":28},{"not_picked":["StarBarrage","DoubleSpark","EnergyFlow"],"picked":"SKIP","floor":29},{"not_picked":["MachineGunSpark+1","SuperPerseids+1","ManaConvection+1"],"picked":"SKIP","floor":31},{"not_picked":["MachineGunSpark+1","SuperPerseids+1","ManaConvection+1"],"picked":"SKIP","floor":31}],"player_experience":927788,"relics_obtained":[{"floor":7,"key":"Happy Flower"},{"floor":9,"key":"Pantograph"},{"floor":11,"key":"Blue Candle"},{"floor":24,"key":"Toxic Egg 2"},{"floor":26,"key":"White Beast Statue"},{"floor":29,"key":"ShroomBag"}],"event_choices":[{"damage_healed":0,"gold_gain":0,"player_choice":"Lose Max HP","damage_taken":0,"relics_obtained":["Golden Idol"],"max_hp_gain":0,"max_hp_loss":7,"event_name":"Golden Idol","floor":10,"gold_loss":0},{"damage_healed":0,"gold_gain":0,"player_choice":"Became a Ghost","damage_taken":0,"max_hp_gain":0,"max_hp_loss":32,"event_name":"Ghosts","floor":20,"gold_loss":0,"cards_obtained":["Ghostly","Ghostly","Ghostly"]},{"damage_healed":0,"gold_gain":0,"cards_transformed":["Strike_MRS","Strike_MRS"],"player_choice":"Became Test Subject","damage_taken":0,"max_hp_gain":0,"max_hp_loss":0,"event_name":"Drug Dealer","floor":21,"gold_loss":0,"cards_obtained":["BinaryStars","GravityBeat"]}],"is_beta":false,"boss_relics":[{"not_picked":["BewitchedHakkero","Ectoplasm"],"picked":"ExperimentalFamiliar"}],"items_purged_floors":[12,19],"is_endless":false,"potions_floor_spawned":[1,4,11,16,18,27,28,29,31],"killed_by":"Automaton","ascension_level":15}}