{"host":"19tvufa8xx4wr4o1","time":1608601144,"event":{"mods":["AchievementEnabler","BaseMod","Better Sensory Stone","Better Third Choice","Highlight Path","Minty Spire (QoL Compilation)","Relic Stats","StSLib"],"gold_per_floor":[361,74,94,94,113,144,144,157,157,169,201,201,49,67,67,145,145,165,179,197,197,197,197,231,231,278,287,307,345,345,385,385,471,780,800,800,298,321,34,72,72,72],"floor_reached":41,"playtime":1495,"items_purged":["Strike_G","Writhe"],"score":846,"play_id":"6ba1cf2b-ac5f-4545-9968-16a33217b906","local_time":"20201221193904","is_ascension_mode":true,"campfire_choices":[{"floor":7.0,"key":"REST"},{"floor":12.0,"key":"REST"},{"data":"Accuracy","floor":15.0,"key":"SMITH"},{"floor":23.0,"key":"REST"},{"floor":25.0,"key":"REST"},{"floor":30.0,"key":"REST"},{"floor":32.0,"key":"REST"}],"circlet_count":0,"master_deck":["AscendersBane","Strike_G","Strike_G","Defend_G","Defend_G","Defend_G","Defend_G","Defend_G","Survivor","Neutralize+1","Caltrops","Blade Dance","Bouncing Flask","Dagger Spray","Poisoned Stab","Terror","Predator","Accuracy+1","Backstab","Storm of Steel","Accuracy","Cloak And Dagger","Footwork","Venomology","Skewer","Blade Dance","Dodge and Roll","Bullet Time","Burst","CurseOfTheBell","PiercingWail","Caltrops+1","PiercingWail+1"],"relics":["Ring of the Snake","Blue Candle","Sundial","Bottled Flame","Regal Pillow","Fusion Hammer","Pen Nib","CeramicFish","TungstenRod","Red Mask","Mercury Hourglass","Calling Bell","Nunchaku","The Courier","Old Coin","WingedGreaves","Prayer Wheel","InkBottle","Pantograph"],"acts_visited":["Exordium","TheCity","TheBeyond"],"potions_floor_usage":[38,40,40],"damage_taken":[{"damage":0.0,"enemies":"Cultist","floor":1.0,"turns":4.0},{"damage":1.0,"enemies":"Jaw Worm","floor":3.0,"turns":4.0},{"damage":0.0,"enemies":"Small Slimes","floor":5.0,"turns":3.0},{"damage":25.0,"enemies":"Gremlin Nob","floor":6.0,"turns":4.0},{"damage":1.0,"enemies":"Looter","floor":8.0,"turns":3.0},{"damage":0.0,"enemies":"Exordium Wildlife","floor":10.0,"turns":2.0},{"damage":27.0,"enemies":"3 Sentries","floor":11.0,"turns":6.0},{"damage":4.0,"enemies":"Blue Slaver","floor":14.0,"turns":3.0},{"damage":8.0,"enemies":"Slime Boss","floor":16.0,"turns":8.0},{"damage":0.0,"enemies":"Spheric Guardian","floor":18.0,"turns":2.0},{"damage":14.0,"enemies":"2 Thieves","floor":19.0,"turns":4.0},{"damage":9.0,"enemies":"Centurion and Healer","floor":20.0,"turns":6.0},{"damage":21.0,"enemies":"Book of Stabbing","floor":24.0,"turns":3.0},{"damage":6.0,"enemies":"Snecko","floor":28.0,"turns":4.0},{"damage":11.0,"enemies":"Masked Bandits","floor":29.0,"turns":3.0},{"damage":45.0,"enemies":"Slavers","floor":31.0,"turns":7.0},{"damage":17.0,"enemies":"Champ","floor":33.0,"turns":8.0},{"damage":0.0,"enemies":"3 Shapes","floor":35.0,"turns":6.0},{"damage":3,"enemies":"Orb Walker","floor":38,"turns":3},{"damage":23,"enemies":"Giant Head","floor":40,"turns":6},{"damage":37,"enemies":"Spire Growth","floor":41,"turns":5}],"seed_played":"8441096322590382398","potions_obtained":[{"floor":3.0,"key":"Regen Potion"},{"floor":8.0,"key":"DuplicationPotion"},{"floor":10.0,"key":"Dexterity Potion"},{"floor":11.0,"key":"LiquidMemories"},{"floor":18.0,"key":"ColorlessPotion"},{"floor":24.0,"key":"Regen Potion"},{"floor":38,"key":"Weak Potion"}],"is_trial":false,"path_per_floor":["M","$","M","?","M","E","R","M","T","M","E","R","$","M","R","B",null,"M","M","M","?","?","R","E","R","T","?","M","?","R","E","R","B",null,"M","?","$","M","$","E","M"],"character_chosen":"THE_SILENT","items_purchased":["Caltrops","Blade Dance","Bouncing Flask","Dagger Spray","Regal Pillow","WingedGreaves","PiercingWail","Prayer Wheel","InkBottle"],"campfire_rested":6,"item_purchase_floors":[2,2,2,2,13,37,37,37,39],"current_hp_per_floor":[44,44,43,43,43,30,49,48,48,48,21,40,40,36,36,28,57,57,43,34,34,34,66,45,66,66,66,60,49,66,30,64,47,61,61,61,61,58,58,35,0,0],"gold":72,"neow_bonus":"TWO_FIFTY_GOLD","is_daily":false,"chose_seed":false,"campfire_upgraded":1,"win_rate":0.0,"timestamp":1608601144,"path_taken":["M","?","M","?","M","E","R","M","T","M","E","R","$","M","R","BOSS","M","M","M","?","?","R","E","R","T","?","?","?","R","E","R","BOSS","M","?","$","M","$","E","M"],"items_purchased_type":["Card","Card","Card","Card","Relic","Relic","Card","Relic","Relic"],"build_version":"2020-12-13","purchased_purges":2,"victory":false,"max_hp_per_floor":[66,66,66,66,66,66,66,66,66,66,66,66,66,66,66,66,66,66,66,66,66,66,66,66,66,66,66,66,66,66,66,66,66,66,66,66,66,66,66,66,66,66],"relic_stats":{"Regal Pillow":30,"counters":[21,93],"Blue Candle":[4],"CeramicFish":72,"Pen Nib":[11],"Mercury Hourglass":[78],"Nunchaku":[5],"Sundial":[4],"Pantograph":0,"Prayer Wheel":1,"obtain_stats":[{"Regal Pillow":13,"Blue Candle":6,"CeramicFish":26,"Pen Nib":24,"The Courier":34,"Mercury Hourglass":31,"Old Coin":34,"Calling Bell":34,"Bottled Flame":11,"Nunchaku":34,"Sundial":9,"Pantograph":40,"Prayer Wheel":37,"Fusion Hammer":17,"WingedGreaves":37,"Red Mask":29,"TungstenRod":27,"InkBottle":39,"Ring of the Snake":0},{"Regal Pillow":7,"Blue Candle":4,"CeramicFish":13,"Pen Nib":13,"The Courier":17,"Mercury Hourglass":16,"Old Coin":17,"Calling Bell":17,"Bottled Flame":7,"Nunchaku":17,"Sundial":5,"Pantograph":20,"Prayer Wheel":18,"Fusion Hammer":9,"WingedGreaves":18,"Red Mask":15,"TungstenRod":13,"InkBottle":19,"Ring of the Snake":0},{"Regal Pillow":26,"Blue Candle":15,"CeramicFish":52,"Pen Nib":52,"The Courier":74,"Mercury Hourglass":66,"Old Coin":74,"Calling Bell":74,"Bottled Flame":26,"Nunchaku":74,"Sundial":18,"Pantograph":88,"Prayer Wheel":79,"Fusion Hammer":37,"WingedGreaves":79,"Red Mask":59,"TungstenRod":52,"InkBottle":82,"Ring of the Snake":0}],"TungstenRod":27,"InkBottle":[5],"Ring of the Snake":[42]},"card_choices":[{"not_picked":["Prepared","Deflect","Reflex"],"picked":"SKIP","floor":1.0},{"not_picked":["Quick Slash","Dagger Spray"],"picked":"Poisoned Stab","floor":3.0},{"not_picked":["Expertise","PiercingWail"],"picked":"Terror","floor":5.0},{"not_picked":["Underhanded Strike","Flechettes","Poisoned Stab"],"picked":"SKIP","floor":6.0},{"not_picked":["Footwork","Flying Knee"],"picked":"Predator","floor":8.0},{"not_picked":["Backflip","Blade Dance"],"picked":"Accuracy","floor":10.0},{"not_picked":["Deadly Poison","Accuracy","Acrobatics"],"picked":"SKIP","floor":11.0},{"not_picked":["Poisoned Stab","Endless Agony"],"picked":"Backstab","floor":14.0},{"not_picked":["Envenom","Malaise"],"picked":"Storm of Steel","floor":16.0},{"not_picked":["Underhanded Strike","Catalyst"],"picked":"Accuracy","floor":18.0},{"not_picked":["Dagger Spray","Terror"],"picked":"Cloak And Dagger","floor":19.0},{"not_picked":["Bouncing Flask","Underhanded Strike"],"picked":"Footwork","floor":20.0},{"not_picked":["Caltrops","Prepared","Sucker Punch"],"picked":"SKIP","floor":24.0},{"not_picked":["Eviscerate","Quick Slash+1"],"picked":"Dodge and Roll","floor":29.0},{"not_picked":["Predator","Deadly Poison"],"picked":"Bullet Time","floor":31.0},{"not_picked":["Grand Finale","Venomology"],"picked":"Burst","floor":33.0},{"not_picked":["Backstab","Backflip","Sucker Punch+1"],"picked":"SKIP","floor":35.0},{"not_picked":["Reflex","Dagger Throw"],"picked":"Caltrops+1","floor":38},{"not_picked":["Bouncing Flask","Caltrops","Backflip"],"picked":"SKIP","floor":38},{"not_picked":["Slice+1","Bullet Time"],"picked":"PiercingWail+1","floor":40}],"player_experience":506004,"relics_obtained":[{"floor":6.0,"key":"Blue Candle"},{"floor":9.0,"key":"Sundial"},{"floor":11.0,"key":"Bottled Flame"},{"floor":24.0,"key":"Pen Nib"},{"floor":26.0,"key":"CeramicFish"},{"floor":29.0,"key":"Red Mask"},{"floor":31.0,"key":"Mercury Hourglass"},{"floor":34.0,"key":"Nunchaku"},{"floor":34.0,"key":"The Courier"},{"floor":34.0,"key":"Old Coin"},{"floor":40,"key":"Pantograph"}],"event_choices":[{"damage_healed":0.0,"max_hp_gain":0.0,"max_hp_loss":0.0,"gold_gain":0.0,"event_name":"Living Wall","player_choice":"Grow","floor":4.0,"gold_loss":0.0,"damage_taken":0.0,"cards_upgraded":["Neutralize"]},{"damage_healed":0.0,"max_hp_gain":0.0,"max_hp_loss":0.0,"gold_gain":0.0,"cards_transformed":["Strike_G","Strike_G"],"event_name":"Drug Dealer","player_choice":"Became Test Subject","floor":21.0,"gold_loss":0.0,"damage_taken":0.0,"cards_obtained":["Venomology","Skewer"]},{"damage_healed":0.0,"max_hp_gain":0.0,"max_hp_loss":0.0,"gold_gain":0.0,"event_name":"The Library","player_choice":"Read","floor":22.0,"gold_loss":0.0,"damage_taken":0.0,"cards_obtained":["Blade Dance"]},{"damage_healed":0.0,"max_hp_gain":0.0,"max_hp_loss":0.0,"gold_gain":0.0,"event_name":"The Mausoleum","player_choice":"Opened","floor":27.0,"gold_loss":0.0,"damage_taken":0.0,"relics_obtained":["TungstenRod"],"cards_obtained":["Writhe"]},{"damage_healed":0.0,"max_hp_gain":0.0,"max_hp_loss":0.0,"gold_gain":0.0,"event_name":"Masked Bandits","player_choice":"Fought Bandits","floor":29.0,"gold_loss":0.0,"damage_taken":0.0},{"damage_healed":0,"gold_gain":0,"player_choice":"Ignored","damage_taken":0,"max_hp_gain":0,"max_hp_loss":0,"event_name":"Mysterious Sphere","floor":36,"gold_loss":0}],"is_beta":false,"boss_relics":[{"not_picked":["HoveringKite","SacredBark"],"picked":"Fusion Hammer"},{"not_picked":["Tiny House","Snecko Eye"],"picked":"Calling Bell"}],"items_purged_floors":[2,39],"is_endless":false,"potions_floor_spawned":[3,8,10,11,14,18,24,29,31,38],"killed_by":"Spire Growth","ascension_level":15}}