{"host":"ur3jhul21nnc6809","time":1608640994,"event":{"mods":["ATMod(∞¢Ë™Mod)","Act Like it!","BaseMod","Better Vampires","Dota2Spire","Downfall","Friendly Minions","Gensokyo","KinomotoSakuraMod(ƒæ÷Æ±æ”£)","Marisa£®ÏF”Í°°ƒß¿Ì…≥£©","Minty Spire (QoL Compilation)","Prisma Mod","Reimu£®≤©¿ˆ¡È√Œ£©","Remilia£®¿Ÿ√◊¿Ú—«£©","Replay The Spire","StSLib","The Servant 0.9.4","[IsaacMod]“‘»ˆº‚À˛","°æ“≈ŒÔø®≈∆°øREMEMod"],"gold_per_floor":[117,67,87,141,66,100,100,100,125,174,174],"floor_reached":10,"playtime":298,"items_purged":["PrismaMod:IllyaCommonAttack"],"score":99,"play_id":"39e6b18e-c3c2-4b93-9262-dff700170b1a","local_time":"20201222204314","is_ascension_mode":false,"campfire_choices":[{"floor":8,"key":"REST"}],"circlet_count":0,"master_deck":["PrismaMod:IllyaCommonAttack","PrismaMod:IllyaCommonDefend","PrismaMod:IllyaCommonAttack","PrismaMod:IllyaCommonDefend","PrismaMod:IllyaCommonAttack","PrismaMod:IllyaCommonDefend","PrismaMod:IllyaCommonAttack","PrismaMod:IllyaCommonDefend","PrismaMod:IllyaUncommonAttack","PrismaMod:IllyaUncommonDefend","AT_DarkMatter","Barricade","PrismaMod:IllyaUberChannel","PrismaMod:IllyaPoisoningPhantasm","PrismaMod:IllyaBerserCAR","PrismaMod:IllyaCheapChannelPoison"],"relics":["PrismaMod:PrismaRuby","HushsDoor","REME_ComplimentaryCards","AT_ATBox","NeowsBlessing","PillsDrop","Replay:Bandana","Letter Opener","Golden Idol","AT_BellDemon","BookOfRevelations"],"acts_visited":["Exordium"],"potions_floor_usage":[10],"damage_taken":[{"damage":0,"enemies":"Small Slimes","floor":1,"turns":1},{"damage":0,"enemies":"Jaw Worm","floor":3,"turns":1},{"damage":0,"enemies":"3 Sentries","floor":6,"turns":1},{"damage":27,"enemies":"Gremlin Nob","floor":10,"turns":4}],"seed_played":"-7795305837753013253","potions_obtained":[{"floor":4,"key":"Milkshake"},{"floor":4,"key":"SmokeBomb"},{"floor":6,"key":"SteroidPotion"}],"is_trial":false,"path_per_floor":["M","?","M","?","$","E","?","R","T","E"],"character_chosen":"ILLYA","items_purchased":[],"campfire_rested":1,"item_purchase_floors":[],"current_hp_per_floor":[75,75,75,45,45,45,27,49,49,22,22],"gold":174,"neow_bonus":"THREE_ENEMY_KILL","is_daily":false,"chose_seed":false,"campfire_upgraded":0,"win_rate":0.0,"timestamp":1608640994,"path_taken":["M","?","M","?","$","E","?","R","T","E"],"items_purchased_type":[],"build_version":"2020-12-13","purchased_purges":1,"victory":false,"max_hp_per_floor":[75,75,75,75,75,75,75,75,75,75,75],"card_choices":[{"not_picked":["PrismaMod:IllyaGun","PrismaMod:IllyaCheapAttack"],"picked":"PrismaMod:IllyaUberChannel","floor":1},{"not_picked":["PrismaMod:IllyaPoisonBomb","PrismaMod:IllyaCommonEvoke"],"picked":"PrismaMod:IllyaPoisoningPhantasm","floor":3},{"not_picked":["PrismaMod:IllyaAOECommonAttack","PrismaMod:IllyaPoisonTippedWeapons"],"picked":"PrismaMod:IllyaBerserCAR","floor":4},{"not_picked":["PrismaMod:IllyaFriendMaker","PrismaMod:IllyaBlindPoisonToss"],"picked":"PrismaMod:IllyaCheapChannelPoison","floor":6}],"player_experience":607131,"relics_obtained":[{"floor":4,"key":"Replay:Bandana"},{"floor":6,"key":"Letter Opener"},{"floor":9,"key":"AT_BellDemon"},{"floor":10,"key":"BookOfRevelations"}],"event_choices":[{"cards_removed":["PrismaMod:IllyaCommonDefend"],"damage_healed":0,"gold_gain":0,"player_choice":"Card Removal","damage_taken":0,"max_hp_gain":0,"max_hp_loss":0,"event_name":"The Cleric","floor":2,"gold_loss":50},{"damage_healed":0,"gold_gain":0,"player_choice":"Take Damage","damage_taken":18,"relics_obtained":["Golden Idol"],"max_hp_gain":0,"max_hp_loss":0,"event_name":"Golden Idol","floor":7,"gold_loss":0}],"is_beta":false,"boss_relics":[],"items_purged_floors":[5],"is_endless":false,"potions_floor_spawned":[6],"killed_by":"Gremlin Nob","ascension_level":0}}