{"host":"y76clbnovzmw9ubx","time":1608648156,"event":{"mods":["AchievementEnabler","BaseMod","Minty Spire (QoL Compilation)","Permanent Neow","Relic Stats"],"gold_per_floor":[117,131,146,146,162,197,197,226,279,314,314,346,356,373,373,444,444,454,465,465,465],"floor_reached":20,"playtime":800,"items_purged":[],"score":412,"play_id":"92c90b9d-b33d-428e-9201-a2a8e9a727d4","local_time":"20201222094236","is_ascension_mode":true,"campfire_choices":[{"data":"Poisoned Stab","floor":7,"key":"SMITH"},{"floor":11,"key":"REST"},{"data":"Noxious Fumes","floor":15,"key":"SMITH"}],"circlet_count":0,"master_deck":["AscendersBane","Strike_G","Strike_G+1","Strike_G","Strike_G","Strike_G","Defend_G","Defend_G","Defend_G","Defend_G","Defend_G","Survivor","Neutralize+1","Quick Slash","Backstab+1","Deadly Poison+1","Deflect","Poisoned Stab+1","Footwork","Noxious Fumes+1","PiercingWail","Wraith Form v2","Expertise+1"],"relics":["Ring of the Snake","Mercury Hourglass","Dream Catcher","Whetstone","SlaversCollar"],"acts_visited":["Exordium","TheCity"],"potions_floor_usage":[5,6,8,12],"damage_taken":[{"damage":1,"enemies":"Jaw Worm","floor":1,"turns":5},{"damage":0,"enemies":"Cultist","floor":2,"turns":4},{"damage":0,"enemies":"Small Slimes","floor":3,"turns":2},{"damage":1,"enemies":"Exordium Thugs","floor":5,"turns":4},{"damage":8,"enemies":"Lagavulin","floor":6,"turns":5},{"damage":14,"enemies":"3 Sentries","floor":8,"turns":10},{"damage":6,"enemies":"Gremlin Nob","floor":10,"turns":3},{"damage":1,"enemies":"Lagavulin","floor":12,"turns":5},{"damage":0,"enemies":"3 Louse","floor":13,"turns":2},{"damage":8,"enemies":"Exordium Wildlife","floor":14,"turns":3},{"damage":20,"enemies":"Hexaghost","floor":16,"turns":8},{"damage":16,"enemies":"Shell Parasite","floor":18,"turns":6},{"damage":8,"enemies":"Chosen","floor":19,"turns":4},{"damage":40,"enemies":"Shelled Parasite and Fungi","floor":20,"turns":6}],"seed_played":"7908623992028302875","potions_obtained":[{"floor":1,"key":"Explosive Potion"},{"floor":3,"key":"DistilledChaos"},{"floor":5,"key":"Poison Potion"},{"floor":8,"key":"Explosive Potion"}],"is_trial":false,"path_per_floor":["M","M","M","?","M","E","R","E","T","E","R","E","M","M","R","B",null,"M","M","M"],"character_chosen":"THE_SILENT","items_purchased":[],"campfire_rested":1,"item_purchase_floors":[],"current_hp_per_floor":[58,58,58,58,57,49,49,35,35,29,48,47,47,39,39,19,54,38,30,0,0],"gold":465,"neow_bonus":"UPGRADE_CARD","is_daily":false,"chose_seed":false,"campfire_upgraded":2,"win_rate":0.0,"timestamp":1608648156,"path_taken":["M","M","M","?","M","E","R","E","T","E","R","E","M","M","R","BOSS","M","?","M"],"items_purchased_type":[],"build_version":"2020-12-13","purchased_purges":0,"victory":false,"max_hp_per_floor":[66,66,66,66,66,66,66,66,66,66,66,66,66,66,66,66,66,66,66,66,66],"relic_stats":{"Dream Catcher":1,"counters":[14,67],"Whetstone":["Backstab","Strike_G"],"obtain_stats":[{"SlaversCollar":17,"Dream Catcher":10,"Whetstone":12,"Ring of the Snake":0,"Mercury Hourglass":8},{"SlaversCollar":11,"Dream Catcher":7,"Whetstone":8,"Ring of the Snake":0,"Mercury Hourglass":6},{"SlaversCollar":51,"Dream Catcher":33,"Whetstone":38,"Ring of the Snake":0,"Mercury Hourglass":30}],"Ring of the Snake":[28],"Mercury Hourglass":[93]},"card_choices":[{"not_picked":["Expertise","Underhanded Strike"],"picked":"Quick Slash","floor":1},{"not_picked":["Blur","Prepared"],"picked":"Backstab","floor":2},{"not_picked":["Flying Knee","Backflip"],"picked":"Deadly Poison","floor":3},{"not_picked":["Outmaneuver","Infinite Blades"],"picked":"Deflect","floor":5},{"not_picked":["Underhanded Strike","Flechettes"],"picked":"Poisoned Stab","floor":6},{"not_picked":["Flying Knee","Backflip"],"picked":"Footwork","floor":8},{"not_picked":["Sucker Punch","Flechettes"],"picked":"Noxious Fumes","floor":10},{"not_picked":["Tactician","Riddle With Holes","Bane"],"picked":"SKIP","floor":12},{"not_picked":["Prepared","Eviscerate","Flying Knee"],"picked":"SKIP","floor":13},{"not_picked":["Accuracy","Acrobatics"],"picked":"PiercingWail","floor":14},{"not_picked":["Die Die Die","Malaise"],"picked":"Wraith Form v2","floor":16},{"not_picked":["Bouncing Flask","Poisoned Stab"],"picked":"Expertise+1","floor":18},{"not_picked":["Slice","Endless Agony","Deadly Poison"],"picked":"SKIP","floor":19}],"player_experience":2952060,"relics_obtained":[{"floor":8,"key":"Mercury Hourglass"},{"floor":10,"key":"Dream Catcher"},{"floor":12,"key":"Whetstone"}],"event_choices":[{"damage_healed":0,"gold_gain":0,"player_choice":"Forge","damage_taken":0,"max_hp_gain":0,"max_hp_loss":0,"event_name":"Accursed Blacksmith","floor":4,"gold_loss":0,"cards_upgraded":["Deadly Poison"]}],"is_beta":false,"boss_relics":[{"not_picked":["Fusion Hammer","WristBlade"],"picked":"SlaversCollar"}],"items_purged_floors":[],"is_endless":false,"potions_floor_spawned":[1,3,5,8],"killed_by":"Shelled Parasite and Fungi","ascension_level":20}}