{"host":"yjdcw421j82uikhu","time":1608642413,"event":{"mods":["2.2 Compatiblity","A Magickal Journey","Abigail Mod","Act Like it!","Aspiration","Bard","BaseMod","Bestiary","Better Note","Challenge The Spire","Chen","Colored Map","Colored Powertips","Conspire","Curses Come First","DeckTracker","Dio Mod","Downfall","Friendly Minions","FutureSeer","Glutton Mod","Googly Eyes","Gremlin Mod","Grow up Mod","GungeonMod","Halation","Hallownest","Hero for Fun","Highlight Path","HololiveMod","HornydragonMod","Hubris","Hunter ??","Infinite Spire","Jedi Mod","KinomotoSakuraMod(????)","Kiyohime????","Koishi","LagranYue(???·?)","Luminous","Mad Scientist","Mari Mod (Legacy)","Mari\u0027s V1 Patch","Marisa????????","Mimic Mod","Minty Spire (QoL Compilation)","Prisma Mod","RNG Fix","Relic Sorter","Remilia??????","Remove Card Discount Mod","Replay The Spire","SIMod","StSLib","Td1madao Mod","The Administrix","The Bladedancer","The Bug Knight","The Construct","The Cursed","The Disciple","The Dragon Tamer","The Factory","The Gatherer","The Hierophant","The Jungle","The Kombatant","The Marked","The Mystic","The Poker Player","The Runesmith","The Senshi","The Servant 0.9.4","The Wild Card","TheArtist","TheBandit","TheFirefly","Unknown Chances","Yohane!","Yuri Mod","Yuyuko","vexMod","??????REMEMod"],"gold_per_floor":[99,117,135,135,135,148,199,199,234,87,110,210,251,278,294,406,406,181,206,506,534,553,580,612,631,631,663,693,693,735,759,789,901,901,901,927,717,768,302,338,410,439,465,465,496,544,544,544,583,705,705,705],"floor_reached":51,"playtime":4845,"items_purged":[],"score":892,"play_id":"f083da9a-0c22-4c95-8177-be7d85e6aa68","local_time":"20201222150653","is_ascension_mode":false,"campfire_choices":[{"floor":1,"key":"RECALL"},{"data":"infinitespire:Collect","floor":29,"key":"SMITH"},{"data":"PrismaMod:IllyaZwei","floor":35,"key":"SMITH"},{"floor":44,"key":"REST"},{"floor":47,"key":"REST"}],"circlet_count":0,"master_deck":["PrismaMod:IllyaCommonAttack+1","PrismaMod:IllyaCommonDefend","PrismaMod:IllyaCommonAttack+1","PrismaMod:IllyaCommonDefend","PrismaMod:IllyaCommonAttack+1","PrismaMod:IllyaCommonDefend","PrismaMod:IllyaCommonAttack+1","PrismaMod:IllyaCommonDefend","PrismaMod:IllyaCommonAttack+1","PrismaMod:IllyaCommonDefend","PrismaMod:IllyaUncommonAttack","PrismaMod:IllyaUncommonDefend","PrismaMod:IllyaBerserCAR","PrismaMod:IllyaPartialInstallAssassin","Iron Wave+1","PrismaMod:IllyaRapidFire","infinitespire:Collect+1","PrismaMod:IllyaInstallCaster","PrismaMod:IllyaCheapChannelAttack","PrismaMod:IllyaBlindPoisonToss","PrismaMod:IllyaPoisonTippedWeapons","PrismaMod:IllyaInstallRider","PrismaMod:IllyaAlice","PrismaMod:IllyaCarnivalDefend","PrismaMod:IllyaRubysPotion","Greed_TH","PrismaMod:IllyaAOECommonAttack","PrismaMod:IllyaFriendMaker+1","PrismaMod:IllyaAlice+1","PrismaMod:IllyaMaid","PrismaMod:IllyaAOECommonAttack+1","expansioncontent:Flail","PrismaMod:IllyaBride","PrismaMod:IllyaCarnivalOrbs","Replay:SS_fish_3+1","PrismaMod:IllyaPoisonBlock+1","PrismaMod:IllyaZwei+1","PrismaMod:IllyaPoisoningPhantasm+1","PrismaMod:IllyaInstallMoonCancer","expansioncontent:BronzeBeam","Mayhem","expansioncontent:HyperBeam+1","expansioncontent:DecasProtection","PrismaMod:IllyaGrail","PrismaMod:IllyaCarnivalPrismaAstolfo","PrismaMod:IllyaMaid+1","expansioncontent:PrepareCrush+1","PrismaMod:IllyaRapidFire+1","PrismaMod:IllyaZwei","PrismaMod:IllyaCheapChannelAttack","infinitespire:DeathsTouch","PrismaMod:IllyaRubysPotion+1","PrismaMod:IllyaCarnivalAttack"],"relics":["PrismaMod:PrismaRuby","Happy Flower","PrismaMod:AliceRelic","REME_ComplimentaryCards","LagranYue:RandomDrawCardRelic","Centennial Puzzle","hubris:KleinBottle","Replay:Bandana","ScarletDevilRocket","REME_LowDesire","DemoMod:MonsterBlood","downfall:HeartBlessingRed","downfall:HeartBlessingGreen","downfall:HeartBlessingBlue","MoneyPower","aspiration:RitualStick","vexMod:HeadHunter","aspiration:SecretTechniqueScroll","FossilizedHelix","CatCart","Boot","Sling","DemoMod:ClearGuonStone","Replay:Bottled Eggs","DemoMod:Bottle","vexMod:MysteryBossChallenge","SacredBark"],"acts_visited":["Exordium","TheCity","TheBeyond","Exordium"],"potions_floor_usage":[],"damage_taken":[{"damage":0,"enemies":"Small Slimes","floor":2,"turns":4},{"damage":0,"enemies":"Cultist","floor":3,"turns":5},{"damage":0,"enemies":"2 Louse","floor":6,"turns":2},{"damage":3,"enemies":"Lagavulin","floor":9,"turns":7},{"damage":0,"enemies":"downfall:FleeingMerchant","floor":10,"turns":4},{"damage":6,"enemies":"2 Fungi Beasts","floor":11,"turns":4},{"damage":14,"enemies":"3 Sentries","floor":13,"turns":6},{"damage":10,"enemies":"conspire:2 RoseBushes","floor":14,"turns":3},{"damage":0,"enemies":"2 Fungi Beasts","floor":15,"turns":4},{"damage":62,"enemies":"downfall:Ironclad","floor":16,"turns":8},{"damage":11,"enemies":"Spheric Guardian","floor":19,"turns":4},{"damage":4,"enemies":"conspire:FuzzyDice","floor":21,"turns":5},{"damage":1,"enemies":"conspire:HollyBat","floor":22,"turns":8},{"damage":7,"enemies":"3 Cultists","floor":23,"turns":3},{"damage":0,"enemies":"Snake Plant","floor":24,"turns":7},{"damage":16,"enemies":"Snake Plant","floor":25,"turns":3},{"damage":6,"enemies":"Chosen and Byrds","floor":27,"turns":3},{"damage":6,"enemies":"Cultist and Chosen","floor":28,"turns":4},{"damage":0,"enemies":"conspire:Head Lice","floor":30,"turns":3},{"damage":12,"enemies":"conspire:HollyBat","floor":31,"turns":9},{"damage":33,"enemies":"Centurion and Healer","floor":32,"turns":4},{"damage":15,"enemies":"downfall:Defect","floor":33,"turns":7},{"damage":0,"enemies":"3 Shapes","floor":36,"turns":2},{"damage":0,"enemies":"downfall:FleeingMerchant","floor":37,"turns":2},{"damage":162,"enemies":"Orin","floor":38,"turns":12},{"damage":126,"enemies":"Nightmare","floor":40,"turns":8},{"damage":26,"enemies":"3 Darklings","floor":42,"turns":3},{"damage":0,"enemies":"Sphere and 2 Shapes","floor":43,"turns":2},{"damage":0,"enemies":"Jaw Worm Horde","floor":45,"turns":3},{"damage":19,"enemies":"Writhing Mass","floor":46,"turns":5},{"damage":15,"enemies":"3 Darklings","floor":49,"turns":3},{"damage":107,"enemies":"downfall:Silent","floor":50,"turns":7}],"seed_played":"6240441085975689454","potions_obtained":[{"floor":2,"key":"Adrenaline Potion"},{"floor":3,"key":"Block Potion"},{"floor":11,"key":"Fire Potion"},{"floor":21,"key":"SteroidPotion"}],"is_trial":false,"path_per_floor":["R_BF","M","M","?","?","M","T","$","E","$","M","?","E","M","M","B",null,"R_BF","M","?","M","M","M","MIM","M","?","M","M","R","E","M","M","B",null,"R","M","$","?","$","NM","T","M","M","R","M","M","R","AVR","M","B",null],"character_chosen":"ILLYA","items_purchased":["hubris:KleinBottle","Happy Flower","FossilizedHelix","expansioncontent:BronzeBeam","Mayhem","Boot","Sling","expansioncontent:DecasProtection","PrismaMod:IllyaGrail"],"campfire_rested":2,"item_purchase_floors":[8,10,37,37,37,39,39,39,39],"current_hp_per_floor":[95,105,115,125,135,145,155,146,153,163,167,177,173,173,183,131,262,282,285,295,306,315,318,342,336,276,285,294,304,314,327,309,304,442,452,462,457,320,310,204,214,198,208,377,387,378,556,566,563,483,604,604],"gold":705,"neow_bonus":"RANDOM_COMMON_RELIC","is_daily":false,"chose_seed":false,"campfire_upgraded":2,"win_rate":0.0,"timestamp":1608642413,"path_taken":["R_BF","M","M","?","?","?","T","?","E","$","M","?","E","M","M","BOSS","R_BF","M","?","M","M","M","MIM","?","?","M","M","R","E","M","M","BOSS","R","M","$","?","?","NM","T","M","M","R","?","M","R","AVR","M","BOSS"],"items_purchased_type":["Relic","Relic","Relic","Card","Card","Relic","Relic","Card","Card"],"build_version":"2020-12-13","purchased_purges":0,"victory":false,"max_hp_per_floor":[95,105,115,125,135,145,155,165,175,185,195,205,215,225,235,245,262,282,292,302,312,322,332,342,352,362,372,382,392,402,412,422,432,442,452,462,472,482,492,502,512,522,532,542,552,562,572,582,594,604,604,604],"card_choices":[{"not_picked":["PrismaMod:IllyaCommandSeal","PrismaMod:IllyaPoisonTippedWeapons"],"picked":"PrismaMod:IllyaBerserCAR","floor":2},{"not_picked":["PrismaMod:IllyaCommonEvoke","PrismaMod:IllyaDualEvoke"],"picked":"PrismaMod:IllyaPartialInstallAssassin","floor":3},{"not_picked":["PrismaMod:IllyaBoysLove","PrismaMod:IllyaCommonEvoke"],"picked":"PrismaMod:IllyaRapidFire","floor":6},{"not_picked":["hubris:Rewind","Replay:Fractal Strike"],"picked":"infinitespire:Collect","floor":8},{"not_picked":["PrismaMod:IllyaUpgradeOrbs","PrismaMod:IllyaEvokeAll"],"picked":"PrismaMod:IllyaInstallCaster","floor":9},{"not_picked":["PrismaMod:IllyaDualEvoke","PrismaMod:IllyaPoisonTippedWeapons"],"picked":"PrismaMod:IllyaCheapChannelAttack","floor":10},{"not_picked":["PrismaMod:IllyaRubysPotion","PrismaMod:IllyaFeed"],"picked":"PrismaMod:IllyaBlindPoisonToss","floor":11},{"not_picked":["PrismaMod:IllyaMinorReinForce","PrismaMod:IllyaCheapChannelAttack"],"picked":"PrismaMod:IllyaPoisonTippedWeapons","floor":13},{"not_picked":["PrismaMod:IllyaCommonEvoke","PrismaMod:IllyaPoisonBlock"],"picked":"PrismaMod:IllyaInstallRider","floor":14},{"not_picked":["PrismaMod:IllyaUberPoisonBlock","PrismaMod:IllyaCommonEvoke"],"picked":"PrismaMod:IllyaAlice","floor":15},{"not_picked":["PrismaMod:IllyaInstallShielder","PrismaMod:IllyaZwei"],"picked":"PrismaMod:IllyaCarnivalDefend","floor":16},{"not_picked":["PrismaMod:IllyaPoisoningPhantasm+1","PrismaMod:IllyaMinorReinForce","Poisoned Strike"],"picked":"PrismaMod:IllyaRubysPotion","floor":19},{"not_picked":["PrismaMod:IllyaCheapChannelDefend+1","PrismaMod:IllyaCheapChannelPoison","expansioncontent:SlimeTackle"],"picked":"PrismaMod:IllyaAOECommonAttack","floor":21},{"not_picked":["PrismaMod:IllyaCommandSeal+1","PrismaMod:IllyaTestament","Master of Strategy"],"picked":"PrismaMod:IllyaFriendMaker+1","floor":22},{"not_picked":["PrismaMod:IllyaInstallAvenger","PrismaMod:IllyaCheapChannelAttack","ReplayTheSpireMod:Necrogeddon"],"picked":"PrismaMod:IllyaAlice+1","floor":23},{"not_picked":["PrismaMod:IllyaCheapChannelDefend+1","PrismaMod:IllyaUberPoisonBlock","REME_TheoryOfElimination"],"picked":"PrismaMod:IllyaMaid","floor":24},{"not_picked":["PrismaMod:IllyaCheapChannelAttack","PrismaMod:IllyaGun","Blind"],"picked":"PrismaMod:IllyaAOECommonAttack+1","floor":25},{"not_picked":["PrismaMod:IllyaPoisonBlock","PrismaMod:IllyaCheapChannelPoison","PrismaMod:IllyaFriendMaker"],"picked":"expansioncontent:Flail","floor":27},{"not_picked":["PrismaMod:IllyaUncommonAttack","PrismaMod:IllyaCheapChannelAttack","Purity"],"picked":"PrismaMod:IllyaBride","floor":28},{"not_picked":["PrismaMod:IllyaUpgradeOrbs","PrismaMod:IllyaHassanGift","DemoMod:Spice"],"picked":"PrismaMod:IllyaCarnivalOrbs","floor":30},{"not_picked":["PrismaMod:IllyaBlindPoisonToss","PrismaMod:IllyaStunPoison+1","PrismaMod:IllyaFriendMaker+1"],"picked":"Replay:SS_fish_3+1","floor":31},{"not_picked":["PrismaMod:IllyaUpgradeOrbs+1","PrismaMod:IllyaStunPoison","Purity"],"picked":"PrismaMod:IllyaPoisonBlock+1","floor":32},{"not_picked":["PrismaMod:IllyaInstallAssassin","PrismaMod:IllyaCarnivalPrismaAstolfo","ReplayTheSpireMod:Necrogeddon"],"picked":"PrismaMod:IllyaZwei","floor":33},{"not_picked":["PrismaMod:IllyaCheapChannelDefend","PrismaMod:IllyaSaphire+1","jedi:forcepull"],"picked":"PrismaMod:IllyaPoisoningPhantasm+1","floor":36},{"not_picked":["PrismaMod:IllyaUncommonAOEAttack+1","PrismaMod:IllyaRussianRoulette+1","vexMod:EmailVexCard"],"picked":"PrismaMod:IllyaInstallMoonCancer","floor":37},{"not_picked":["PrismaMod:IllyaPoisonBlock+1","PrismaMod:IllyaCommonEvoke+1","PrismaMod:IllyaUpgradeOrbs+1"],"picked":"expansioncontent:HyperBeam+1","floor":38},{"not_picked":["PrismaMod:IllyaUberDefendChannel","PrismaMod:IllyaCarnivalDefend"],"picked":"PrismaMod:IllyaCarnivalPrismaAstolfo","floor":40},{"not_picked":["PrismaMod:IllyaMinorZwei","PrismaMod:IllyaCommonEvoke","expansioncontent:ChargeUp+1"],"picked":"PrismaMod:IllyaMaid+1","floor":40},{"not_picked":["PrismaMod:IllyaMinorRapidFire","PrismaMod:IllyaCheapChannelAttack","PrismaMod:IllyaUncommonAOEAttack+1"],"picked":"expansioncontent:PrepareCrush+1","floor":42},{"not_picked":["PrismaMod:IllyaPartialInstallAssassin","PrismaMod:IllyaPoisonTippedWeapons","expansioncontent:Flail+1"],"picked":"PrismaMod:IllyaRapidFire+1","floor":43},{"not_picked":["PrismaMod:IllyaMinorReinForce","PrismaMod:IllyaPoisonBlock","expansioncontent:Sear"],"picked":"PrismaMod:IllyaZwei","floor":45},{"not_picked":["PrismaMod:IllyaBerserCAR","PrismaMod:IllyaUncommonDefend","HandOfGreed"],"picked":"PrismaMod:IllyaCheapChannelAttack","floor":46},{"not_picked":["PrismaMod:IllyaRussianRoulette","PrismaMod:IllyaBride+1","Replay:Parry"],"picked":"PrismaMod:IllyaRubysPotion+1","floor":49},{"not_picked":["PrismaMod:IllyaInstallCaster","PrismaMod:IllyaInstallShielder","Magnetism"],"picked":"PrismaMod:IllyaCarnivalAttack","floor":50}],"player_experience":44602,"relics_obtained":[{"floor":9,"key":"Replay:Bandana"},{"floor":13,"key":"ScarletDevilRocket"},{"floor":17,"key":"DemoMod:MonsterBlood"},{"floor":24,"key":"MoneyPower"},{"floor":30,"key":"vexMod:HeadHunter"},{"floor":38,"key":"CatCart"},{"floor":40,"key":"DemoMod:ClearGuonStone"},{"floor":41,"key":"Replay:Bottled Eggs"}],"event_choices":[{"cards_removed":["PrismaMod:IllyaBerserCAR"],"damage_healed":0,"gold_gain":0,"player_choice":"Take \u0026 Give","damage_taken":0,"max_hp_gain":0,"max_hp_loss":0,"event_name":"betterNote:BetterNote","floor":4,"gold_loss":0,"cards_obtained":["Iron Wave"]},{"cards_removed":["FitfulNightmare"],"damage_healed":0,"gold_gain":0,"player_choice":"Offered Uncommon","damage_taken":0,"max_hp_gain":0,"max_hp_loss":0,"event_name":"Bonfire Elementals","floor":5,"gold_loss":0},{"damage_healed":0,"gold_gain":0,"player_choice":"Fight","damage_taken":0,"max_hp_gain":0,"max_hp_loss":0,"event_name":"OrinTheCat","floor":38,"gold_loss":0}],"is_beta":false,"boss_relics":[{"not_picked":["hubris:GrandSneckoEye","halation:PinkAlligatorPlush"],"picked":"REME_LowDesire"},{"not_picked":["SacredBark","halation:MonkeysPaw"],"picked":"aspiration:SecretTechniqueScroll"},{"not_picked":["aspiration:IroncladSkillbook","halation:PlatinumPhoenix"],"picked":"vexMod:MysteryBossChallenge"}],"items_purged_floors":[],"is_endless":true,"potions_floor_spawned":[2,3,11,16,21,23,25,28,30,38,42,45,49,50],"ascension_level":0}}