{"host":"2461dio7vetlq1z3","time":1608636092,"event":{"mods":["2.2 Compatiblity","AchievementEnabler","BaseMod","Better Third Choice","Hermit","Marisa????????","Minty Spire (QoL Compilation)","Relic Stats","Spicy Shops","StSLib","The Runesmith","Waifu the Spire"],"gold_per_floor":[127,139,163,190,219,231,275,287,326,338,382,394,419,451,463,550,562,594,625,657,688,718,730,774,786,798,810,38,56,56,84,84,157,157,177,193,203,203,217,252,252,280,356,356,386,386,66,76,76,76,76,76,76,111,111],"floor_reached":56,"playtime":2596,"items_purged":["Strike_P","Strike_P"],"score":2176,"play_id":"8f486f87-3bc1-4d2d-b4e1-949022a4b0bd","local_time":"20201222122132","is_ascension_mode":true,"campfire_choices":[{"data":"Eruption","floor":6,"key":"SMITH"},{"data":"Wallop","floor":10,"key":"SMITH"},{"data":"Tantrum","floor":12,"key":"SMITH"},{"data":"Vault","floor":15,"key":"SMITH"},{"data":"Vault","floor":23,"key":"SMITH"},{"data":"Vigilance","floor":25,"key":"SMITH"},{"floor":27,"key":"REST"},{"floor":30,"key":"DIG"},{"floor":32,"key":"DIG"},{"floor":41,"key":"DIG"},{"floor":44,"key":"RECALL"},{"floor":46,"key":"DIG"},{"data":"Fasting2","floor":49,"key":"SMITH"},{"floor":52,"key":"DIG"}],"circlet_count":0,"master_deck":["AscendersBane","Strike_P","Strike_P","Defend_P","Defend_P+1","Defend_P","Defend_P+1","Eruption+1","Vigilance+1","WheelKick","Wallop+1","FollowUp+1","Protect","Wallop+1","Tantrum+1","Vault+1","Conclude","Vault+1","LikeWater+1","EmptyBody","Vault","EmptyBody+1","EmptyMind","LessonLearned+1","BattleHymn+1","FlurryOfBlows+1","FlurryOfBlows+1","Blasphemy+1","Tantrum+1","Indignation+1","Fasting2+1","ClearTheMind","Wish","Leg Sweep+1"],"relics":["PureWater","MawBank","Art of War","Lantern","Oddly Smooth Stone","Sozu","Bronze Scales","Ginger","Shovel","Akabeko","Strawberry","Lizard Tail","Sundial","Snecko Eye","Regal Pillow","Nunchaku","Bottled Lightning","Turnip","Mummified Hand","PrismaticShard","Whetstone","Bottled Tornado","Thread and Needle"],"acts_visited":["Exordium","TheCity","TheBeyond","TheEnding"],"potions_floor_usage":[11,54,55],"damage_taken":[{"damage":0,"enemies":"Cultist","floor":1,"turns":3},{"damage":6,"enemies":"Jaw Worm","floor":3,"turns":5},{"damage":0,"enemies":"Small Slimes","floor":4,"turns":2},{"damage":4,"enemies":"Exordium Wildlife","floor":5,"turns":3},{"damage":0,"enemies":"Gremlin Nob","floor":7,"turns":2},{"damage":5,"enemies":"3 Sentries","floor":11,"turns":9},{"damage":0,"enemies":"3 Louse","floor":13,"turns":2},{"damage":0,"enemies":"Large Slime","floor":14,"turns":3},{"damage":0,"enemies":"Slime Boss","floor":16,"turns":6},{"damage":0,"enemies":"Spheric Guardian","floor":18,"turns":2},{"damage":0,"enemies":"Chosen","floor":19,"turns":4},{"damage":0,"enemies":"Centurion and Healer","floor":20,"turns":3},{"damage":9,"enemies":"Snecko","floor":21,"turns":9},{"damage":14,"enemies":"Shelled Parasite and Fungi","floor":22,"turns":5},{"damage":0,"enemies":"Gremlin Leader","floor":24,"turns":7},{"damage":0,"enemies":"Sentry and Sphere","floor":29,"turns":2},{"damage":14,"enemies":"Slavers","floor":31,"turns":3},{"damage":53,"enemies":"Automaton","floor":33,"turns":14},{"damage":0,"enemies":"3 Darklings","floor":35,"turns":4},{"damage":8,"enemies":"3 Shapes","floor":36,"turns":5},{"damage":0,"enemies":"Transient","floor":37,"turns":5},{"damage":5,"enemies":"Spire Growth","floor":39,"turns":5},{"damage":0,"enemies":"Giant Head","floor":40,"turns":5},{"damage":6,"enemies":"Nemesis","floor":42,"turns":4},{"damage":2,"enemies":"Giant Head","floor":45,"turns":7},{"damage":0,"enemies":"Writhing Mass","floor":48,"turns":3},{"damage":39,"enemies":"Donu and Deca","floor":50,"turns":7},{"damage":55,"enemies":"Shield and Spear","floor":54,"turns":6},{"damage":95,"enemies":"The Heart","floor":55,"turns":7}],"seed_played":"8796521483881019293","potions_obtained":[{"floor":1,"key":"Regen Potion"},{"floor":4,"key":"PowerPotion"},{"floor":7,"key":"CultistPotion"},{"floor":14,"key":"Block Potion"}],"is_trial":false,"path_per_floor":["M","?","M","M","M","R","E","?","T","R","E","R","M","M","R","B",null,"M","M","M","M","M","R","E","R","T","R","$","M","R","E","R","B",null,"M","M","M","?","M","E","R","E","T","R","E","R","$","M","R","B",null,"R","$","E","B",null],"character_chosen":"WATCHER","items_purchased":["LessonLearned","BattleHymn","Shovel","Akabeko","PrismaticShard","Whetstone"],"campfire_rested":1,"item_purchase_floors":[28,28,28,28,47,47],"current_hp_per_floor":[61,66,60,60,56,56,56,56,56,56,66,66,66,66,66,66,71,71,71,71,62,48,48,48,48,48,69,69,69,76,62,62,9,62,62,54,54,80,75,75,75,69,69,69,67,67,67,67,67,28,67,67,67,12,1],"gold":111,"neow_bonus":"RANDOM_COMMON_RELIC","is_daily":false,"chose_seed":false,"campfire_upgraded":7,"win_rate":0.0,"timestamp":1608636092,"path_taken":["M","?","M","M","M","R","E","?","T","R","E","R","M","M","R","BOSS","M","M","M","M","M","R","E","R","T","R","$","M","R","E","R","BOSS","M","M","?","?","M","E","R","E","T","R","E","R","$","M","R","BOSS","R","$","E","BOSS"],"items_purchased_type":["Card","Card","Relic","Relic","Relic","Relic"],"build_version":"2020-12-13","purchased_purges":2,"victory":true,"max_hp_per_floor":[68,73,73,73,73,73,73,73,73,73,73,73,73,73,73,73,73,73,73,73,73,73,73,73,73,73,73,73,73,80,80,80,80,80,80,80,80,80,80,80,80,80,80,80,80,80,80,80,80,80,80,80,80,80,80],"relic_stats":{"Regal Pillow":0,"counters":[29,142],"Ginger":[6],"Whetstone":["LessonLearned","FlurryOfBlows"],"MawBank":336,"Sozu":7,"Lizard Tail":40,"Nunchaku":[7],"Shovel":5,"Sundial":[4],"Mummified Hand":[20],"Bronze Scales":[151],"Snecko Eye":[95,82,90,97],"Turnip":[2],"Art of War":[6],"obtain_stats":[{"Lantern":9,"Regal Pillow":40,"Oddly Smooth Stone":11,"Thread and Needle":54,"Ginger":26,"Whetstone":47,"Bottled Tornado":52,"MawBank":0,"PrismaticShard":47,"Akabeko":28,"Sozu":17,"Lizard Tail":31,"Nunchaku":41,"Shovel":28,"Sundial":32,"Mummified Hand":46,"Bronze Scales":24,"Strawberry":30,"Snecko Eye":34,"Turnip":45,"Art of War":7,"Bottled Lightning":42,"PureWater":0},{"Lantern":5,"Regal Pillow":23,"Oddly Smooth Stone":6,"Thread and Needle":28,"Ginger":15,"Whetstone":25,"Bottled Tornado":27,"MawBank":0,"PrismaticShard":25,"Akabeko":15,"Sozu":9,"Lizard Tail":17,"Nunchaku":23,"Shovel":15,"Sundial":17,"Mummified Hand":25,"Bronze Scales":15,"Strawberry":16,"Snecko Eye":18,"Turnip":25,"Art of War":5,"Bottled Lightning":24,"PureWater":0},{"Lantern":15,"Regal Pillow":108,"Oddly Smooth Stone":24,"Thread and Needle":135,"Ginger":65,"Whetstone":119,"Bottled Tornado":129,"MawBank":0,"PrismaticShard":119,"Akabeko":65,"Sozu":35,"Lizard Tail":70,"Nunchaku":108,"Shovel":65,"Sundial":70,"Mummified Hand":119,"Bronze Scales":65,"Strawberry":67,"Snecko Eye":84,"Turnip":119,"Art of War":15,"Bottled Lightning":112,"PureWater":0}]},"card_choices":[{"not_picked":["CutThroughFate","JustLucky"],"picked":"WheelKick","floor":1},{"not_picked":["JustLucky","Prostrate"],"picked":"Wallop","floor":3},{"not_picked":["Indignation","ClearTheMind"],"picked":"FollowUp","floor":4},{"not_picked":["Pray","ClearTheMind"],"picked":"Protect","floor":5},{"not_picked":["Prostrate","FlurryOfBlows"],"picked":"Wallop","floor":7},{"not_picked":["InnerPeace","BowlingBash"],"picked":"Tantrum","floor":11},{"not_picked":["ClearTheMind","Crescendo"],"picked":"Vault","floor":13},{"not_picked":["Crescendo","Perseverance"],"picked":"Conclude","floor":14},{"not_picked":["Brilliance","Judgement"],"picked":"Vault","floor":16},{"not_picked":["BowlingBash","EmptyBody"],"picked":"LikeWater+1","floor":18},{"not_picked":["FollowUp","ThirdEye"],"picked":"EmptyBody","floor":19},{"not_picked":["SashWhip","BattleHymn"],"picked":"Vault","floor":20},{"not_picked":["FlyingSleeves","WheelKick"],"picked":"LikeWater","floor":21},{"not_picked":["CrushJoints","PathToVictory"],"picked":"EmptyBody+1","floor":22},{"not_picked":["Halt","Prostrate"],"picked":"EmptyMind","floor":24},{"not_picked":["Crescendo+1","Brilliance"],"picked":"FlurryOfBlows","floor":29},{"not_picked":["FollowUp","PathToVictory+1"],"picked":"FlurryOfBlows","floor":31},{"not_picked":["ConjureBlade","Judgement"],"picked":"Blasphemy","floor":33},{"not_picked":["Conclude","Halt+1"],"picked":"Tantrum+1","floor":35},{"not_picked":["CutThroughFate","Evaluate","EmptyBody"],"picked":"SKIP","floor":36},{"not_picked":["EmptyBody+1","Conclude"],"picked":"Indignation","floor":37},{"not_picked":["JustLucky+1","Consecrate"],"picked":"Fasting2","floor":39},{"not_picked":["FlyingSleeves","SignatureMove"],"picked":"ClearTheMind","floor":40},{"not_picked":["CutThroughFate","WreathOfFlame","JustLucky"],"picked":"SKIP","floor":42},{"not_picked":["Study+1","DeusExMachina"],"picked":"Wish","floor":45},{"not_picked":["hermit:ShadowCloak","Sweeping Beam+1"],"picked":"Leg Sweep+1","floor":48},{"not_picked":["Runesmith:HeatExchange","Backflip","Runesmith:Augment+1"],"picked":"SKIP","floor":54}],"player_experience":934025,"relics_obtained":[{"floor":7,"key":"Art of War"},{"floor":9,"key":"Lantern"},{"floor":11,"key":"Oddly Smooth Stone"},{"floor":24,"key":"Bronze Scales"},{"floor":26,"key":"Ginger"},{"floor":30,"key":"Strawberry"},{"floor":31,"key":"Lizard Tail"},{"floor":32,"key":"Sundial"},{"floor":40,"key":"Regal Pillow"},{"floor":41,"key":"Nunchaku"},{"floor":42,"key":"Bottled Lightning"},{"floor":45,"key":"Turnip"},{"floor":46,"key":"Mummified Hand"},{"floor":52,"key":"Bottled Tornado"},{"floor":54,"key":"Thread and Needle"}],"event_choices":[{"damage_healed":0,"gold_gain":0,"player_choice":"Donut","damage_taken":0,"max_hp_gain":5,"max_hp_loss":0,"event_name":"Big Fish","floor":2,"gold_loss":0},{"damage_healed":0,"gold_gain":0,"player_choice":"Upgraded","damage_taken":0,"max_hp_gain":0,"max_hp_loss":0,"event_name":"Upgrade Shrine","floor":8,"gold_loss":0,"cards_upgraded":["Wallop"]},{"cards_removed":["LikeWater"],"damage_healed":26,"gold_gain":0,"player_choice":"Offered Uncommon","damage_taken":0,"max_hp_gain":0,"max_hp_loss":0,"event_name":"Bonfire Elementals","floor":38,"gold_loss":0}],"is_beta":false,"boss_relics":[{"not_picked":["Black Star","VioletLotus"],"picked":"Sozu"},{"not_picked":["SacredBark","Coffee Dripper"],"picked":"Snecko Eye"}],"items_purged_floors":[28,47],"is_endless":false,"potions_floor_spawned":[1,4,7,14,20,22,24,29,35,39,40,45],"ascension_level":14}}