{"host":"ln76an1o32p2wxtf","time":1608660353,"event":{"mods":["AchievementEnabler","Act Like it!","BaseMod","BetterRewards","Colored Powertips","Energized Spire","GifTheSpireLib","Infinite Spire","Minty Spire (QoL Compilation)","Shop Mod","StSLib"],"gold_per_floor":[109,122,122,135,21,356,356,391,391,391,391],"floor_reached":10,"playtime":951,"items_purged":["Defend_P"],"score":80,"play_id":"0775a42c-8fec-443d-b61a-c1283a9b7124","local_time":"20201223020553","is_ascension_mode":true,"campfire_choices":[],"circlet_count":0,"master_deck":["Strike_P","Strike_P","Strike_P","Strike_P","Defend_P","Defend_P","Defend_P","Eruption+1","Vigilance","Perseverance","Worship","Establishment","Decay"],"relics":["Cursed Key","Old Coin","Pear","MealTicket","Darkstone Periapt"],"acts_visited":["Exordium"],"potions_floor_usage":[8],"damage_taken":[{"damage":1,"enemies":"Jaw Worm","floor":1,"turns":6},{"damage":1,"enemies":"Cultist","floor":2,"turns":3},{"damage":0,"enemies":"Small Slimes","floor":4,"turns":2},{"damage":47,"enemies":"Lagavulin","floor":6,"turns":9},{"damage":13,"enemies":"Gremlin Nob","floor":8,"turns":4},{"damage":20,"enemies":"Lagavulin","floor":10,"turns":11}],"seed_played":"-201744869201338483","potions_obtained":[{"floor":4,"key":"LiquidMemories"}],"is_trial":false,"path_per_floor":["M","M","?","M","$","E","?","E","T","E"],"character_chosen":"WATCHER","items_purchased":["Worship"],"campfire_rested":0,"item_purchase_floors":[5],"current_hp_per_floor":[71,70,70,70,70,23,33,20,20,0,0],"gold":391,"neow_bonus":"BOSS_RELIC","is_daily":false,"chose_seed":false,"campfire_upgraded":0,"win_rate":0.0,"timestamp":1608660353,"path_taken":["M","M","?","?","$","E","?","E","T","E"],"items_purchased_type":["Card"],"build_version":"2020-12-13","purchased_purges":1,"victory":false,"max_hp_per_floor":[72,72,72,72,72,72,82,82,82,82,82],"card_choices":[{"not_picked":["FlurryOfBlows","DeceiveReality","EmptyFist"],"picked":"SKIP","floor":1},{"not_picked":["TalkToTheHand","ThirdEye","CrushJoints"],"picked":"SKIP","floor":2},{"not_picked":["Protect","FollowUp"],"picked":"Perseverance","floor":4},{"not_picked":["ThirdEye","Prostrate"],"picked":"Establishment","floor":6},{"not_picked":["PathToVictory","EmptyBody","WindmillStrike"],"picked":"SKIP","floor":8}],"player_experience":658489,"relics_obtained":[{"floor":6,"key":"Old Coin"},{"floor":8,"key":"MealTicket"},{"floor":9,"key":"Darkstone Periapt"}],"event_choices":[{"damage_healed":0,"gold_gain":0,"player_choice":"Upgraded","damage_taken":0,"max_hp_gain":0,"max_hp_loss":0,"event_name":"Upgrade Shrine","floor":3,"gold_loss":0,"cards_upgraded":["Eruption"]},{"damage_healed":0,"gold_gain":0,"player_choice":"Searched \u00271\u0027 times","damage_taken":0,"relics_obtained":["Pear"],"max_hp_gain":0,"max_hp_loss":0,"event_name":"Dead Adventurer","floor":7,"gold_loss":0}],"is_beta":false,"boss_relics":[],"items_purged_floors":[5],"is_endless":false,"potions_floor_spawned":[4],"killed_by":"Lagavulin","ascension_level":1}}