{"host":"mi0eibewekhugwl1","time":1608634163,"event":{"mods":["AchievementEnabler","BaseMod","Colored Map","Colored Powertips","DeckTracker","Keyboard Shortcuts","Minty Spire (QoL Compilation)","Quick Restart","Rare Cards Sparkle","Relic Stats","StSLib","SuperFastMode","everything is the same but u backflip on backflip"],"gold_per_floor":[113,163,107,87,106,106,131,146,146,171,171,190,190,204,204,280,280,292,292,292],"floor_reached":19,"playtime":340,"items_purged":[],"score":404,"play_id":"34bc1183-a29d-4a0d-8fec-3e66ab95563e","local_time":"20201222194923","is_ascension_mode":true,"campfire_choices":[{"data":"Zap","floor":6.0,"key":"SMITH"},{"data":"Darkness","floor":11.0,"key":"SMITH"},{"data":"Dualcast","floor":13.0,"key":"SMITH"},{"floor":15.0,"key":"REST"}],"circlet_count":0,"master_deck":["AscendersBane","Strike_B","Strike_B","Strike_B","Defend_B","Defend_B","Defend_B","Zap+1","Dualcast+1","Cold Snap","Hologram","Go for the Eyes","Beam Cell","Darkness+1","Gash","Loop","Capacitor","Core Surge","Go for the Eyes+1"],"relics":["Cracked Core","NeowsBlessing","Blue Candle","Matryoshka","Shovel","Empty Cage"],"acts_visited":["Exordium","TheCity"],"potions_floor_usage":[16],"damage_taken":[{"damage":0.0,"enemies":"2 Louse","floor":1.0,"turns":1.0},{"damage":0.0,"enemies":"Cultist","floor":5.0,"turns":1.0},{"damage":0.0,"enemies":"Gremlin Nob","floor":7.0,"turns":1.0},{"damage":6.0,"enemies":"Small Slimes","floor":8.0,"turns":2.0},{"damage":10.0,"enemies":"Lagavulin","floor":10.0,"turns":6.0},{"damage":7.0,"enemies":"Looter","floor":12.0,"turns":3.0},{"damage":19.0,"enemies":"Gremlin Gang","floor":14.0,"turns":4.0},{"damage":23,"enemies":"Hexaghost","floor":16,"turns":6},{"damage":48,"enemies":"Chosen","floor":18,"turns":6},{"damage":0,"enemies":"2 Thieves","floor":19,"turns":1}],"seed_played":"6130435382726392086","potions_obtained":[{"floor":1.0,"key":"LiquidBronze"},{"floor":4.0,"key":"BlessingOfTheForge"},{"floor":12.0,"key":"BlessingOfTheForge"},{"floor":14.0,"key":"PowerPotion"}],"is_trial":false,"path_per_floor":["M","?","$","?","M","R","E","M","T","E","R","M","R","M","R","B",null,"M","M"],"character_chosen":"DEFECT","items_purchased":["Hologram"],"campfire_rested":1,"item_purchase_floors":[3],"current_hp_per_floor":[64,57,57,57,57,57,57,51,51,41,41,34,34,15,36,13,57,9,9,9],"gold":292,"neow_bonus":"THREE_ENEMY_KILL","is_daily":false,"chose_seed":false,"campfire_upgraded":3,"win_rate":0.0,"timestamp":1608634163,"path_taken":["M","?","?","?","M","R","E","M","T","E","R","?","R","M","R","BOSS","M","M"],"items_purchased_type":["Card"],"build_version":"2020-12-13","purchased_purges":0,"victory":false,"max_hp_per_floor":[71,71,71,71,71,71,71,71,71,71,71,71,71,71,71,71,71,71,71,71],"relic_stats":{"Shovel":0,"counters":[10,31],"Blue Candle":[0],"obtain_stats":[{"Matryoshka":9,"Shovel":10,"NeowsBlessing":0,"Blue Candle":7,"Cracked Core":0,"Empty Cage":17},{"Matryoshka":4,"Shovel":5,"NeowsBlessing":0,"Blue Candle":3,"Cracked Core":0,"Empty Cage":8},{"Matryoshka":5,"Shovel":11,"NeowsBlessing":0,"Blue Candle":3,"Cracked Core":0,"Empty Cage":24}]},"card_choices":[{"not_picked":["Storm","Stack"],"picked":"Cold Snap","floor":1.0},{"not_picked":["Conserve Battery","Consume"],"picked":"Go for the Eyes","floor":5.0},{"not_picked":["Heatsinks","Hyperbeam"],"picked":"Beam Cell","floor":7.0},{"not_picked":["Steam","Rip and Tear"],"picked":"Darkness","floor":8.0},{"not_picked":["Doom and Gloom","Double Energy"],"picked":"Gash","floor":10.0},{"not_picked":["Go for the Eyes","Conserve Battery"],"picked":"Loop","floor":12.0},{"not_picked":["Fusion","Aggregate"],"picked":"Capacitor","floor":14.0},{"not_picked":["Amplify","Machine Learning"],"picked":"Core Surge","floor":16},{"not_picked":["Force Field","Steam"],"picked":"Go for the Eyes+1","floor":18}],"player_experience":1697688,"relics_obtained":[{"floor":7.0,"key":"Blue Candle"},{"floor":9.0,"key":"Matryoshka"},{"floor":10.0,"key":"Shovel"}],"event_choices":[{"damage_healed":0.0,"max_hp_gain":0.0,"max_hp_loss":0.0,"gold_gain":50.0,"event_name":"FaceTrader","player_choice":"Touch","floor":2.0,"gold_loss":0.0,"damage_taken":7.0},{"damage_healed":0.0,"max_hp_gain":0.0,"max_hp_loss":0.0,"gold_gain":0.0,"event_name":"The Woman in Blue","player_choice":"Bought 1 Potion","floor":4.0,"gold_loss":0.0,"damage_taken":0.0}],"is_beta":false,"boss_relics":[{"not_picked":["Calling Bell","Snecko Eye"],"picked":"Empty Cage"}],"items_purged_floors":[],"is_endless":false,"potions_floor_spawned":[1,8,12,14],"killed_by":"2 Thieves","ascension_level":20}}