{"host":"llpusn9usp8rznkj","time":1608622214,"event":{"mods":["2.2 Compatiblity","Aspiration","BaseMod","Colored Map","Colored Powertips","Conspire","Hubris","Minty Spire (QoL Compilation)","Quick Restart","Rare Cards Sparkle","Replay The Spire","StSLib","The Cursed"],"gold_per_floor":[117,129,179,7,36,36,61,61,61,74,74,99,99,113,113,113,113],"floor_reached":16,"playtime":569,"items_purged":[],"score":216,"play_id":"c0e72243-3d65-43ef-8b12-03894a23eca9","local_time":"20201222023014","is_ascension_mode":true,"campfire_choices":[{"data":"ReplayTheSpireMod:Corrosion Curse","floor":6,"key":"SMITH"},{"data":"Bash","floor":8,"key":"SMITH"},{"data":"Thunderclap","floor":13,"key":"SMITH"},{"data":"Pommel Strike","floor":15,"key":"SMITH"}],"circlet_count":0,"master_deck":["AscendersBane","Strike_R","Strike_R","Strike_R","Strike_R","Strike_R","Defend_R","Defend_R","Defend_R","Defend_R","Bash+1","ReplayTheSpireMod:Corrosion Curse+1","Thunderclap+1","Flame Barrier+1","Panacea+1","Pommel Strike+1"],"relics":["Burning Blood","NeowsBlessing","Toy Ornithopter","Blood Vial","Matryoshka","Bird Faced Urn"],"acts_visited":["Exordium"],"potions_floor_usage":[7,10,12],"damage_taken":[{"damage":0.0,"enemies":"Jaw Worm","floor":1.0,"turns":1.0},{"damage":0.0,"enemies":"Cultist","floor":2.0,"turns":1.0},{"damage":0,"enemies":"conspire:MimicChest","floor":5,"turns":1},{"damage":21,"enemies":"Lagavulin","floor":7,"turns":7},{"damage":7,"enemies":"Small Slimes","floor":10,"turns":4},{"damage":45,"enemies":"3 Sentries","floor":12,"turns":7},{"damage":13,"enemies":"3 Louse","floor":14,"turns":3},{"damage":35,"enemies":"The Guardian","floor":16,"turns":6}],"seed_played":"9091624857191206304","potions_obtained":[{"floor":1.0,"key":"SteroidPotion"},{"floor":7,"key":"Adrenaline Potion"},{"floor":10,"key":"Swift Potion"},{"floor":12,"key":"SmokeBomb"}],"is_trial":false,"path_per_floor":["M","M","?","$","?","R","E","R","T","M","?","E","R","M","R","B"],"character_chosen":"IRONCLAD","items_purchased":["Flame Barrier+1","Panacea"],"campfire_rested":0,"item_purchase_floors":[4,4],"current_hp_per_floor":[74,75,68,68,74,74,62,62,62,68,68,36,36,31,31,0,0],"gold":113,"neow_bonus":"THREE_ENEMY_KILL","is_daily":false,"chose_seed":false,"campfire_upgraded":4,"win_rate":0.0,"timestamp":1608622214,"path_taken":["M","M","?","?","?","R","E","R","T","M","?","E","R","?","R","BOSS"],"items_purchased_type":["Card","Card"],"build_version":"2020-12-13","purchased_purges":0,"victory":false,"max_hp_per_floor":[75,75,75,75,75,75,75,75,75,75,75,75,75,75,75,75,75],"card_choices":[{"not_picked":["hubris:SharpeningStone","Cleave"],"picked":"ReplayTheSpireMod:Corrosion Curse","floor":1.0},{"not_picked":["Burning Pact","Searing Blow"],"picked":"Thunderclap","floor":2.0},{"not_picked":["Body Slam","Clothesline","Havoc"],"picked":"SKIP","floor":7},{"not_picked":["Seeing Red","Shockwave","Clothesline"],"picked":"SKIP","floor":10},{"not_picked":["Seeing Red","Shockwave","Clothesline"],"picked":"SKIP","floor":10},{"not_picked":["hubris:CleavingFinish","Rupture","Wild Strike"],"picked":"SKIP","floor":12},{"not_picked":["Clothesline","Bloodletting"],"picked":"Pommel Strike","floor":14}],"player_experience":1117677,"relics_obtained":[{"floor":5,"key":"Toy Ornithopter"},{"floor":7,"key":"Blood Vial"},{"floor":9,"key":"Matryoshka"},{"floor":12,"key":"Bird Faced Urn"}],"event_choices":[{"damage_healed":0,"gold_gain":50,"player_choice":"Touch","damage_taken":7,"max_hp_gain":0,"max_hp_loss":0,"event_name":"FaceTrader","floor":3,"gold_loss":0}],"is_beta":false,"boss_relics":[],"items_purged_floors":[],"is_endless":false,"potions_floor_spawned":[1,7,10,12],"killed_by":"The Guardian","ascension_level":20}}