{"host":"qxeepl7ydvsgmfdb","time":1608644532,"event":{"mods":["AchievementEnabler","BaseMod","Colored Powertips","Minty Spire (QoL Compilation)","Quick Restart","slay the spire mod where everything is the same but ironclad has a cowboy hat"],"gold_per_floor":[219,219,219,230,22,22,47,47,47,222,241,241,241],"floor_reached":12,"playtime":497,"items_purged":[],"score":91,"play_id":"5e1d8c2c-7d40-4ad9-ad4e-089bd0bcf532","local_time":"20201222084212","is_ascension_mode":true,"campfire_choices":[{"data":"Blur","floor":6,"key":"SMITH"},{"floor":8,"key":"REST"}],"circlet_count":0,"master_deck":["Strike_G","Strike_G","Strike_G","Strike_G","Strike_G","Defend_G","Defend_G","Defend_G","Defend_G","Defend_G","Survivor","Neutralize","Blur+1","Deflect","Slice","Doubt","Noxious Fumes"],"relics":["Ring of the Snake","Lantern","Darkstone Periapt","Nunchaku"],"acts_visited":["Exordium"],"potions_floor_usage":[7],"damage_taken":[{"damage":4,"enemies":"Small Slimes","floor":1,"turns":4},{"damage":0,"enemies":"Jaw Worm","floor":4,"turns":5},{"damage":48,"enemies":"Lagavulin","floor":7,"turns":12},{"damage":13,"enemies":"Cultist","floor":11,"turns":6},{"damage":92,"enemies":"Gremlin Nob","floor":12,"turns":6}],"seed_played":"8464374610494751202","potions_obtained":[{"floor":1,"key":"Fire Potion"},{"floor":7,"key":"FairyPotion"},{"floor":11,"key":"DuplicationPotion"}],"is_trial":false,"path_per_floor":["M","?","?","M","$","R","E","R","T","?","M","E"],"character_chosen":"THE_SILENT","items_purchased":["Lantern","Deflect"],"campfire_rested":1,"item_purchase_floors":[5,5],"current_hp_per_floor":[66,66,66,66,66,66,18,39,39,45,32,0,0],"gold":241,"neow_bonus":"HUNDRED_GOLD","is_daily":false,"chose_seed":false,"campfire_upgraded":1,"win_rate":0.0,"timestamp":1608644532,"path_taken":["M","?","?","M","$","R","E","R","T","?","?","E"],"items_purchased_type":["Relic","Card"],"build_version":"2020-12-13","purchased_purges":0,"victory":false,"max_hp_per_floor":[70,70,70,70,70,70,70,70,70,76,76,76,76],"card_choices":[{"not_picked":["Leg Sweep","Deflect","Sucker Punch"],"picked":"SKIP","floor":1},{"not_picked":["Escape Plan","Quick Slash"],"picked":"Blur","floor":4},{"not_picked":["Underhanded Strike","Prepared"],"picked":"Slice","floor":7},{"not_picked":["Acrobatics","Poisoned Stab"],"picked":"Noxious Fumes","floor":11}],"player_experience":307707,"relics_obtained":[{"floor":7,"key":"Darkstone Periapt"},{"floor":9,"key":"Nunchaku"}],"event_choices":[{"damage_healed":0,"gold_gain":0,"player_choice":"Leave","damage_taken":0,"max_hp_gain":0,"max_hp_loss":0,"event_name":"The Cleric","floor":2,"gold_loss":0},{"damage_healed":0,"gold_gain":0,"player_choice":"Ignored","damage_taken":0,"max_hp_gain":0,"max_hp_loss":0,"event_name":"Golden Wing","floor":3,"gold_loss":0},{"damage_healed":0,"gold_gain":175,"player_choice":"AGREE","damage_taken":0,"max_hp_gain":0,"max_hp_loss":0,"event_name":"Liars Game","floor":10,"gold_loss":0,"cards_obtained":["Doubt"]}],"is_beta":false,"boss_relics":[],"items_purged_floors":[],"is_endless":false,"potions_floor_spawned":[1,7,11],"killed_by":"Gremlin Nob","ascension_level":4}}