{"host":"y76clbnovzmw9ubx","time":1608600488,"event":{"mods":["AchievementEnabler","BaseMod","Minty Spire (QoL Compilation)","Permanent Neow","Relic Stats"],"gold_per_floor":[117,129,66,85,95,127,127,127,127,154,164,194,194,207,207,284,284,295,295,311,236,236,236,236,236],"floor_reached":24,"playtime":3411,"items_purged":[],"score":512,"play_id":"edab5144-a828-42fc-92f8-520cfaf25b35","local_time":"20201221202808","is_ascension_mode":true,"campfire_choices":[{"floor":8.0,"key":"REST"},{"floor":13,"key":"REST"},{"data":"Fire Breathing","floor":15,"key":"SMITH"},{"data":"Feed","floor":23,"key":"SMITH"}],"circlet_count":0,"master_deck":["AscendersBane","Strike_R+1","Strike_R+1","Strike_R+1","Strike_R+1","Defend_R+1","Defend_R+1","Defend_R+1","Defend_R+1","Bash","Twin Strike","True Grit","True Grit+1","Double Tap+1","Disarm","Inflame","Wild Strike","Fire Breathing+1","Feed+1","Pommel Strike"],"relics":["Burning Blood","Art of War","War Paint","Happy Flower","Shuriken","Busted Crown"],"acts_visited":["Exordium","TheCity"],"potions_floor_usage":[16,20],"damage_taken":[{"damage":2.0,"enemies":"Jaw Worm","floor":1.0,"turns":5.0},{"damage":1.0,"enemies":"Cultist","floor":2.0,"turns":3.0},{"damage":5.0,"enemies":"Small Slimes","floor":4.0,"turns":3.0},{"damage":4.0,"enemies":"3 Louse","floor":5.0,"turns":6.0},{"damage":44.0,"enemies":"Gremlin Nob","floor":6.0,"turns":5.0},{"damage":62.0,"enemies":"3 Sentries","floor":10.0,"turns":17.0},{"damage":4,"enemies":"Large Slime","floor":11,"turns":5},{"damage":4,"enemies":"Looter","floor":14,"turns":4},{"damage":0,"enemies":"Slime Boss","floor":16,"turns":6},{"damage":44,"enemies":"Shell Parasite","floor":18,"turns":6},{"damage":22,"enemies":"Spheric Guardian","floor":20,"turns":5},{"damage":42,"enemies":"Slavers","floor":24,"turns":3}],"seed_played":"-8346659513206281713","potions_obtained":[{"floor":5.0,"key":"Block Potion"},{"floor":7.0,"key":"Fruit Juice"},{"floor":7.0,"key":"Block Potion"},{"floor":11,"key":"CultistPotion"},{"floor":16,"key":"Regen Potion"},{"floor":18,"key":"ElixirPotion"}],"is_trial":false,"path_per_floor":["M","M","?","M","M","E","?","R","T","E","M","?","R","M","R","B",null,"M","?","M","?","?","R","E"],"character_chosen":"IRONCLAD","items_purchased":[],"campfire_rested":2,"item_purchase_floors":[],"current_hp_per_floor":[72,75,75,75,75,37,37,59,59,8,10,10,34,36,36,42,71,36,36,37,37,37,37,0,0],"gold":236,"neow_bonus":"RANDOM_COMMON_RELIC","is_daily":false,"chose_seed":false,"campfire_upgraded":2,"win_rate":0.0,"timestamp":1608600488,"path_taken":["M","M","?","M","M","E","?","R","T","E","?","?","R","M","R","BOSS","M","?","M","?","?","R","E"],"items_purchased_type":[],"build_version":"2020-12-13","purchased_purges":0,"victory":false,"max_hp_per_floor":[75,75,75,75,75,75,75,75,75,80,80,80,80,80,80,80,80,83,83,86,86,86,86,86,86],"relic_stats":{"Busted Crown":4,"Happy Flower":[15],"counters":[12,68],"Shuriken":[4],"Art of War":[7],"War Paint":["Double Tap","True Grit"],"obtain_stats":[{"Busted Crown":17,"Happy Flower":9,"Shuriken":10,"Art of War":0,"War Paint":6,"Burning Blood":0},{"Busted Crown":9,"Happy Flower":5,"Shuriken":6,"Art of War":0,"War Paint":5,"Burning Blood":0},{"Busted Crown":54,"Happy Flower":22,"Shuriken":39,"Art of War":0,"War Paint":22,"Burning Blood":0}],"Burning Blood":61},"card_choices":[{"not_picked":["Thunderclap","Warcry"],"picked":"Twin Strike","floor":1.0},{"not_picked":["Body Slam","Iron Wave"],"picked":"True Grit","floor":2.0},{"not_picked":["Warcry","Anger"],"picked":"True Grit","floor":4.0},{"not_picked":["Thunderclap","Sever Soul"],"picked":"Double Tap","floor":5.0},{"not_picked":["Havoc","Brutality"],"picked":"Disarm","floor":6.0},{"not_picked":["Infernal Blade","Limit Break"],"picked":"Inflame","floor":10.0},{"not_picked":["Flex","Metallicize"],"picked":"Wild Strike","floor":11},{"not_picked":["Shockwave","Entrench"],"picked":"Fire Breathing","floor":14},{"not_picked":["Corruption","Bludgeon"],"picked":"Feed","floor":16},{"not_picked":[],"picked":"Pommel Strike","floor":18},{"not_picked":["Searing Blow"],"picked":"SKIP","floor":20}],"player_experience":2944333,"relics_obtained":[{"floor":6.0,"key":"War Paint"},{"floor":9.0,"key":"Happy Flower"},{"floor":10.0,"key":"Shuriken"}],"event_choices":[{"damage_healed":0.0,"max_hp_gain":0.0,"max_hp_loss":0.0,"gold_gain":0.0,"event_name":"World of Goop","player_choice":"Left Gold","floor":3.0,"gold_loss":63.0,"damage_taken":0.0},{"damage_healed":0.0,"max_hp_gain":0.0,"max_hp_loss":0.0,"gold_gain":0.0,"event_name":"Lab","player_choice":"Got Potions","floor":7.0,"gold_loss":0.0,"damage_taken":0.0},{"damage_healed":0,"gold_gain":30,"player_choice":"Searched \u00271\u0027 times","damage_taken":0,"max_hp_gain":0,"max_hp_loss":0,"event_name":"Dead Adventurer","floor":12,"gold_loss":0},{"damage_healed":0,"gold_gain":0,"player_choice":"Ignored","damage_taken":0,"max_hp_gain":0,"max_hp_loss":0,"event_name":"The Mausoleum","floor":19,"gold_loss":0},{"cards_removed":["Strike_R"],"damage_healed":0,"gold_gain":0,"player_choice":"Gave Gold","damage_taken":0,"max_hp_gain":0,"max_hp_loss":0,"event_name":"Beggar","floor":21,"gold_loss":75},{"damage_healed":0,"gold_gain":0,"player_choice":"Simplicity","damage_taken":0,"max_hp_gain":0,"max_hp_loss":0,"event_name":"Back to Basics","floor":22,"gold_loss":0,"cards_upgraded":["Strike_R","Strike_R","Strike_R","Strike_R","Defend_R","Defend_R","Defend_R","Defend_R"]}],"is_beta":false,"boss_relics":[{"not_picked":["Velvet Choker","Pandora\u0027s Box"],"picked":"Busted Crown"}],"items_purged_floors":[],"is_endless":false,"potions_floor_spawned":[5,11,16,18],"killed_by":"Slavers","ascension_level":20}}