{"host":"3jpwrwmmgyabjceh","time":1608670837,"event":{"mods":["AchievementEnabler","BaseMod","Colored Map","Colored Powertips","Highlight Path","Minty Spire (QoL Compilation)","Quick Restart","StSLib"],"gold_per_floor":[114,131,131,56,66,66,66,76,76,92,92,117,117,141,141,262,262,287,300,26,0,0,31,31,49,49,64,64,64,85,134,134,265,265,280,280,304,22,36,67,82,82,82,82,415,415,73,86,86,86,86,86,9,39,39],"floor_reached":56,"playtime":1325,"items_purged":["Defend_P","MentalFortress","Strike_P","Defend_P"],"score":1405,"play_id":"b4119497-d7f6-4967-a175-e02dad254525","local_time":"20201223000037","is_ascension_mode":true,"campfire_choices":[{"floor":6,"key":"RECALL"},{"data":"PathToVictory","floor":13,"key":"SMITH"},{"data":"PathToVictory","floor":15,"key":"SMITH"},{"floor":24,"key":"REST"},{"floor":28,"key":"REST"},{"floor":32,"key":"REST"},{"data":"Strike_P","floor":42,"key":"PURGE"},{"data":"Vigilance","floor":44,"key":"PURGE"},{"data":"Defend_P","floor":46,"key":"PURGE"},{"data":"Defend_P","floor":49,"key":"PURGE"},{"data":"Secret Technique+1","floor":52,"key":"PURGE"}],"circlet_count":0,"master_deck":["PathToVictory+1","PathToVictory+1","ThirdEye+1","PathToVictory+1","Sanctity+1","EmptyBody+1","PathToVictory+1"],"relics":["PureWater","NeowsBlessing","Runic Pyramid","Mummified Hand","Calipers","Pen Nib","Busted Crown","Oddly Smooth Stone","Peace Pipe","Pantograph","Membership Card","InkBottle","War Paint","Kunai"],"acts_visited":["Exordium","TheCity","TheBeyond","TheEnding"],"potions_floor_usage":[12,14,16,33,40,50],"damage_taken":[{"damage":0,"enemies":"Small Slimes","floor":1,"turns":1},{"damage":0,"enemies":"2 Louse","floor":2,"turns":1},{"damage":0,"enemies":"Cultist","floor":5,"turns":1},{"damage":0,"enemies":"Exordium Wildlife","floor":8,"turns":5},{"damage":0,"enemies":"Blue Slaver","floor":10,"turns":5},{"damage":0,"enemies":"Large Slime","floor":12,"turns":3},{"damage":0,"enemies":"Looter","floor":14,"turns":2},{"damage":26,"enemies":"Hexaghost","floor":16,"turns":5},{"damage":11,"enemies":"Shell Parasite","floor":18,"turns":3},{"damage":11,"enemies":"Spheric Guardian","floor":19,"turns":5},{"damage":22,"enemies":"Book of Stabbing","floor":23,"turns":4},{"damage":17,"enemies":"Snake Plant","floor":25,"turns":2},{"damage":21,"enemies":"Centurion and Healer","floor":27,"turns":3},{"damage":1,"enemies":"Cultist and Chosen","floor":30,"turns":3},{"damage":41,"enemies":"Collector","floor":33,"turns":4},{"damage":0,"enemies":"Orb Walker","floor":35,"turns":2},{"damage":6,"enemies":"3 Shapes","floor":37,"turns":4},{"damage":0,"enemies":"Transient","floor":39,"turns":5},{"damage":0,"enemies":"Reptomancer","floor":40,"turns":4},{"damage":1,"enemies":"Writhing Mass","floor":41,"turns":2},{"damage":0,"enemies":"Spire Growth","floor":48,"turns":2},{"damage":8,"enemies":"Donu and Deca","floor":50,"turns":6},{"damage":8,"enemies":"Shield and Spear","floor":54,"turns":4},{"damage":101,"enemies":"The Heart","floor":55,"turns":6}],"seed_played":"-2306002537417089151","potions_obtained":[{"floor":5,"key":"Fire Potion"},{"floor":10,"key":"DuplicationPotion"},{"floor":14,"key":"DistilledChaos"},{"floor":30,"key":"Weak Potion"},{"floor":33,"key":"CultistPotion"},{"floor":35,"key":"Dexterity Potion"},{"floor":37,"key":"FairyPotion"},{"floor":39,"key":"SpeedPotion"}],"is_trial":false,"path_per_floor":["M","M","?","$","M","R","?","M","T","M","?","M","R","M","R","B",null,"M","M","$","?","?","E","R","M","T","M","R","?","M","T","R","B",null,"M","?","M","$","M","E","M","R","T","R","?","R","$","M","R","B",null,"R","$","E","B",null],"character_chosen":"WATCHER","items_purchased":["Secret Technique","Oddly Smooth Stone","Membership Card","InkBottle","War Paint"],"campfire_rested":3,"item_purchase_floors":[20,38,47,47,53],"current_hp_per_floor":[72,72,65,65,65,65,65,65,65,65,65,65,65,65,65,39,67,56,45,45,45,45,23,43,26,26,5,25,25,24,24,44,3,67,67,67,61,61,61,61,60,60,60,60,60,60,60,60,60,59,67,67,67,59,2],"gold":39,"neow_bonus":"THREE_ENEMY_KILL","is_daily":false,"chose_seed":false,"campfire_upgraded":2,"win_rate":0.0,"timestamp":1608670837,"path_taken":["M","M","?","$","M","R","?","?","T","M","?","M","R","M","R","BOSS","M","M","$","?","?","E","R","M","T","M","R","?","M","?","R","BOSS","M","?","M","$","M","E","?","R","T","R","?","R","?","M","R","BOSS","R","$","E","BOSS"],"items_purchased_type":["Card","Relic","Relic","Relic","Relic"],"build_version":"2020-12-13","purchased_purges":4,"victory":true,"max_hp_per_floor":[72,72,72,72,72,72,72,72,72,72,67,67,67,67,67,67,67,67,67,67,67,67,67,67,67,67,67,67,67,67,67,67,67,67,67,67,67,67,67,67,67,67,67,67,67,67,67,67,67,67,67,67,67,67,67],"card_choices":[{"not_picked":["SashWhip","Prostrate","Halt"],"picked":"SKIP","floor":1},{"not_picked":["Crescendo","Nirvana","Protect"],"picked":"SKIP","floor":2},{"not_picked":["Evaluate","FlurryOfBlows","Omniscience"],"picked":"SKIP","floor":5},{"not_picked":["JustLucky","Pray","CutThroughFate"],"picked":"SKIP","floor":8},{"not_picked":["Prostrate","BowlingBash","CutThroughFate"],"picked":"SKIP","floor":10},{"not_picked":["Halt","WreathOfFlame"],"picked":"PathToVictory","floor":12},{"not_picked":["Halt","Wallop"],"picked":"PathToVictory","floor":14},{"not_picked":["Protect+1","SashWhip+1"],"picked":"ThirdEye","floor":18},{"not_picked":["Evaluate+1","Wallop+1","InnerPeace+1"],"picked":"SKIP","floor":19},{"not_picked":["BattleHymn","DeusExMachina"],"picked":"PathToVictory+1","floor":23},{"not_picked":["FlyingSleeves","SignatureMove+1"],"picked":"Sanctity","floor":25},{"not_picked":["BowlingBash+1","FearNoEvil","SashWhip"],"picked":"SKIP","floor":27},{"not_picked":["Evaluate","Protect","Consecrate+1"],"picked":"SKIP","floor":30},{"not_picked":["JustLucky+1"],"picked":"SKIP","floor":35},{"not_picked":[],"picked":"EmptyBody+1","floor":37},{"not_picked":[],"picked":"PathToVictory+1","floor":39},{"not_picked":["Crescendo"],"picked":"SKIP","floor":40},{"not_picked":["BowlingBash+1"],"picked":"SKIP","floor":41},{"not_picked":["FlurryOfBlows"],"picked":"SKIP","floor":48},{"not_picked":["EmptyFist+1"],"picked":"SKIP","floor":54}],"player_experience":248333,"relics_obtained":[{"floor":23,"key":"Mummified Hand"},{"floor":26,"key":"Calipers"},{"floor":31,"key":"Pen Nib"},{"floor":40,"key":"Peace Pipe"},{"floor":43,"key":"Pantograph"},{"floor":54,"key":"Kunai"}],"event_choices":[{"cards_removed":["Strike_P"],"damage_healed":0,"gold_gain":0,"player_choice":"Card Removal","damage_taken":7,"max_hp_gain":0,"max_hp_loss":0,"event_name":"Golden Wing","floor":3,"gold_loss":0},{"damage_healed":0,"gold_gain":0,"cards_transformed":["Strike_P"],"player_choice":"Transformed","damage_taken":0,"max_hp_gain":0,"max_hp_loss":0,"event_name":"Transmorgrifier","floor":7,"gold_loss":0,"cards_obtained":["MentalFortress"]},{"damage_healed":0,"gold_gain":0,"player_choice":"Lose Max HP","damage_taken":0,"relics_obtained":["Golden Idol"],"max_hp_gain":0,"max_hp_loss":5,"event_name":"Golden Idol","floor":11,"gold_loss":0},{"damage_healed":0,"gold_gain":0,"player_choice":"Paid Fearfully","damage_taken":0,"max_hp_gain":0,"max_hp_loss":0,"event_name":"Masked Bandits","floor":21,"gold_loss":26},{"cards_removed":["Eruption"],"damage_healed":0,"gold_gain":0,"player_choice":"Elegance","damage_taken":0,"max_hp_gain":0,"max_hp_loss":0,"event_name":"Back to Basics","floor":22,"gold_loss":0},{"damage_healed":0,"gold_gain":0,"player_choice":"Ignored","damage_taken":0,"max_hp_gain":0,"max_hp_loss":0,"event_name":"Ghosts","floor":29,"gold_loss":0},{"damage_healed":0,"gold_gain":0,"player_choice":"Upgraded","damage_taken":0,"max_hp_gain":0,"max_hp_loss":0,"event_name":"Upgrade Shrine","floor":36,"gold_loss":0,"cards_upgraded":["Secret Technique"]},{"damage_healed":0,"gold_gain":333,"player_choice":"Gave Idol","damage_taken":0,"max_hp_gain":0,"max_hp_loss":0,"event_name":"The Moai Head","floor":45,"relics_lost":["Golden Idol"],"gold_loss":0}],"is_beta":false,"boss_relics":[{"not_picked":["VioletLotus","Snecko Eye"],"picked":"Runic Pyramid"},{"not_picked":["Astrolabe","SlaversCollar"],"picked":"Busted Crown"}],"items_purged_floors":[4,20,38,47],"is_endless":false,"potions_floor_spawned":[5,10,14,30,33,35,37,39],"ascension_level":2}}