{"host":"naykp6d9ulahlwib","time":1608672394,"event":{"mods":["BaseMod","Highlight Path","Minty Spire (QoL Compilation)","Shop Mod","StSLib"],"gold_per_floor":[109,125,138,63,83,111,111,11,56,73,120,120,120,130,130,205,205,220,310,144,160,176,176,192,192,192,172,192,107,126,16,16,16,16],"floor_reached":33,"playtime":2953,"items_purged":["Strike_P","Defend_P","Defend_P"],"score":461,"play_id":"b18b2f70-938b-4822-a63e-59b555dfe928","local_time":"20201222152634","is_ascension_mode":true,"campfire_choices":[{"floor":7.0,"key":"REST"},{"data":"Eruption","floor":12.0,"key":"SMITH"},{"floor":15.0,"key":"REST"},{"floor":23,"key":"REST"},{"floor":25,"key":"REST"},{"floor":32,"key":"REST"}],"circlet_count":0,"master_deck":["AscendersBane","Strike_P","Defend_P","Eruption+1","Vigilance","Conclude","ThirdEye","EmptyFist","ReachHeaven","Collect+1","SpiritShield","WaveOfTheHand","CarveReality","Halt"],"relics":["PureWater","Bottled Lightning","Akabeko","Oddly Smooth Stone","Sozu","Lantern","Toy Ornithopter"],"acts_visited":["Exordium","TheCity"],"potions_floor_usage":[],"damage_taken":[{"damage":2.0,"enemies":"Cultist","floor":1.0,"turns":3.0},{"damage":2.0,"enemies":"Jaw Worm","floor":2.0,"turns":3.0},{"damage":0.0,"enemies":"Small Slimes","floor":3.0,"turns":2.0},{"damage":20.0,"enemies":"Gremlin Gang","floor":5.0,"turns":3.0},{"damage":32.0,"enemies":"3 Sentries","floor":6.0,"turns":3.0},{"damage":0.0,"enemies":"2 Fungi Beasts","floor":10.0,"turns":2.0},{"damage":0.0,"enemies":"3 Louse","floor":14.0,"turns":1.0},{"damage":15.0,"enemies":"Hexaghost","floor":16.0,"turns":7.0},{"damage":4.0,"enemies":"Shell Parasite","floor":18.0,"turns":9.0},{"damage":4,"enemies":"3 Byrds","floor":21,"turns":5},{"damage":19,"enemies":"Snecko","floor":22,"turns":6},{"damage":30,"enemies":"Sentry and Sphere","floor":24,"turns":6},{"damage":47,"enemies":"Centurion and Healer","floor":28,"turns":4},{"damage":12,"enemies":"3 Cultists","floor":30,"turns":4},{"damage":144,"enemies":"Automaton","floor":33,"turns":6}],"seed_played":"2485290236003410958","potions_obtained":[{"floor":1.0,"key":"LiquidBronze"},{"floor":6.0,"key":"FairyPotion"},{"floor":16.0,"key":"FairyPotion"}],"is_trial":false,"path_per_floor":["M","M","M","$","M","E","R","$","T","M","T","R","?","M","R","B",null,"M","?","$","M","M","R","M","R","T","?","M","?","M","?","R","B"],"character_chosen":"WATCHER","items_purchased":["WaveOfTheHand"],"campfire_rested":5,"item_purchase_floors":[20],"current_hp_per_floor":[59,57,57,57,37,5,25,25,25,25,25,25,25,25,45,30,59,55,43,43,39,20,40,10,30,30,30,20,20,8,8,28,0,0],"gold":16,"neow_bonus":"REMOVE_CARD","is_daily":false,"chose_seed":false,"campfire_upgraded":1,"win_rate":0.0,"timestamp":1608672394,"path_taken":["M","M","M","$","M","E","R","?","T","M","?","R","?","?","R","BOSS","M","?","$","M","M","R","?","R","T","?","?","?","M","?","R","BOSS"],"items_purchased_type":["Card"],"build_version":"2020-12-13","purchased_purges":3,"victory":false,"max_hp_per_floor":[68,68,68,68,68,68,68,68,68,68,68,68,68,68,68,68,68,68,68,68,68,68,68,68,68,68,68,68,68,68,68,68,68,68],"card_choices":[{"not_picked":["Vengeance","Nirvana"],"picked":"Conclude","floor":1.0},{"not_picked":["Crescendo","Protect"],"picked":"ThirdEye","floor":2.0},{"not_picked":["EmptyBody","Consecrate"],"picked":"EmptyFist","floor":3.0},{"not_picked":["JustLucky","EmptyBody","SandsOfTime"],"picked":"SKIP","floor":5.0},{"not_picked":["FearNoEvil","PathToVictory","Study"],"picked":"SKIP","floor":6.0},{"not_picked":["Indignation","InnerPeace"],"picked":"ReachHeaven","floor":10.0},{"not_picked":["Adaptation","WreathOfFlame"],"picked":"Collect","floor":14.0},{"not_picked":["Omniscience","Brilliance"],"picked":"SpiritShield","floor":16.0},{"not_picked":["EmptyBody","FlyingSleeves","Evaluate"],"picked":"SKIP","floor":18.0},{"not_picked":["Crescendo","ClearTheMind","SashWhip"],"picked":"SKIP","floor":21},{"not_picked":["EmptyFist","Crescendo","Vengeance"],"picked":"SKIP","floor":22},{"not_picked":["EmptyBody","WreathOfFlame"],"picked":"CarveReality","floor":24},{"not_picked":["BowlingBash+1","ClearTheMind","Establishment"],"picked":"SKIP","floor":28},{"not_picked":["SignatureMove+1","SashWhip"],"picked":"Halt","floor":30}],"player_experience":870456,"relics_obtained":[{"floor":6.0,"key":"Bottled Lightning"},{"floor":9.0,"key":"Akabeko"},{"floor":11.0,"key":"Oddly Smooth Stone"},{"floor":26,"key":"Lantern"}],"event_choices":[{"cards_removed":["Strike_P"],"damage_healed":0.0,"max_hp_gain":0.0,"max_hp_loss":0.0,"gold_gain":0.0,"event_name":"Purifier","player_choice":"Purged","floor":13.0,"gold_loss":0.0,"damage_taken":0.0},{"damage_healed":0,"gold_gain":90,"player_choice":"GOLD ","damage_taken":12,"max_hp_gain":0,"max_hp_loss":0,"event_name":"Knowing Skull","floor":19,"potions_obtained":[],"gold_loss":0,"cards_obtained":[]},{"damage_healed":0,"gold_gain":0,"player_choice":"Bought 1 Potion","damage_taken":0,"max_hp_gain":0,"max_hp_loss":0,"event_name":"The Woman in Blue","floor":27,"gold_loss":0},{"damage_healed":0,"gold_gain":0,"player_choice":"Obtained Relic","damage_taken":0,"relics_obtained":["Toy Ornithopter"],"max_hp_gain":0,"max_hp_loss":0,"event_name":"Addict","floor":29,"gold_loss":85},{"cards_removed":["Defend_P"],"damage_healed":0,"gold_gain":0,"player_choice":"Upgrade and Remove","damage_taken":0,"max_hp_gain":0,"max_hp_loss":0,"event_name":"Designer","floor":31,"gold_loss":110,"cards_upgraded":["Collect"]}],"is_beta":false,"boss_relics":[{"not_picked":["Black Star","HolyWater"],"picked":"Sozu"}],"items_purged_floors":[4,8,20],"is_endless":false,"potions_floor_spawned":[1,6,16,22,24],"killed_by":"Automaton","ascension_level":17}}