{"host":"ctlqibkg0sskiu65","time":1608640834,"event":{"mods":["2.2 Compatiblity","AchievementEnabler","Aspiration","BaseMod","BetterRewards","Colored Map","Colored Powertips","Conspire","Downfall","Fiend Mod","Infinite Spire","Minty Spire (QoL Compilation)","Quick Restart","Replay The Spire","Shop Mod","StSLib","The Bladedancer","The Cursed","The Hierophant","The Jungle","The Kombatant","The Servant 0.9.4","TheBandit"],"gold_per_floor":[119,323,341,354,368,368,380,380,380,400,426,426,440,458,458,553,553,565,565,577,577,591,591,610,610,681,691,709,709,709,721,721,826,826,837,837,937,992,205,205,277,292,292,310,325,325,337,354,354,456,456,472,472,472,472,24,0,0],"floor_reached":57,"playtime":6316,"items_purged":["Strike_G","Strike_G","Strike_G"],"score":1191,"play_id":"388db7eb-dd80-4e30-8f68-d730d7c4b6d8","local_time":"20201222064034","is_ascension_mode":true,"campfire_choices":[{"data":"1","floor":6.0,"key":"LIFT"},{"floor":8.0,"key":"REST"},{"data":"Replay:Bag of Tricks","floor":12.0,"key":"SMITH"},{"floor":15.0,"key":"REST"},{"data":"2","floor":23.0,"key":"LIFT"},{"data":"infinitespire:Neurotoxin","floor":25.0,"key":"SMITH"},{"data":"3","floor":29.0,"key":"LIFT"},{"data":"Catalyst","floor":32.0,"key":"SMITH"},{"data":"infinitespire:FutureSight","floor":40.0,"key":"SMITH"},{"data":"Draining Mist","floor":40.0,"key":"SMITH"},{"floor":49.0,"key":"REST"}],"circlet_count":0,"master_deck":["Strike_G","Defend_G+1","Defend_G","Defend_G","Defend_G","Defend_G","Survivor","Neutralize","Replay:Poison Smokescreen","Replay:Bag of Tricks+1","ReplayTheSpireMod:Tripwire","Catalyst+1","Bane","Poisoned Stab","Deadly Poison","infinitespire:Neurotoxin+1","PiercingWail+1","Sneak Up+1","Slice+1","Backstab","Languid","Prepared+1","infinitespire:FutureSight+1","Draining Mist+1","Footwork","Footwork"],"relics":["Ring of the Snake","Girya","TwistedFunnel","Mercury Hourglass","aspiration:Lifesprig","conspire:SpecialSausage","ReplayTheSpireMod:Shallot","ReplayTheSpireMod:Ring of Collecting","Philosopher\u0027s Stone","Tingsha","conspire:GlowingRock","Orichalcum","Replay:Arrowhead","Replay:Lucky Slots","ReplayTheSpireMod:Ring of Addiction","SacredBark","Shuriken","White Beast Statue","Ring of Hypnosis","conspire:TopHat","Ring of Peace","Divine Protection","Replay:Baseball","Membership Card"],"acts_visited":["Exordium","Exordium","TheBeyond","Exordium"],"potions_floor_usage":[57,57],"damage_taken":[{"damage":0.0,"enemies":"conspire:RoseBush","floor":1.0,"turns":3.0},{"damage":2.0,"enemies":"infinitespire:Voidling","floor":3.0,"turns":4.0},{"damage":5.0,"enemies":"2 Louse","floor":4.0,"turns":3.0},{"damage":10.0,"enemies":"Exordium Wildlife","floor":5.0,"turns":6.0},{"damage":0.0,"enemies":"2 Fungi Beasts","floor":7.0,"turns":3.0},{"damage":0.0,"enemies":"conspire:2 RoseBushes","floor":10.0,"turns":4.0},{"damage":7.0,"enemies":"Lagavulin","floor":11.0,"turns":4.0},{"damage":0.0,"enemies":"Blue Slaver","floor":13.0,"turns":3.0},{"damage":0.0,"enemies":"Looter","floor":14.0,"turns":3.0},{"damage":27.0,"enemies":"Hexaghost","floor":16.0,"turns":9.0},{"damage":1.0,"enemies":"theJungle:GiantWrat","floor":18.0,"turns":4.0},{"damage":7.0,"enemies":"theJungle:Flameango_and_Byrd","floor":20.0,"turns":5.0},{"damage":4.0,"enemies":"theJungle:SlimyTreeVines","floor":22.0,"turns":4.0},{"damage":8.0,"enemies":"theJungle:Snecko_Cultist_And_Trap","floor":24.0,"turns":7.0},{"damage":0.0,"enemies":"theJungle:Lyon","floor":27.0,"turns":3.0},{"damage":0.0,"enemies":"theJungle:2_Snecko_Cultists","floor":28.0,"turns":2.0},{"damage":4.0,"enemies":"theJungle:SlimyTreeVines","floor":31.0,"turns":4.0},{"damage":4.0,"enemies":"theJungle:QueenSpyder","floor":33.0,"turns":5.0},{"damage":0.0,"enemies":"3 Shapes","floor":35.0,"turns":3.0},{"damage":5.0,"enemies":"infinitespire:Three Voidlings","floor":37.0,"turns":3.0},{"damage":4.0,"enemies":"Nightmare_Alpha","floor":37.0,"turns":5.0},{"damage":6.0,"enemies":"2 Orb Walkers","floor":38.0,"turns":4.0},{"damage":0.0,"enemies":"Orb Walker","floor":42.0,"turns":2.0},{"damage":8.0,"enemies":"3 Darklings","floor":44.0,"turns":3.0},{"damage":5.0,"enemies":"Maw","floor":45.0,"turns":5.0},{"damage":0.0,"enemies":"Sphere and 2 Shapes","floor":47.0,"turns":3.0},{"damage":1.0,"enemies":"4 Shapes","floor":48.0,"turns":4.0},{"damage":62.0,"enemies":"Awakened One","floor":50.0,"turns":12.0},{"damage":0.0,"enemies":"Cultist","floor":52.0,"turns":1.0},{"damage":54,"enemies":"Nightmare_Alpha","floor":57,"turns":4}],"seed_played":"-5148069788431983775","potions_obtained":[{"floor":1.0,"key":"Dexterity Potion"},{"floor":5.0,"key":"LifebloodPotion"},{"floor":7.0,"key":"Milkshake"},{"floor":11.0,"key":"conspire:TimeTravelPotion"},{"floor":13.0,"key":"champ:CounterPotion"},{"floor":16.0,"key":"Ancient Potion"},{"floor":18.0,"key":"Dexterity Potion"},{"floor":22.0,"key":"Explosive Potion"},{"floor":28.0,"key":"Ancient Potion"},{"floor":35.0,"key":"Swift Potion"},{"floor":41.0,"key":"FairyPotion"},{"floor":41.0,"key":"Energy Potion"},{"floor":42.0,"key":"DistilledChaos"},{"floor":45.0,"key":"LifebloodPotion"},{"floor":50.0,"key":"AttackPotion"},{"floor":52.0,"key":"Elixir"}],"is_trial":false,"path_per_floor":["M","?","M","M","M","R","M","R","T","M","E","R","M","M","R","B",null,"M","?","M","?","M","R","M","R","T","M","M","R","?","M","R","B",null,"M","?","?","?","$","R","T","M","T","M","M","?","M","M","R","B",null,"M","?","?","T","$","NM"],"character_chosen":"THE_SILENT","items_purchased":["TwistedFunnel","Orichalcum","Replay:Arrowhead","SpeedPotion","Replay:Lucky Slots","Replay:Baseball","Membership Card","SkillPotion"],"campfire_rested":3,"item_purchase_floors":[0,39,39,39,39,56,56,56],"current_hp_per_floor":[63,46,44,39,29,29,29,50,50,50,43,43,43,43,64,53,66,65,65,58,58,60,60,52,52,52,52,52,52,52,54,54,50,65,65,65,61,55,55,55,55,55,55,47,42,42,42,41,60,37,59,59,52,52,52,52,0,0],"gold":0,"neow_bonus":"","is_daily":false,"chose_seed":false,"campfire_upgraded":5,"win_rate":0.0,"timestamp":1608640834,"path_taken":["M","?","?","M","M","R","M","R","T","M","E","R","M","M","R","BOSS","M","?","M","?","M","R","M","R","T","M","M","R","?","M","R","BOSS","M","?","?","?","$","R","?","?","T","M","M","?","M","M","R","BOSS","M","?","?","?","$","NM"],"items_purchased_type":["Relic","Relic","Relic","Potion","Relic","Relic","Relic","Potion"],"build_version":"2020-12-13","purchased_purges":3,"victory":false,"max_hp_per_floor":[70,70,70,70,70,70,70,70,70,70,70,70,70,70,70,70,70,70,70,70,70,70,70,70,70,70,70,70,70,70,70,70,70,70,70,70,70,70,70,70,70,70,70,70,68,68,68,66,66,66,66,66,66,64,64,64,64,64],"card_choices":[{"not_picked":["Hidden Blade","Prepared"],"picked":"Replay:Poison Smokescreen","floor":1.0},{"not_picked":["Flying Knee","Terror"],"picked":"Replay:Bag of Tricks","floor":2.0},{"not_picked":["Setup","Quick Slash"],"picked":"ReplayTheSpireMod:Tripwire","floor":3.0},{"not_picked":["Calculated Gamble","Dodge and Roll","Blade Dance"],"picked":"SKIP","floor":4.0},{"not_picked":["Flying Knee","Deadly Poison"],"picked":"Catalyst","floor":5.0},{"not_picked":["Footwork","ReplayTheSpireMod:Scrap Shanks"],"picked":"Bane","floor":7.0},{"not_picked":["Blade Dance","Dagger Spray","Concentrate"],"picked":"SKIP","floor":10.0},{"not_picked":["PiercingWail","ReplayTheSpireMod:Scrap Shanks","Underhanded Strike"],"picked":"SKIP","floor":11.0},{"not_picked":["Outmaneuver","Hidden Blade"],"picked":"Poisoned Stab","floor":13.0},{"not_picked":["Dagger Throw","Quick Slash"],"picked":"Deadly Poison","floor":14.0},{"not_picked":["Malaise","Phantasmal Killer"],"picked":"infinitespire:Neurotoxin","floor":16.0},{"not_picked":["Concentrate+1","Leg Sweep"],"picked":"PiercingWail+1","floor":18.0},{"not_picked":["conspire:DoublingDagger","Blade Dance","Deflect"],"picked":"SKIP","floor":20.0},{"not_picked":["Dagger Spray","Flying Knee"],"picked":"Sneak Up+1","floor":22.0},{"not_picked":["Masterful Stab+1","Fluid Movement"],"picked":"Slice+1","floor":24.0},{"not_picked":["Predator","ReplayTheSpireMod:Exploit Weakness","Sneak Up+1"],"picked":"SKIP","floor":27.0},{"not_picked":["ReplayTheSpireMod:Speed Training","Expertise+1"],"picked":"Backstab","floor":28.0},{"not_picked":["Quick Slash","ReplayTheSpireMod:Exploit Weakness","Calculated Gamble"],"picked":"SKIP","floor":31.0},{"not_picked":["Sucker Punch+1","Blur"],"picked":"Prepared+1","floor":35.0},{"not_picked":["Replay:Fractal Strike","infinitespire:NeuralNetwork"],"picked":"infinitespire:FutureSight","floor":37.0},{"not_picked":["Escape Plan+1","Tactician"],"picked":"Draining Mist","floor":37.0},{"not_picked":["Dagger Spray","Reflex"],"picked":"Footwork","floor":42.0},{"not_picked":["Deflect","Tactician+1","ReplayTheSpireMod:Shiv Toss+1"],"picked":"SKIP","floor":44.0},{"not_picked":["Deflect+1","Underhanded Strike"],"picked":"Footwork","floor":45.0},{"not_picked":["Bane","Draining Mist","Malaise"],"picked":"SKIP","floor":47.0},{"not_picked":["Calculated Gamble","Dagger Throw","Outmaneuver"],"picked":"SKIP","floor":48.0},{"not_picked":["Escape Plan","Predator","Backflip"],"picked":"SKIP","floor":52.0}],"player_experience":159105,"relics_obtained":[{"floor":9.0,"key":"Mercury Hourglass"},{"floor":11.0,"key":"aspiration:Lifesprig"},{"floor":26.0,"key":"ReplayTheSpireMod:Shallot"},{"floor":30.0,"key":"ReplayTheSpireMod:Ring of Collecting"},{"floor":37.0,"key":"Tingsha"},{"floor":38.0,"key":"conspire:GlowingRock"},{"floor":41.0,"key":"ReplayTheSpireMod:Ring of Addiction"},{"floor":41.0,"key":"SacredBark"},{"floor":41.0,"key":"Shuriken"},{"floor":41.0,"key":"White Beast Statue"},{"floor":43.0,"key":"Ring of Hypnosis"},{"floor":43.0,"key":"conspire:TopHat"},{"floor":55.0,"key":"Ring of Peace"},{"floor":55.0,"key":"Divine Protection"}],"event_choices":[{"damage_healed":0.0,"max_hp_gain":0.0,"max_hp_loss":0.0,"gold_gain":0.0,"event_name":"conspire:Investor","player_choice":"Leave","floor":36.0,"gold_loss":0.0,"damage_taken":0.0},{"damage_healed":0.0,"max_hp_gain":0.0,"max_hp_loss":0.0,"gold_gain":0.0,"event_name":"Mysterious Sphere","player_choice":"Fight","floor":38.0,"gold_loss":0.0,"damage_taken":0.0},{"damage_healed":0.0,"max_hp_gain":0.0,"max_hp_loss":0.0,"gold_gain":0.0,"event_name":"Lab","player_choice":"Got Potions","floor":46.0,"gold_loss":0.0,"damage_taken":0.0},{"cards_removed":["Strike_G"],"damage_healed":0.0,"max_hp_gain":0.0,"max_hp_loss":0.0,"gold_gain":0.0,"event_name":"Golden Wing","player_choice":"Card Removal","floor":53.0,"gold_loss":0.0,"damage_taken":7.0}],"is_beta":false,"boss_relics":[{"not_picked":["aspiration:RitualDagger","Replay:Bronze Core"],"picked":"conspire:SpecialSausage"},{"not_picked":["Ring of Chaos","Velvet Choker"],"picked":"Philosopher\u0027s Stone"},{"not_picked":["Painkiller Herb","ReplayTheSpireMod:SealedPack","Snecko Eye"]}],"items_purged_floors":[0,39,56],"is_endless":true,"potions_floor_spawned":[1,5,7,11,13,16,18,20,22,28,35,42,44,45,47,48,50,52],"killed_by":"Nightmare_Alpha","ascension_level":7}}