{"host":"2e3z4r48quhw80cc","time":1608651470,"event":{"mods":["BaseMod","Minty Spire (QoL Compilation)","Quick Restart","StSLib","SuperFastMode"],"gold_per_floor":[118,78,94,108,108,108,137,62,89,89,122,134,147,162,162,264,264,247,247,247,147,158,188,188,199,199,209,219,144,161,161,161,264,264,276,292,77,89,166,166,178,196,222,249,263,98,98,114,114,114],"floor_reached":51,"playtime":11655,"items_purged":["Pain","Prepared"],"score":1160,"play_id":"0cf20a2c-3bd2-4c45-9e32-71044413cd45","local_time":"20201223003750","is_ascension_mode":true,"campfire_choices":[{"data":"Noxious Fumes","floor":6.0,"key":"SMITH"},{"data":"Tools of the Trade","floor":10.0,"key":"SMITH"},{"floor":15.0,"key":"REST"},{"data":"Malaise","floor":24.0,"key":"SMITH"},{"floor":32.0,"key":"REST"},{"floor":40.0,"key":"REST"},{"floor":47,"key":"REST"},{"data":"Bullet Time","floor":49,"key":"SMITH"}],"circlet_count":0,"master_deck":["AscendersBane","Strike_G","Strike_G","Strike_G","Defend_G","Defend_G","Defend_G","Defend_G","Survivor","Neutralize","Calculated Gamble","Blade Dance","Noxious Fumes+1","Tools of the Trade+1","Backstab","Footwork","Bullet Time+1","Well Laid Plans+1","Malaise+1","Bouncing Flask","Backflip+1","Acrobatics","Cloak And Dagger","Reflex","Magnetism"],"relics":["Ring of the Snake","WarpedTongs","Potion Belt","Strawberry","Blood Vial","Busted Crown","Lizard Tail","Thread and Needle","Nloth\u0027s Gift","HoveringKite","Toolbox","Centennial Puzzle","Oddly Smooth Stone"],"acts_visited":["Exordium","TheCity","TheBeyond"],"potions_floor_usage":[50,50,50],"damage_taken":[{"damage":0.0,"enemies":"Cultist","floor":1.0,"turns":1.0},{"damage":0.0,"enemies":"Jaw Worm","floor":3.0,"turns":1.0},{"damage":0.0,"enemies":"2 Louse","floor":4.0,"turns":1.0},{"damage":28.0,"enemies":"3 Sentries","floor":7.0,"turns":9.0},{"damage":28.0,"enemies":"Gremlin Nob","floor":11.0,"turns":4.0},{"damage":0.0,"enemies":"2 Fungi Beasts","floor":12.0,"turns":3.0},{"damage":0.0,"enemies":"3 Louse","floor":13.0,"turns":2.0},{"damage":3.0,"enemies":"Gremlin Gang","floor":14.0,"turns":3.0},{"damage":47.0,"enemies":"Slime Boss","floor":16.0,"turns":18.0},{"damage":20.0,"enemies":"2 Thieves","floor":18.0,"turns":4.0},{"damage":2.0,"enemies":"Spheric Guardian","floor":22.0,"turns":5.0},{"damage":5.0,"enemies":"Book of Stabbing","floor":23.0,"turns":7.0},{"damage":5.0,"enemies":"Centurion and Healer","floor":25.0,"turns":7.0},{"damage":1.0,"enemies":"Snecko","floor":27.0,"turns":7.0},{"damage":24.0,"enemies":"3 Cultists","floor":28.0,"turns":7.0},{"damage":0.0,"enemies":"Snake Plant","floor":30.0,"turns":5.0},{"damage":12.0,"enemies":"Collector","floor":33.0,"turns":11.0},{"damage":3.0,"enemies":"Orb Walker","floor":35.0,"turns":5.0},{"damage":15.0,"enemies":"3 Darklings","floor":36.0,"turns":8.0},{"damage":11.0,"enemies":"Sphere and 2 Shapes","floor":38.0,"turns":4.0},{"damage":14.0,"enemies":"Jaw Worm Horde","floor":39.0,"turns":6.0},{"damage":0.0,"enemies":"Writhing Mass","floor":41.0,"turns":7.0},{"damage":2.0,"enemies":"Maw","floor":42.0,"turns":8.0},{"damage":42.0,"enemies":"Reptomancer","floor":44.0,"turns":10.0},{"damage":4,"enemies":"Transient","floor":45,"turns":5},{"damage":0,"enemies":"3 Darklings","floor":48,"turns":5},{"damage":52,"enemies":"Donu and Deca","floor":50,"turns":11}],"seed_played":"3614819754050938726","potions_obtained":[{"floor":2.0,"key":"Fruit Juice"},{"floor":2.0,"key":"LiquidMemories"},{"floor":2.0,"key":"LiquidMemories"},{"floor":3.0,"key":"SteroidPotion"},{"floor":7.0,"key":"CunningPotion"},{"floor":14.0,"key":"Swift Potion"},{"floor":16.0,"key":"Dexterity Potion"},{"floor":25.0,"key":"Fruit Juice"},{"floor":30.0,"key":"CunningPotion"},{"floor":33.0,"key":"Dexterity Potion"},{"floor":35.0,"key":"Poison Potion"},{"floor":39.0,"key":"Dexterity Potion"},{"floor":41.0,"key":"EssenceOfSteel"}],"is_trial":false,"path_per_floor":["M","?","M","M","?","R","E","$","T","R","E","M","M","M","R","B",null,"M","?","?","$","M","E","R","M","T","M","M","?","M","?","R","B",null,"M","M","$","M","M","R","M","M","T","E","M","$","R","M","R","B",null],"character_chosen":"THE_SILENT","items_purchased":["Reflex","Toolbox","Magnetism"],"campfire_rested":4,"item_purchase_floors":[37,37,46],"current_hp_per_floor":[63,68,68,68,68,68,40,40,47,47,19,21,23,22,46,1,62,44,44,44,44,44,41,41,38,38,44,22,22,24,24,50,40,75,74,61,61,52,40,66,68,68,68,28,26,26,52,54,54,4],"gold":114,"neow_bonus":"THREE_ENEMY_KILL","is_daily":false,"chose_seed":false,"campfire_upgraded":4,"win_rate":0.0,"timestamp":1608651470,"path_taken":["M","?","M","?","?","R","E","?","T","R","E","M","M","M","R","BOSS","M","?","?","$","M","E","R","M","T","M","M","?","M","?","R","BOSS","M","M","$","M","?","R","M","M","T","E","M","$","R","M","R","BOSS"],"items_purchased_type":["Card","Relic","Card"],"build_version":"2020-12-13","purchased_purges":2,"victory":true,"max_hp_per_floor":[70,75,75,75,75,75,75,75,82,82,82,82,82,82,82,82,82,82,82,82,82,82,82,82,82,82,87,87,87,87,87,87,87,87,87,87,87,87,87,87,87,87,87,87,87,87,87,87,87,87],"card_choices":[{"not_picked":["Sucker Punch","Flechettes"],"picked":"Calculated Gamble","floor":1.0},{"not_picked":["Bane","Leg Sweep"],"picked":"Blade Dance","floor":3.0},{"not_picked":["Bane","Dagger Spray"],"picked":"Noxious Fumes","floor":4.0},{"not_picked":["All Out Attack","Blade Dance"],"picked":"Tools of the Trade","floor":7.0},{"not_picked":["Setup","Quick Slash","Dodge and Roll"],"picked":"SKIP","floor":11.0},{"not_picked":["Eviscerate","Deflect"],"picked":"Backstab","floor":12.0},{"not_picked":["Calculated Gamble","Bane"],"picked":"Footwork","floor":13.0},{"not_picked":["Blade Dance","Expertise","Grand Finale"],"picked":"SKIP","floor":14.0},{"not_picked":["Wraith Form v2","A Thousand Cuts"],"picked":"Bullet Time","floor":16.0},{"not_picked":[],"picked":"Well Laid Plans+1","floor":18.0},{"not_picked":[],"picked":"Backflip+1","floor":22.0},{"not_picked":[],"picked":"Acrobatics","floor":23.0},{"not_picked":["Backflip+1"],"picked":"SKIP","floor":25.0},{"not_picked":["Backflip+1"],"picked":"SKIP","floor":27.0},{"not_picked":["Flying Knee"],"picked":"SKIP","floor":28.0},{"not_picked":["Underhanded Strike"],"picked":"SKIP","floor":30.0},{"not_picked":[],"picked":"Cloak And Dagger","floor":35.0},{"not_picked":["Acrobatics+1"],"picked":"SKIP","floor":36.0},{"not_picked":["Poisoned Stab"],"picked":"SKIP","floor":38.0},{"not_picked":["Expertise"],"picked":"SKIP","floor":39.0},{"not_picked":["Riddle With Holes"],"picked":"SKIP","floor":41.0},{"not_picked":["Dodge and Roll+1"],"picked":"SKIP","floor":42.0},{"not_picked":["Flechettes"],"picked":"SKIP","floor":44.0},{"not_picked":["Dagger Throw"],"picked":"SKIP","floor":45},{"not_picked":["Flechettes+1"],"picked":"SKIP","floor":48}],"player_experience":59353,"relics_obtained":[{"floor":7.0,"key":"Potion Belt"},{"floor":9.0,"key":"Strawberry"},{"floor":11.0,"key":"Blood Vial"},{"floor":23.0,"key":"Lizard Tail"},{"floor":26.0,"key":"Thread and Needle"},{"floor":43.0,"key":"Centennial Puzzle"},{"floor":44.0,"key":"Oddly Smooth Stone"}],"event_choices":[{"damage_healed":0.0,"max_hp_gain":0.0,"max_hp_loss":0.0,"gold_gain":0.0,"event_name":"The Woman in Blue","player_choice":"Bought 3 Potions","floor":2.0,"gold_loss":0.0,"damage_taken":0.0},{"damage_healed":0.0,"max_hp_gain":0.0,"max_hp_loss":0.0,"gold_gain":0.0,"event_name":"Accursed Blacksmith","player_choice":"Rummage","floor":5.0,"gold_loss":0.0,"damage_taken":0.0,"relics_obtained":["WarpedTongs"],"cards_obtained":["Pain"]},{"damage_healed":0.0,"max_hp_gain":0.0,"max_hp_loss":0.0,"gold_gain":0.0,"cards_transformed":["Strike_G","Strike_G"],"event_name":"Drug Dealer","player_choice":"Became Test Subject","floor":19.0,"gold_loss":0.0,"damage_taken":0.0,"cards_obtained":["Prepared","Malaise"]},{"damage_healed":0.0,"max_hp_gain":0.0,"max_hp_loss":0.0,"gold_gain":0.0,"event_name":"The Library","player_choice":"Read","floor":20.0,"gold_loss":0.0,"damage_taken":0.0,"cards_obtained":["Bouncing Flask"]},{"cards_removed":["Defend_G"],"damage_healed":0.0,"max_hp_gain":0.0,"max_hp_loss":0.0,"gold_gain":0.0,"event_name":"Beggar","player_choice":"Gave Gold","floor":29.0,"gold_loss":75.0,"damage_taken":0.0},{"damage_healed":0.0,"max_hp_gain":0.0,"max_hp_loss":0.0,"gold_gain":0.0,"event_name":"N\u0027loth","player_choice":"Traded Relic","floor":31.0,"relics_lost":["NeowsBlessing"],"gold_loss":0.0,"damage_taken":0.0,"relics_obtained":["Nloth\u0027s Gift"]}],"is_beta":false,"boss_relics":[{"not_picked":["Velvet Choker","Philosopher\u0027s Stone"],"picked":"Busted Crown"},{"not_picked":["Black Star","Pandora\u0027s Box"],"picked":"HoveringKite"}],"items_purged_floors":[8,21],"is_endless":false,"potions_floor_spawned":[3,7,14,16,25,30,33,35,39,41],"ascension_level":10}}