{"host":"sdjng9zhqonqi3uc","time":1608664552,"event":{"mods":["2.2 Compatiblity","AchievementEnabler","BaseMod","BetterRewards","Colored Powertips","Hero for Fun","Minty Spire (QoL Compilation)","StSLib","Td1madao Mod","The Animator","The Cursed","The Servant 0.9.4"],"gold_per_floor":[111,121,121,139,139,167,167,197,222,240,257,282,292,292,292,400,400,427,462,307,307,333,333,248,260,272,320,350,385,397,429,441,565,577,607,673,380,380,380,419,419,419,471,571,592,283,283,308,308,316,316],"floor_reached":50,"playtime":5331,"items_purged":["Regret"],"score":567,"play_id":"4479c914-cfe3-4df5-b46a-1810497ba0b2","local_time":"20201222201552","is_ascension_mode":false,"campfire_choices":[{"data":"animator:Entoma","floor":7,"key":"SMITH"},{"data":"animator:Benimaru","floor":15,"key":"SMITH"},{"data":"animator:Greed","floor":23,"key":"SMITH"},{"data":"animator:Benimaru","floor":25,"key":"SMITH"},{"data":"animator:DolaSchwi","floor":30,"key":"SMITH"},{"data":"animator:Wiz","floor":32,"key":"SMITH"},{"data":"animator:Lelouch","floor":42,"key":"SMITH"},{"data":"animator:Hans","floor":49,"key":"SMITH"}],"circlet_count":0,"master_deck":["animator:Kazuma","animator:Aqua","animator:Hakurou","animator:Benimaru+1","animator:Sloth","animator:Entoma+5","animator:Chris","animator:Benimaru+1","animator:IzunaHatsuse","animator:Megumin+6","animator:NarberalGamma","animator:Envy","animator:RinTohsaka","animator:DwarfShaman","animator:Mitsuba","animator:Wiz+1","animator:RoyMustang","animator:LizardPriest+1","animator:Vanir","animator:Kaijin","animator:Greed+1","animator:SakuraMatou","animator:Verdia+1","animator:Shion+1","animator:DolaSchwi+1","animator:Pride+1","animator:Yoichi","animator:Ainz","animator:Shuna","animator:DolaRiku+1","animator:Hans+1","animator:Lelouch+1","animator:PandorasActor+1","animator:Jibril","animator:Millim"],"relics":["animator:LivingPicture","animator:TheMissingPiece","animator:PurgingStone","NeowsBlessing","Blue Candle","Charon\u0027s Ashes","animator:WornHelmet","Eternal Feather","Pandora\u0027s Box","Red Mask","MawBank","Gambling Chip","Bronze Scales","Velvet Choker","WingedGreaves","Medical Kit","Akabeko","Ornamental Fan","War Paint","animator:AlchemistGlove"],"acts_visited":["Exordium","TheCity","TheBeyond"],"potions_floor_usage":[6,6,12,16,16,27,28,33,48,50],"damage_taken":[{"damage":0,"enemies":"Cultist","floor":1,"turns":1},{"damage":0,"enemies":"Small Slimes","floor":2,"turns":1},{"damage":1,"enemies":"Jaw Worm","floor":4,"turns":1},{"damage":27,"enemies":"Lagavulin","floor":6,"turns":6},{"damage":6,"enemies":"2 Fungi Beasts","floor":8,"turns":4},{"damage":9,"enemies":"Looter","floor":10,"turns":3},{"damage":6,"enemies":"3 Louse","floor":11,"turns":3},{"damage":0,"enemies":"Large Slime","floor":12,"turns":5},{"damage":6,"enemies":"Looter","floor":13,"turns":3},{"damage":9,"enemies":"Hexaghost","floor":16,"turns":8},{"damage":3,"enemies":"Spheric Guardian","floor":18,"turns":3},{"damage":20,"enemies":"Masked Bandits","floor":19,"turns":3},{"damage":18,"enemies":"Shell Parasite","floor":22,"turns":5},{"damage":37,"enemies":"Slavers","floor":27,"turns":5},{"damage":0,"enemies":"Snake Plant","floor":28,"turns":3},{"damage":3,"enemies":"Centurion and Healer","floor":29,"turns":8},{"damage":0,"enemies":"Shelled Parasite and Fungi","floor":31,"turns":4},{"damage":38,"enemies":"Champ","floor":33,"turns":10},{"damage":6,"enemies":"Orb Walker","floor":35,"turns":3},{"damage":0,"enemies":"Mind Bloom Boss Battle","floor":36,"turns":6},{"damage":37,"enemies":"Nemesis","floor":40,"turns":7},{"damage":9,"enemies":"3 Shapes","floor":45,"turns":4},{"damage":11,"enemies":"Maw","floor":48,"turns":6},{"damage":75,"enemies":"Donu and Deca","floor":50,"turns":8}],"seed_played":"-4088930281747963086","potions_obtained":[{"floor":1,"key":"GamblersBrew"},{"floor":2,"key":"DistilledChaos"},{"floor":5,"key":"LiquidMemories"},{"floor":6,"key":"Regen Potion"},{"floor":12,"key":"Energy Potion"},{"floor":13,"key":"Dexterity Potion"},{"floor":22,"key":"Regen Potion"},{"floor":27,"key":"Dexterity Potion"},{"floor":29,"key":"Energy Potion"},{"floor":40,"key":"GamblersBrew"}],"is_trial":false,"path_per_floor":["M","M","?","M","?","E","R","M","T","M","M","M","M","T","R","B",null,"M","?","$","?","M","R","?","R","T","E","M","M","R","M","R","B",null,"M","?","$","?","?","E","T","R","T","?","M","$","?","M","R","B"],"character_chosen":"THE_ANIMATOR","items_purchased":["animator:Greed","animator:Hans","Medical Kit","animator:AlchemistGlove"],"campfire_rested":0,"item_purchase_floors":[20,37,37,46],"current_hp_per_floor":[66,66,66,65,65,40,40,38,38,33,31,39,37,37,49,42,75,72,54,54,54,38,50,50,62,62,39,41,40,55,57,72,36,75,69,69,69,69,69,34,34,52,52,52,43,43,40,31,52,0,0],"gold":316,"neow_bonus":"THREE_ENEMY_KILL","is_daily":false,"chose_seed":false,"campfire_upgraded":8,"win_rate":0.0,"timestamp":1608664552,"path_taken":["M","M","?","M","?","E","R","M","T","?","M","M","M","?","R","BOSS","M","?","$","?","M","R","?","R","T","E","M","M","R","M","R","BOSS","M","?","$","?","?","E","?","R","T","?","?","?","?","M","R","BOSS"],"items_purchased_type":["Card","Card","Relic","Relic"],"build_version":"2020-12-13","purchased_purges":1,"victory":false,"max_hp_per_floor":[66,66,66,66,66,66,66,68,68,70,72,73,75,75,75,75,75,75,75,75,75,75,75,75,75,75,75,75,75,75,75,75,75,75,75,75,75,75,75,75,75,75,75,75,75,75,75,75,75,75,75],"card_choices":[{"not_picked":["animator:Alexander","animator:ShinjiMatou"],"picked":"animator:Hakurou","floor":1},{"not_picked":["animator:Ara","animator:Vesta"],"picked":"animator:Benimaru","floor":2},{"not_picked":["animator:ChlammyZell","animator:Yoichi"],"picked":"animator:Sloth","floor":4},{"not_picked":["animator:Cocytus","animator:Demiurge"],"picked":"animator:Entoma","floor":6},{"not_picked":["animator:Priestess","animator:IzunaHatsuse"],"picked":"animator:Chris","floor":8},{"not_picked":["animator:Spearman","animator:ElricAlphonse"],"picked":"animator:Benimaru","floor":10},{"not_picked":["animator:Aisha","animator:Tet"],"picked":"animator:IzunaHatsuse","floor":11},{"not_picked":["animator:Darkness","animator:Chris"],"picked":"animator:Megumin","floor":12},{"not_picked":["animator:Assassin","animator:Hakurou"],"picked":"animator:NarberalGamma","floor":13},{"not_picked":["animator:Albedo","animator:Father"],"picked":"animator:Envy","floor":16},{"not_picked":["animator:Caster","animator:HighElfArcher"],"picked":"animator:Vanir","floor":18},{"not_picked":["animator:Illya","animator:Evileye"],"picked":"animator:Kaijin","floor":19},{"not_picked":["animator:Priestess","animator:ElricEdward"],"picked":"animator:Shion+1","floor":22},{"not_picked":["animator:Shion","animator:Kaijin"],"picked":"animator:Shuna","floor":27},{"not_picked":["animator:Vesta","animator:ElricAlphonse"],"picked":"animator:DolaSchwi","floor":28},{"not_picked":["animator:Vesta","animator:Rider"],"picked":"animator:Pride+1","floor":29},{"not_picked":["animator:ElricEdward","animator:Sloth"],"picked":"animator:Yoichi","floor":31},{"not_picked":["animator:Guren","animator:Hans"],"picked":"animator:Ainz","floor":33},{"not_picked":["animator:Shion","animator:Vesta"],"picked":"animator:Shuna","floor":35},{"not_picked":["animator:Cocytus","animator:Caster+1"],"picked":"animator:DolaRiku+1","floor":36},{"not_picked":["animator:Canti","animator:HououinKyouma"],"picked":"animator:Lelouch","floor":39},{"not_picked":["animator:Aqua+1","animator:Scar"],"picked":"animator:PandorasActor+1","floor":40},{"not_picked":["animator:ElricEdward+1","animator:FielNirvalen"],"picked":"animator:Jibril","floor":45},{"not_picked":["animator:DwarfShaman+1","animator:Jibril"],"picked":"animator:Millim","floor":48}],"player_experience":207252,"relics_obtained":[{"floor":6,"key":"Charon\u0027s Ashes"},{"floor":9,"key":"animator:WornHelmet"},{"floor":14,"key":"Eternal Feather"},{"floor":19,"key":"Red Mask"},{"floor":26,"key":"Gambling Chip"},{"floor":27,"key":"Bronze Scales"},{"floor":36,"key":"WingedGreaves"},{"floor":40,"key":"Akabeko"},{"floor":41,"key":"Ornamental Fan"},{"floor":43,"key":"War Paint"}],"event_choices":[{"damage_healed":0,"gold_gain":0,"player_choice":"Box","damage_taken":0,"relics_obtained":["Blue Candle"],"max_hp_gain":0,"max_hp_loss":0,"event_name":"Big Fish","floor":3,"gold_loss":0,"cards_obtained":["Regret"]},{"damage_healed":0,"gold_gain":0,"player_choice":"Got Potions","damage_taken":0,"max_hp_gain":0,"max_hp_loss":0,"event_name":"Lab","floor":5,"gold_loss":0},{"damage_healed":0,"gold_gain":0,"player_choice":"Fought Bandits","damage_taken":0,"max_hp_gain":0,"max_hp_loss":0,"event_name":"Masked Bandits","floor":19,"gold_loss":0},{"damage_healed":0,"gold_gain":0,"cards_transformed":["animator:Assassin","animator:Assassin"],"player_choice":"Became Test Subject","damage_taken":0,"max_hp_gain":0,"max_hp_loss":0,"event_name":"Drug Dealer","floor":21,"gold_loss":0,"cards_obtained":["animator:SakuraMatou","animator:Verdia"]},{"damage_healed":0,"gold_gain":0,"player_choice":"Obtained Relic","damage_taken":0,"relics_obtained":["MawBank"],"max_hp_gain":0,"max_hp_loss":0,"event_name":"Addict","floor":24,"gold_loss":85},{"damage_healed":0,"gold_gain":0,"player_choice":"Fight","damage_taken":0,"max_hp_gain":0,"max_hp_loss":0,"event_name":"MindBloom","floor":36,"gold_loss":0},{"cards_removed":["animator:Shuna"],"damage_healed":0,"gold_gain":0,"player_choice":"Removed Skill","damage_taken":0,"max_hp_gain":0,"max_hp_loss":0,"event_name":"Falling","floor":38,"gold_loss":0},{"damage_healed":0,"gold_gain":0,"player_choice":"Memory 1","damage_taken":0,"max_hp_gain":0,"max_hp_loss":0,"event_name":"SensoryStone","floor":39,"gold_loss":0},{"damage_healed":0,"gold_gain":100,"player_choice":"Pray","damage_taken":0,"max_hp_gain":0,"max_hp_loss":0,"event_name":"Golden Shrine","floor":44,"gold_loss":0},{"damage_healed":0,"gold_gain":0,"player_choice":"Punched","damage_taken":3,"max_hp_gain":0,"max_hp_loss":0,"event_name":"Designer","floor":47,"gold_loss":0}],"is_beta":false,"boss_relics":[{"not_picked":["SacredBark","Philosopher\u0027s Stone"],"picked":"Pandora\u0027s Box"},{"not_picked":["Empty Cage","animator:RacePiece"],"picked":"Velvet Choker"}],"items_purged_floors":[20],"is_endless":false,"potions_floor_spawned":[1,2,6,12,13,22,27,29,40],"killed_by":"Donu and Deca","ascension_level":0}}