{"host":"gj32n68c553yo87c","time":1608595880,"event":{"mods":["BaseMod","Downfall","Minty Spire (QoL Compilation)","Replay The Spire","StSLib","The Hierophant"],"gold_per_floor":[118,118,118,133,133,168,179,198,222,222,255,254,246,262,262,326,326,328,243,242,167,166,166,190,176,199,199,199,199,198,196,196,196,196],"floor_reached":33,"playtime":1832,"items_purged":["hierophant:Strike_Hierophant"],"score":286,"play_id":"98c18fab-ffbc-47e4-a0bf-0aeadc5446f3","local_time":"20201221161120","is_ascension_mode":false,"campfire_choices":[{"data":"hierophant:Glossolalia","floor":10.0,"key":"SMITH"},{"floor":15.0,"key":"REST"},{"data":"hierophant:Kindle","floor":23,"key":"SMITH"},{"data":"hierophant:Exaltation","floor":27,"key":"SMITH"},{"data":"hierophant:Chorus","floor":27,"key":"SMITH"},{"data":"hierophant:ChurchCoffers","floor":29,"key":"SMITH"},{"data":"hierophant:FieryStrike","floor":29,"key":"SMITH"},{"data":"hierophant:FieryStrike","floor":32,"key":"SMITH"},{"data":"hierophant:FlamingChariot","floor":32,"key":"SMITH"}],"circlet_count":0,"master_deck":["hierophant:Strike_Hierophant","hierophant:Strike_Hierophant","hierophant:Punish","hierophant:Defend_Hierophant","hierophant:Defend_Hierophant","hierophant:Defend_Hierophant","hierophant:Defend_Hierophant","hierophant:ChurchCoffers+1","hierophant:FieryStrike+1","hierophant:Glossolalia+1","hierophant:FlamingChariot+1","hierophant:FieryStrike+1","hierophant:Chorus+1","hierophant:FlamingChariot","hierophant:Kindle+1","ReplayTheSpireMod:Splinters","hierophant:Exaltation+1"],"relics":["hierophant:PropheticMaskRelic","NeowsBlessing","Strawberry","Anchor","Simple Rune","Coffee Dripper","Bag of Preparation","Replay:Arrowhead","Blue Doll"],"acts_visited":["Exordium","TheCity"],"potions_floor_usage":[18,22],"damage_taken":[{"damage":0.0,"enemies":"2 Louse","floor":1.0,"turns":1.0},{"damage":0.0,"enemies":"Jaw Worm","floor":4.0,"turns":1.0},{"damage":0.0,"enemies":"Lagavulin","floor":6.0,"turns":1.0},{"damage":5.0,"enemies":"Small Slimes","floor":7.0,"turns":3.0},{"damage":3.0,"enemies":"Exordium Wildlife","floor":8.0,"turns":3.0},{"damage":19.0,"enemies":"Replay:BlueRogue","floor":11.0,"turns":5.0},{"damage":0.0,"enemies":"2 Fungi Beasts","floor":12.0,"turns":1.0},{"damage":0.0,"enemies":"Looter","floor":13.0,"turns":2.0},{"damage":0.0,"enemies":"Exordium Wildlife","floor":14.0,"turns":2.0},{"damage":19.0,"enemies":"Fading Forest","floor":16.0,"turns":11.0},{"damage":22,"enemies":"3 Byrds","floor":18,"turns":5},{"damage":0,"enemies":"2 Thieves","floor":20,"turns":2},{"damage":21,"enemies":"3 Cultists","floor":22,"turns":4},{"damage":4,"enemies":"Snecko","floor":25,"turns":4},{"damage":11,"enemies":"Snake Plant","floor":30,"turns":2},{"damage":7,"enemies":"Centurion and Healer","floor":31,"turns":3},{"damage":22,"enemies":"Pondfish","floor":33,"turns":4}],"seed_played":"-8676440224011811289","potions_obtained":[{"floor":4.0,"key":"Fruit Juice"},{"floor":6.0,"key":"Swift Potion"},{"floor":7.0,"key":"AttackPotion"},{"floor":8.0,"key":"Strength Potion"},{"floor":13.0,"key":"Explosive Potion"},{"floor":20,"key":"Energy Potion"},{"floor":22,"key":"BlessingOfTheForge"}],"is_trial":false,"path_per_floor":["M","?","?","M","?","E","M","M","T","R","E","M","M","M","R","B",null,"M","?","M","$","M","R","?","M","T","R","?","R","M","M","R","B"],"character_chosen":"HIEROPHANT","items_purchased":[],"campfire_rested":1,"item_purchase_floors":[],"current_hp_per_floor":[75,75,60,60,60,67,62,64,64,64,45,45,45,45,71,52,87,65,65,65,65,44,44,44,40,40,40,40,40,29,22,22,0,0],"gold":196,"neow_bonus":"THREE_ENEMY_KILL","is_daily":false,"chose_seed":false,"campfire_upgraded":8,"win_rate":0.0,"timestamp":1608595880,"path_taken":["M","?","?","M","?","E","M","M","T","R","E","M","M","M","R","BOSS","M","?","M","$","M","R","?","M","T","R","?","R","M","M","R","BOSS"],"items_purchased_type":[],"build_version":"2020-12-13","purchased_purges":1,"victory":false,"max_hp_per_floor":[75,75,75,75,75,82,82,87,87,87,87,87,87,87,87,87,87,87,87,87,87,87,87,87,87,87,87,87,87,87,87,87,87,87],"card_choices":[{"not_picked":["hierophant:AuricBeam","hierophant:Dazzle"],"picked":"hierophant:FieryStrike","floor":1.0},{"not_picked":["hierophant:Endure","hierophant:RecallFunds"],"picked":"hierophant:Glossolalia","floor":4.0},{"not_picked":["hierophant:Purify","hierophant:RepressedViolence","hierophant:PassingBell"],"picked":"SKIP","floor":6.0},{"not_picked":["hierophant:SecretStash","hierophant:AuricBeam"],"picked":"hierophant:FlamingChariot","floor":7.0},{"not_picked":["hierophant:OrnateJavelin","hierophant:Flagellation","hierophant:DisplayOfPower"],"picked":"SKIP","floor":8.0},{"not_picked":["hierophant:OrnateBuckler","hierophant:Empathy"],"picked":"hierophant:FieryStrike","floor":11.0},{"not_picked":["hierophant:Smite","hierophant:Refuge","hierophant:Doubloon"],"picked":"SKIP","floor":12.0},{"not_picked":["hierophant:RecallFunds","hierophant:DisplayOfPower"],"picked":"hierophant:Chorus","floor":13.0},{"not_picked":["hierophant:HolyVerse","hierophant:AuricBeam"],"picked":"hierophant:FlamingChariot","floor":14.0},{"not_picked":["hierophant:AuricForm","hierophant:Anathema"],"picked":"hierophant:Kindle","floor":16.0},{"not_picked":["hierophant:SealAway","hierophant:MirrorShield","hierophant:FieryStrike"],"picked":"SKIP","floor":18},{"not_picked":["hierophant:Remorse","hierophant:DisplayOfPower+1","hierophant:MirrorShield"],"picked":"SKIP","floor":20},{"not_picked":["hierophant:Community","hierophant:Repentance","hierophant:Chorus"],"picked":"SKIP","floor":22},{"not_picked":["hierophant:Embezzle","hierophant:RustyCrate"],"picked":"hierophant:Exaltation","floor":25},{"not_picked":["hierophant:HammerAndAnvil","hierophant:EyeForCoin","hierophant:Encroach"],"picked":"SKIP","floor":30},{"not_picked":["hierophant:Blessing","hierophant:Flagellation","hierophant:Repentance+1"],"picked":"SKIP","floor":31}],"player_experience":33074,"relics_obtained":[{"floor":6.0,"key":"Strawberry"},{"floor":9.0,"key":"Anchor"},{"floor":11.0,"key":"Simple Rune"},{"floor":24,"key":"Replay:Arrowhead"},{"floor":26,"key":"Blue Doll"}],"event_choices":[{"damage_healed":0.0,"max_hp_gain":0.0,"max_hp_loss":0.0,"gold_gain":0.0,"event_name":"Liars Game","player_choice":"Ignored","floor":2.0,"gold_loss":0.0,"damage_taken":0.0},{"damage_healed":0.0,"max_hp_gain":0.0,"max_hp_loss":0.0,"gold_gain":0.0,"event_name":"Shining Light","player_choice":"Entered Light","floor":3.0,"gold_loss":0.0,"damage_taken":15.0,"cards_upgraded":["hierophant:Defend_Hierophant","hierophant:Strike_Hierophant"]},{"damage_healed":0,"gold_gain":0,"player_choice":"Obtained Relic","damage_taken":0,"relics_obtained":["Bag of Preparation"],"max_hp_gain":0,"max_hp_loss":0,"event_name":"Addict","floor":19,"gold_loss":85}],"is_beta":false,"boss_relics":[{"not_picked":["Astrolabe","SlaversCollar"],"picked":"Coffee Dripper"}],"items_purged_floors":[21],"is_endless":false,"potions_floor_spawned":[4,6,7,8,13,20,22],"killed_by":"Pondfish","ascension_level":0}}