{"host":"x5a6cvihdukvwm3n","time":1608637577,"event":{"mods":["AlwaysNeverKeys","Aspiration","BaseMod","Beaked The Cultist","BetterRewards","Colored Map","Colored Powertips","Conspire","Curses Come First","Downfall","Friendly Minions","GifTheSpireLib","Gremlin Mod","Halation","Highlight Path","Hubris","Minty Spire (QoL Compilation)","Replay The Spire","Shop Mod","StSLib","Stuff the Spire","SuperFastMode","Synergy Search","Td1madao Mod","The Bladedancer","The Construct","The Disciple","The Jungle","The Servant 0.9.4","vexMod"],"gold_per_floor":[364,364,88,88,171,171,171,171,171,190,221,221,236,236,236,332,332,306,306,317,175,186,186,186,211,237,237,237],"floor_reached":27,"playtime":949,"items_purged":["Injury"],"score":272,"play_id":"7056f2da-fec6-4739-8b8a-d12ea20374cd","local_time":"20201222124617","is_ascension_mode":true,"campfire_choices":[{"data":"Metallicize","floor":6,"key":"SMITH"},{"floor":8,"key":"REST"},{"data":"Barricade","floor":15,"key":"SMITH"},{"floor":23,"key":"REST"}],"circlet_count":0,"master_deck":["Strike_R","Strike_R","Strike_R","Strike_R","Defend_R","Defend_R","Defend_R","Defend_R","StuffTheSpire:Incineration","Flex","Demon Form+1","Metallicize+1","Heavy Blade+1","Sever Soul+1","Inflame","Seeing Red","Barricade+1","Feed+1","Armaments+1","Rage","Metallicize","Rage","StuffTheSpire:Incineration+1","conspire:ExplosiveBarrier"],"relics":["Burning Blood","Molten Egg 2","MerchantsRug","hubris:OldNail","Replay:WaspNest","Torii","Black Star","StuffTheSpire:Gunfinga","Art of War","aspiration:ChemicalBlood","hubris:SlimyHat"],"acts_visited":["Exordium","TheCity"],"potions_floor_usage":[],"damage_taken":[{"damage":8,"enemies":"Jaw Worm","floor":1,"turns":6},{"damage":18,"enemies":"Small Slimes","floor":10,"turns":3},{"damage":31,"enemies":"3 Sentries","floor":11,"turns":5},{"damage":1,"enemies":"Cultist","floor":13,"turns":4},{"damage":5,"enemies":"Hexaghost","floor":16,"turns":7},{"damage":52,"enemies":"2 Thieves","floor":18,"turns":5},{"damage":12,"enemies":"Chosen","floor":20,"turns":4},{"damage":11,"enemies":"conspire:HollyBat","floor":22,"turns":10},{"damage":37,"enemies":"Book of Stabbing","floor":25,"turns":5},{"damage":27,"enemies":"Cultist and Chosen","floor":27,"turns":4}],"seed_played":"8670176949717530653","potions_obtained":[{"floor":13,"key":"Block Potion"},{"floor":22,"key":"Venom Potion"}],"is_trial":false,"path_per_floor":["M","?","$","?","?","R","?","R","T","M","E","?","M","?","R","B",null,"M","?","M","$","M","R","?","E","T","M"],"character_chosen":"IRONCLAD","items_purchased":["Flex","MerchantsRug","Metallicize","Rage"],"campfire_rested":2,"item_purchase_floors":[3,3,21,21],"current_hp_per_floor":[54,54,54,54,54,54,54,78,78,66,41,41,46,46,46,47,80,34,34,28,28,27,52,52,21,21,0,0],"gold":237,"neow_bonus":"TWO_FIFTY_GOLD","is_daily":false,"chose_seed":false,"campfire_upgraded":2,"win_rate":0.0,"timestamp":1608637577,"path_taken":["M","?","$","?","?","R","?","R","T","?","E","?","M","?","R","BOSS","M","?","M","$","?","R","?","E","T","M"],"items_purchased_type":["Card","Relic","Card","Card"],"build_version":"2020-12-13","purchased_purges":1,"victory":false,"max_hp_per_floor":[80,80,80,80,80,80,80,80,80,80,80,80,80,80,80,80,80,80,80,80,80,84,84,84,84,84,84,84],"card_choices":[{"not_picked":["True Grit","Thunderclap"],"picked":"StuffTheSpire:Incineration","floor":1},{"not_picked":["Sever Soul+1","Headbutt+1"],"picked":"Metallicize","floor":5},{"not_picked":["Demonic Infusion","Twin Strike+1"],"picked":"Heavy Blade+1","floor":5},{"not_picked":["ReplayTheSpireMod:Corrosion Curse","Cleave+1"],"picked":"Inflame","floor":10},{"not_picked":["Perfected Strike+1","Iron Wave+1"],"picked":"Seeing Red","floor":11},{"not_picked":["Headbutt+1","Perfected Strike+1"],"picked":"Barricade","floor":13},{"not_picked":["Fiend Fire+1","Immolate+1"],"picked":"Feed+1","floor":16},{"not_picked":["Clash+1","Twin Strike+1"],"picked":"Armaments+1","floor":18},{"not_picked":["Body Slam+1","Cleave+1"],"picked":"Rage","floor":20},{"not_picked":["Replay:Undeath\u0027s Touch+1","Run Through+1"],"picked":"StuffTheSpire:Incineration+1","floor":22},{"not_picked":["Wild Strike+1","Twin Strike+1"],"picked":"conspire:ExplosiveBarrier","floor":25}],"player_experience":292746,"relics_obtained":[{"floor":5,"key":"hubris:OldNail"},{"floor":9,"key":"Replay:WaspNest"},{"floor":11,"key":"Torii"},{"floor":19,"key":"StuffTheSpire:Gunfinga"},{"floor":25,"key":"Art of War"},{"floor":25,"key":"aspiration:ChemicalBlood"},{"floor":26,"key":"hubris:SlimyHat"}],"event_choices":[{"damage_healed":0,"gold_gain":0,"cards_transformed":["Strike_R"],"player_choice":"Transformed","damage_taken":0,"max_hp_gain":0,"max_hp_loss":0,"event_name":"Transmorgrifier","floor":7,"gold_loss":0,"cards_obtained":["Sever Soul"]},{"damage_healed":0,"gold_gain":0,"player_choice":"0 cards matched","damage_taken":0,"max_hp_gain":0,"max_hp_loss":0,"event_name":"Match and Keep!","floor":14,"gold_loss":0,"cards_obtained":[]},{"damage_healed":0,"gold_gain":0,"player_choice":"Relic","damage_taken":0,"max_hp_gain":0,"max_hp_loss":0,"event_name":"Wheel of Change","floor":19,"gold_loss":0}],"is_beta":false,"boss_relics":[{"not_picked":["Replay:Ancient Bell","Replay:Grab Bag"],"picked":"Black Star"}],"items_purged_floors":[3],"is_endless":false,"potions_floor_spawned":[13,22],"killed_by":"Cultist and Chosen","ascension_level":4}}