{"host":"vumwfieg2b2mnrfl","time":1608660053,"event":{"mods":["AchievementEnabler","BaseMod","Minty Spire (QoL Compilation)","Rare Cards Sparkle","Relic Stats"],"gold_per_floor":[20,20,20,41,59,92,92,267,315,340,375,387,442,479,491,503,503],"floor_reached":16,"playtime":503,"items_purged":[],"score":168,"play_id":"7377ba00-dcc2-4f2a-953e-c2e9432bcdc5","local_time":"20201222120053","is_ascension_mode":true,"campfire_choices":[{"data":"Bash","floor":7,"key":"SMITH"},{"floor":12,"key":"REST"},{"data":"Doubt","floor":15,"key":"PURGE"}],"circlet_count":0,"master_deck":["AscendersBane","Strike_R","Strike_R","Strike_R","Strike_R","Defend_R","Defend_R","Defend_R","Defend_R","Bash+1","Sword Boomerang","Battle Trance","Carnage","Headbutt","Feel No Pain","Metallicize","Shrug It Off"],"relics":["Burning Blood","Peace Pipe","Golden Idol","Potion Belt","MawBank","Bag of Marbles"],"acts_visited":["Exordium"],"potions_floor_usage":[16],"damage_taken":[{"damage":0,"enemies":"Small Slimes","floor":1,"turns":4},{"damage":7,"enemies":"Jaw Worm","floor":4,"turns":3},{"damage":5,"enemies":"2 Louse","floor":5,"turns":2},{"damage":24,"enemies":"Gremlin Nob","floor":6,"turns":4},{"damage":16,"enemies":"Exordium Wildlife","floor":10,"turns":4},{"damage":6,"enemies":"3 Louse","floor":11,"turns":2},{"damage":24,"enemies":"3 Sentries","floor":13,"turns":9},{"damage":10,"enemies":"Red Slaver","floor":14,"turns":4},{"damage":33,"enemies":"Slime Boss","floor":16,"turns":7}],"seed_played":"-605189974290541451","potions_obtained":[{"floor":4,"key":"EssenceOfSteel"},{"floor":6,"key":"Dexterity Potion"},{"floor":14,"key":"Block Potion"}],"is_trial":false,"path_per_floor":["M","?","?","M","M","E","R","?","T","M","M","R","E","M","R","B"],"character_chosen":"IRONCLAD","items_purchased":[],"campfire_rested":1,"item_purchase_floors":[],"current_hp_per_floor":[78,78,58,57,58,40,40,40,40,30,30,54,36,32,32,0,0],"gold":503,"neow_bonus":"ONE_RARE_RELIC","is_daily":false,"chose_seed":false,"campfire_upgraded":1,"win_rate":0.0,"timestamp":1608660053,"path_taken":["M","?","?","M","M","E","R","?","T","M","M","R","E","M","R","BOSS"],"items_purchased_type":[],"build_version":"2020-12-13","purchased_purges":0,"victory":false,"max_hp_per_floor":[80,80,80,80,80,80,80,80,80,80,80,80,80,80,80,80,80],"relic_stats":{"Peace Pipe":1,"counters":[9,39],"Golden Idol":37,"MawBank":84,"obtain_stats":[{"Peace Pipe":0,"Potion Belt":6,"Golden Idol":3,"Bag of Marbles":13,"MawBank":9,"Burning Blood":0},{"Peace Pipe":0,"Potion Belt":4,"Golden Idol":1,"Bag of Marbles":7,"MawBank":4,"Burning Blood":0},{"Peace Pipe":0,"Potion Belt":13,"Golden Idol":4,"Bag of Marbles":28,"MawBank":13,"Burning Blood":0}],"Burning Blood":48},"card_choices":[{"not_picked":["True Grit","Flex"],"picked":"Sword Boomerang","floor":1},{"not_picked":["Sword Boomerang","Anger"],"picked":"Carnage","floor":4},{"not_picked":["Burning Pact","Bloodletting"],"picked":"Headbutt","floor":5},{"not_picked":["Sword Boomerang","Warcry","Carnage"],"picked":"SKIP","floor":6},{"not_picked":["Perfected Strike","Warcry","Clash"],"picked":"SKIP","floor":10},{"not_picked":["Rage","Rupture"],"picked":"Feel No Pain","floor":11},{"not_picked":["Carnage","Feel No Pain"],"picked":"Metallicize","floor":13},{"not_picked":["Thunderclap","Cleave"],"picked":"Shrug It Off","floor":14}],"player_experience":283525,"relics_obtained":[{"floor":6,"key":"Potion Belt"},{"floor":9,"key":"MawBank"},{"floor":13,"key":"Bag of Marbles"}],"event_choices":[{"damage_healed":0,"gold_gain":0,"cards_transformed":["Strike_R"],"player_choice":"Change","damage_taken":0,"max_hp_gain":0,"max_hp_loss":0,"event_name":"Living Wall","floor":2,"gold_loss":0,"cards_obtained":["Battle Trance"]},{"damage_healed":0,"gold_gain":0,"player_choice":"Take Damage","damage_taken":20,"relics_obtained":["Golden Idol"],"max_hp_gain":0,"max_hp_loss":0,"event_name":"Golden Idol","floor":3,"gold_loss":0},{"damage_healed":0,"gold_gain":175,"player_choice":"AGREE","damage_taken":0,"max_hp_gain":0,"max_hp_loss":0,"event_name":"Liars Game","floor":8,"gold_loss":0,"cards_obtained":["Doubt"]}],"is_beta":false,"boss_relics":[],"items_purged_floors":[],"is_endless":false,"potions_floor_spawned":[4,6,14],"killed_by":"Slime Boss","ascension_level":10}}