{"host":"3jpwrwmmgyabjceh","time":1608669251,"event":{"mods":["AchievementEnabler","BaseMod","Colored Map","Colored Powertips","Highlight Path","Minty Spire (QoL Compilation)","Quick Restart","StSLib"],"gold_per_floor":[118,118,118,136,136,164,164,180,204,55,25,45,55,70,70,70,70],"floor_reached":16,"playtime":409,"items_purged":[],"score":140,"play_id":"06dbf68b-42c7-4fd6-996c-7ecad6114a48","local_time":"20201222233411","is_ascension_mode":true,"campfire_choices":[{"data":"ThirdEye","floor":7,"key":"SMITH"},{"data":"Sanctity","floor":15,"key":"SMITH"}],"circlet_count":0,"master_deck":["Strike_P","Strike_P","Strike_P","Strike_P","Defend_P","Defend_P","Defend_P","Defend_P","Vigilance","ThirdEye+1","Sanctity+1"],"relics":["PureWater","NeowsBlessing","MealTicket","Frozen Eye"],"acts_visited":["Exordium"],"potions_floor_usage":[13,16,16],"damage_taken":[{"damage":0,"enemies":"Cultist","floor":1,"turns":1},{"damage":0,"enemies":"Small Slimes","floor":4,"turns":1},{"damage":0,"enemies":"Lagavulin","floor":6,"turns":1},{"damage":0,"enemies":"2 Louse","floor":8,"turns":4},{"damage":1,"enemies":"Looter","floor":11,"turns":4},{"damage":0,"enemies":"Blue Slaver","floor":12,"turns":8},{"damage":8,"enemies":"Exordium Wildlife","floor":13,"turns":8},{"damage":5,"enemies":"Large Slime","floor":14,"turns":9},{"damage":40,"enemies":"Slime Boss","floor":16,"turns":7}],"seed_played":"6500882795879783050","potions_obtained":[{"floor":1,"key":"Block Potion"},{"floor":6,"key":"FearPotion"},{"floor":8,"key":"Dexterity Potion"},{"floor":14,"key":"BlessingOfTheForge"}],"is_trial":false,"path_per_floor":["M","?","?","M","?","E","R","M","T","$","M","M","M","M","R","B"],"character_chosen":"WATCHER","items_purchased":["Frozen Eye"],"campfire_rested":0,"item_purchase_floors":[10],"current_hp_per_floor":[72,72,77,77,77,77,77,77,77,77,76,76,68,63,63,23,23],"gold":70,"neow_bonus":"THREE_ENEMY_KILL","is_daily":false,"chose_seed":false,"campfire_upgraded":2,"win_rate":0.0,"timestamp":1608669251,"path_taken":["M","?","?","M","?","E","R","M","T","$","M","M","M","M","R","BOSS"],"items_purchased_type":["Relic"],"build_version":"2020-12-13","purchased_purges":0,"victory":false,"max_hp_per_floor":[72,72,77,77,77,77,77,77,77,77,77,77,77,77,77,77,77],"card_choices":[{"not_picked":["MentalFortress","CutThroughFate"],"picked":"ThirdEye","floor":1},{"not_picked":["BattleHymn","SashWhip","JustLucky"],"picked":"SKIP","floor":4},{"not_picked":["EmptyBody","WindmillStrike","MentalFortress"],"picked":"SKIP","floor":6},{"not_picked":["LikeWater","Evaluate","Vengeance"],"picked":"SKIP","floor":8},{"not_picked":["Adaptation","ThirdEye","Indignation"],"picked":"SKIP","floor":11},{"not_picked":["Evaluate","Crescendo","JustLucky"],"picked":"SKIP","floor":12},{"not_picked":["Protect","CrushJoints"],"picked":"Sanctity","floor":13},{"not_picked":["Vengeance","EmptyBody","SashWhip"],"picked":"SKIP","floor":14}],"player_experience":248333,"relics_obtained":[{"floor":6,"key":"MealTicket"}],"event_choices":[{"cards_removed":["Eruption"],"damage_healed":0,"gold_gain":0,"player_choice":"Forget","damage_taken":0,"max_hp_gain":0,"max_hp_loss":0,"event_name":"Living Wall","floor":2,"gold_loss":0},{"damage_healed":0,"gold_gain":0,"player_choice":"Donut","damage_taken":0,"max_hp_gain":5,"max_hp_loss":0,"event_name":"Big Fish","floor":3,"gold_loss":0},{"damage_healed":0,"gold_gain":0,"player_choice":"Ignored","damage_taken":0,"max_hp_gain":0,"max_hp_loss":0,"event_name":"Liars Game","floor":5,"gold_loss":0}],"is_beta":false,"boss_relics":[],"items_purged_floors":[],"is_endless":false,"potions_floor_spawned":[1,6,8,14],"killed_by":"Slime Boss","ascension_level":2}}