{"host":"1cmq7b0pfn5kc3i5","time":1608605585,"event":{"mods":["AchievementEnabler","Aspiration","Bard","BaseMod","Beaked The Cultist","Better Altar","Better Match","Better Note","Better Sensory Stone","Better Skull","Better Third Choice","BetterRewards","CCEM","Clawfect","Colored Map","Conspire","Downfall","GifTheSpireLib","Halation","Hermit","Highlight Path","Hubris","Hunter ??","Infinite Spire","Jedi Mod","Jorbs\u0027s Wanderer Trilogy","Mad Scientist","Marisa????????","Mimic Mod","Minty Spire (QoL Compilation)","Permanent Neow","Replay The Spire","Shade Mod","Shop Mod","Spicy Shops","StSLib","Stuff the Spire","The Administrix","The Blackbeard","The Bug Knight","The Construct","The Cursed","The Disciple","The Gatherer","The Hierophant","The Jungle","The Mystic","The Necromancer","The Problem Sleuth","The Runesmith","The Servant 0.9.4","The Spell Scribe","The Witch","Unceasing Turn Reminder","everything is the same but u backflip on backflip","slay the spire mod where everything is the same but ironclad has a cowboy hat"],"gold_per_floor":[116,133,133,133,151,151,178,178,205,230,230,230,5,20,20,124,124,135,151,169,169,169,196,210,210,246,271,289,269,269,298,298,399,399,419,419,211,211,211,211,211,60,60,60,60,60,60,60,60,60],"floor_reached":51,"playtime":5056,"items_purged":["Pain","Regret"],"score":591,"play_id":"11a4be9b-e019-480a-aeda-01f8f2aa1fe0","local_time":"20201221215305","is_ascension_mode":false,"campfire_choices":[{"data":"Caltrops","floor":6,"key":"SMITH"},{"floor":8,"key":"REST"},{"floor":11,"key":"REST"},{"data":"After Image","floor":15,"key":"SMITH"},{"data":"jedi:studyshivs","floor":25,"key":"SMITH"},{"floor":32,"key":"REST"},{"data":"hubris:InfiniteBlow+1","floor":41,"key":"SMITH"},{"data":"StuffTheSpire:ReptileScales","floor":44,"key":"SMITH"},{"data":"hubris:InfiniteBlow+2","floor":46,"key":"SMITH"}],"circlet_count":0,"master_deck":["Strike_G","Strike_G+1","Strike_G+1","Strike_G","Strike_G","Defend_G","Defend_G","Defend_G","Defend_G","Survivor","Neutralize","Poisoned Stab","Flechettes","Caltrops+1","jedi:pocketpoison","Dodge and Roll","Bouncing Flask","StuffTheSpire:BrimstoneBlast","After Image+1","StuffTheSpire:ReptileScales+1","jedi:studyshivs+1","Hidden Blade+1","Predator","Sucker Punch+1","Deadly Poison+1","Draining Mist","StuffTheSpire:ClusterCrunch","StuffTheSpire:ReptileScales","jedi:rejectivetoxin","Dodge and Roll+1","infinitespire:Neurotoxin","StuffTheSpire:Incantation","hubris:InfiniteBlow+3","Noxious Fumes","jedi:unstablefumes","Poisoned Stab","Prepared","Blur","jedi:pocketpoison","Outmaneuver","Parasite","Toxin Wave"],"relics":["Burning Blood","Whetstone","StuffTheSpire:RedRose","hubris:SphereOfDissonance","aspiration:VileToxins","Vampiric Spirits","infinitespire:Cubic Diamond","Sozu","WarpedTongs","ReplayTheSpireMod:Lightbulb","hubris:TenFootPole","CaptainsWheel","ReplayFunnel","Busted Crown","Toolbox","Strawberry","jedi:ominousloannote","halation:StarCompass","halation:TwoAmDonut","conspire:DecoderRing","StuffTheSpire:WitherSkull"],"acts_visited":["Exordium","TheCity","TheBeyond"],"potions_floor_usage":[7,16,16,33],"damage_taken":[{"damage":0,"enemies":"Cultist","floor":1,"turns":3},{"damage":5,"enemies":"Small Slimes","floor":2,"turns":4},{"damage":9,"enemies":"conspire:RoseBush","floor":5,"turns":2},{"damage":40,"enemies":"Lagavulin","floor":7,"turns":6},{"damage":10,"enemies":"Gremlin Nob","floor":10,"turns":4},{"damage":5,"enemies":"Large Slime","floor":14,"turns":4},{"damage":31,"enemies":"Slime Boss","floor":16,"turns":10},{"damage":0,"enemies":"3 Byrds","floor":18,"turns":3},{"damage":10,"enemies":"2 Thieves","floor":19,"turns":3},{"damage":14,"enemies":"Snecko","floor":20,"turns":4},{"damage":5,"enemies":"conspire:SneckoGhost","floor":23,"turns":6},{"damage":9,"enemies":"Centurion and Healer","floor":24,"turns":6},{"damage":9,"enemies":"Sentry and Sphere","floor":26,"turns":4},{"damage":8,"enemies":"Book of Stabbing","floor":27,"turns":5},{"damage":13,"enemies":"Sentry and Sphere","floor":28,"turns":4},{"damage":47,"enemies":"Slavers","floor":31,"turns":5},{"damage":29,"enemies":"Champ","floor":33,"turns":10},{"damage":8,"enemies":"Orb Walker","floor":35,"turns":3},{"damage":9,"enemies":"3 Darklings","floor":38,"turns":5},{"damage":1,"enemies":"Nemesis","floor":40,"turns":5},{"damage":1,"enemies":"Writhing Mass","floor":47,"turns":4},{"damage":4,"enemies":"Jaw Worm Horde","floor":48,"turns":5},{"damage":61,"enemies":"Replay:Hell Engine","floor":50,"turns":9}],"seed_played":"9009890851829335524","potions_obtained":[{"floor":5,"key":"jedi:StrikingPotion"},{"floor":10,"key":"LiquidBronze"},{"floor":14,"key":"champ:CounterPotion"},{"floor":16,"key":"Strength Potion"}],"is_trial":false,"path_per_floor":["M","M","?","?","M","R","E","R","T","E","R","?","$","M","R","B",null,"M","M","M","?","?","E","M","R","MIM","E","M","?","?","E","R","B",null,"M","?","$","M","?","E","R","$","T","R","T","R","M","M","R_BF","B",null],"character_chosen":"THE_SILENT","items_purchased":["StuffTheSpire:BrimstoneBlast","After Image","Toolbox","Strawberry","jedi:ominousloannote","Noxious Fumes","jedi:unstablefumes","Poisoned Stab","Prepared","Outmaneuver"],"campfire_rested":3,"item_purchase_floors":[13,13,37,37,37,37,37,37,37,42],"current_hp_per_floor":[70,65,65,65,56,56,16,37,37,27,48,48,48,52,52,30,70,70,66,61,70,70,70,67,67,64,65,58,58,55,14,35,12,70,68,68,75,74,74,77,77,77,77,77,77,77,77,77,77,22],"gold":60,"neow_bonus":"RANDOM_COMMON_RELIC","is_daily":false,"chose_seed":false,"campfire_upgraded":6,"win_rate":0.0,"timestamp":1608605585,"path_taken":["M","M","?","?","?","R","E","R","T","E","R","?","$","?","R","BOSS","M","M","M","?","?","E","?","R","MIM","E","M","?","?","E","R","BOSS","M","?","?","M","?","E","R","$","T","R","?","R","M","M","R_BF","BOSS"],"items_purchased_type":["Card","Card","Relic","Relic","Relic","Card","Card","Card","Card","Card"],"build_version":"2020-12-13","purchased_purges":2,"victory":true,"max_hp_per_floor":[70,70,70,70,70,70,70,70,70,70,70,70,70,70,70,70,70,70,70,70,70,70,70,70,70,70,70,70,70,70,70,70,70,70,70,70,77,77,77,77,77,77,77,77,77,77,77,77,77,77],"card_choices":[{"not_picked":["StuffTheSpire:Sprint","StuffTheSpire:BumpUp"],"picked":"Poisoned Stab","floor":1},{"not_picked":["Dagger Throw","Dagger Spray"],"picked":"Flechettes","floor":2},{"not_picked":["Sucker Punch","StuffTheSpire:Python"],"picked":"jedi:pocketpoison","floor":5},{"not_picked":["jedi:studypoison","Poisoned Stab"],"picked":"Dodge and Roll","floor":7},{"not_picked":["Wraith Form v2","Hidden Blade"],"picked":"Bouncing Flask","floor":10},{"not_picked":["Bane","Expertise"],"picked":"StuffTheSpire:ReptileScales","floor":14},{"not_picked":["Wraith Form v2","jedi:rejectivetoxin"],"picked":"jedi:studyshivs","floor":16},{"not_picked":["Outmaneuver+1","Dodge and Roll+1"],"picked":"Hidden Blade+1","floor":18},{"not_picked":["Dagger Spray","Slice+1"],"picked":"Predator","floor":19},{"not_picked":["Escape Plan+1","Acrobatics"],"picked":"Sucker Punch+1","floor":20},{"not_picked":["Eviscerate+1","Deflect+1"],"picked":"Deadly Poison+1","floor":23},{"not_picked":["hubris:SlightOfHand+1","Acrobatics"],"picked":"Draining Mist","floor":24},{"not_picked":["Sneak Up","StuffTheSpire:BrimstoneBlast"],"picked":"StuffTheSpire:ClusterCrunch","floor":26},{"not_picked":["Calculated Gamble","Prepared"],"picked":"StuffTheSpire:ReptileScales","floor":27},{"not_picked":["Deflect+1","Well Laid Plans"],"picked":"jedi:rejectivetoxin","floor":28},{"not_picked":["Escape Plan","hubris:SlightOfHand"],"picked":"Dodge and Roll+1","floor":31},{"not_picked":["StuffTheSpire:FinalStruggle","Venomology"],"picked":"infinitespire:Neurotoxin","floor":33},{"not_picked":[],"picked":"StuffTheSpire:Incantation","floor":35},{"not_picked":[],"picked":"Blur","floor":38},{"not_picked":[],"picked":"jedi:pocketpoison","floor":40},{"not_picked":["Riddle With Holes"],"picked":"SKIP","floor":47},{"not_picked":[],"picked":"Toxin Wave","floor":48}],"player_experience":32447,"relics_obtained":[{"floor":7,"key":"hubris:SphereOfDissonance"},{"floor":9,"key":"aspiration:VileToxins"},{"floor":10,"key":"Vampiric Spirits"},{"floor":23,"key":"ReplayTheSpireMod:Lightbulb"},{"floor":27,"key":"hubris:TenFootPole"},{"floor":31,"key":"ReplayFunnel"},{"floor":40,"key":"halation:TwoAmDonut"},{"floor":43,"key":"conspire:DecoderRing"},{"floor":45,"key":"StuffTheSpire:WitherSkull"}],"event_choices":[{"damage_healed":0,"gold_gain":0,"cards_transformed":["Defend_G"],"player_choice":"Transformed","damage_taken":0,"max_hp_gain":0,"max_hp_loss":0,"event_name":"Transmorgrifier","floor":4,"gold_loss":0,"cards_obtained":["Caltrops"]},{"damage_healed":9,"gold_gain":0,"player_choice":"Full Heal","damage_taken":0,"max_hp_gain":0,"max_hp_loss":0,"event_name":"Wheel of Change","floor":21,"gold_loss":0},{"damage_healed":0,"gold_gain":0,"player_choice":"Rummage","damage_taken":0,"relics_obtained":["WarpedTongs"],"max_hp_gain":0,"max_hp_loss":0,"event_name":"Accursed Blacksmith","floor":22,"gold_loss":0,"cards_obtained":["Pain"]},{"damage_healed":0,"gold_gain":0,"player_choice":"Bought 1 Potion","damage_taken":0,"max_hp_gain":0,"max_hp_loss":0,"event_name":"The Woman in Blue","floor":29,"gold_loss":0},{"damage_healed":0,"gold_gain":0,"player_choice":"CaptainsWheel","damage_taken":0,"relics_obtained":["CaptainsWheel"],"max_hp_gain":0,"max_hp_loss":0,"event_name":"blackbeard:ShipwreckEvent","floor":30,"gold_loss":0},{"damage_healed":0,"gold_gain":3,"player_choice":"4","damage_taken":0,"max_hp_gain":0,"max_hp_loss":0,"event_name":"betterStone:BetterStone","floor":36,"gold_loss":0,"cards_obtained":["hubris:InfiniteBlow"]}],"is_beta":false,"boss_relics":[{"not_picked":["aspiration:PoetsPen_weak","Cursed Key"],"picked":"Sozu"},{"not_picked":["StuffTheSpire:Kangaroo","aspiration:FutureDiary"],"picked":"Busted Crown"}],"items_purged_floors":[37,42],"is_endless":false,"potions_floor_spawned":[5,10,14,16,18,23,27,33,35,48],"ascension_level":0}}