{"host":"ipcfr4ajj2jkxvg7","time":1608644667,"event":{"mods":["BaseMod","Colored Powertips","GifTheSpireLib","Marisa（F雨　魔理沙）","Minty Spire (QoL Compilation)","Quick Restart","Remilia（蕾米莉亚）","Replay The Spire","RumiaBox-露米娅的神秘盒子","StSLib"],"gold_per_floor":[118,135,135,152,9,44,9,43,114,131,131,131,146,166,166,242,242,256,272,272,282,282,282],"floor_reached":22,"playtime":1133,"items_purged":[],"score":434,"play_id":"ff4ca6b2-d4be-4680-a8d9-55d1b582b19e","local_time":"20201222214427","is_ascension_mode":true,"campfire_choices":[{"floor":11.0,"key":"REST"},{"floor":15.0,"key":"REST"}],"circlet_count":0,"master_deck":["AscendersBane","Strike_MRS","Strike_MRS","Strike_MRS","Strike_MRS","Defend_MRS","Defend_MRS","Defend_MRS","MasterSpark","UpSweep","MachineGunSpark","Acceleration","MilkyWay+1","UltimateShortwave","OrrerysSun","SuperPerseids+1","PowerUp","PropBag","PowerUp"],"relics":["MiniHakkero","NeowsBlessing","AddBug","SecretRecord","SecretRecord","SecretRecord"],"acts_visited":["Exordium","TheCity"],"potions_floor_usage":[22],"damage_taken":[{"damage":0.0,"enemies":"Small Slimes","floor":1.0,"turns":1.0},{"damage":0.0,"enemies":"Jaw Worm","floor":2.0,"turns":1.0},{"damage":0.0,"enemies":"2 Louse","floor":4.0,"turns":1.0},{"damage":15.0,"enemies":"Lagavulin","floor":6.0,"turns":5.0},{"damage":30.0,"enemies":"3 Sentries","floor":8.0,"turns":7.0},{"damage":13.0,"enemies":"Large Slime","floor":10.0,"turns":3.0},{"damage":14.0,"enemies":"Exordium Thugs","floor":13.0,"turns":2.0},{"damage":0.0,"enemies":"Looter","floor":14.0,"turns":1.0},{"damage":0.0,"enemies":"The Guardian","floor":16.0,"turns":5.0},{"damage":30.0,"enemies":"2 Thieves","floor":18.0,"turns":4.0},{"damage":0,"enemies":"3 Byrds","floor":19,"turns":3},{"damage":16,"enemies":"Snecko","floor":21,"turns":4},{"damage":0,"enemies":"Chosen and Byrds","floor":22,"turns":1}],"seed_played":"6996326614167658091","potions_obtained":[{"floor":4.0,"key":"AttackPotion"},{"floor":8.0,"key":"Weak Potion"},{"floor":13.0,"key":"Languid Potion"},{"floor":16.0,"key":"Reflective Coating"},{"floor":18.0,"key":"Strength Potion"}],"is_trial":false,"path_per_floor":["M","M","?","M","$","E","?","E","T","M","R","?","M","M","R","B",null,"M","M","?","M","M"],"character_chosen":"MARISA","items_purchased":["UltimateShortwave"],"campfire_rested":2,"item_purchase_floors":[5],"current_hp_per_floor":[63,63,56,56,56,41,58,28,28,15,36,15,1,1,22,22,58,28,28,28,12,12,12],"gold":282,"neow_bonus":"THREE_ENEMY_KILL","is_daily":false,"chose_seed":false,"campfire_upgraded":0,"win_rate":0.0,"timestamp":1608644667,"path_taken":["M","M","?","M","$","E","?","E","T","M","R","?","?","M","R","BOSS","M","M","?","M","M"],"items_purchased_type":["Card"],"build_version":"2020-12-13","purchased_purges":0,"victory":false,"max_hp_per_floor":[70,70,70,70,70,70,70,70,70,70,70,70,70,70,70,70,70,70,70,70,70,70,70],"card_choices":[{"not_picked":["Acceleration","AsteroidBelt"],"picked":"MachineGunSpark","floor":1.0},{"not_picked":["NonDirectionalLaser","Orbital"],"picked":"Acceleration","floor":2.0},{"not_picked":["IllusionStar","GravityBeat"],"picked":"MilkyWay","floor":4.0},{"not_picked":["RefractionSpark","IllusionStar","ShootingEcho"],"picked":"SKIP","floor":6.0},{"not_picked":["ManaRampage","SuperPerseids"],"picked":"OrrerysSun","floor":8.0},{"not_picked":["EnergyRecoil","RefractionSpark"],"picked":"SuperPerseids","floor":10.0},{"not_picked":["UnstableBomb","6A"],"picked":"PowerUp","floor":13.0},{"not_picked":["UnstableBomb","SporeBomb","MysteriousBeam"],"picked":"SKIP","floor":14.0},{"not_picked":["AsteroidBelt","EnergyRecoil","GrandCross"],"picked":"SKIP","floor":18.0},{"not_picked":["DC","ShootingEcho","GravityBeat"],"picked":"SKIP","floor":19},{"not_picked":["SporeBomb","AlicesGift"],"picked":"PowerUp","floor":21}],"player_experience":410578,"relics_obtained":[{"floor":1.0,"key":"AddBug"},{"floor":6.0,"key":"SecretRecord"},{"floor":6.0,"key":"PlanX"},{"floor":8.0,"key":"Strawberry"},{"floor":9.0,"key":"Replay:Ringing Soul"},{"floor":10.0,"key":"SecretRecord"}],"event_choices":[{"cards_removed":["Defend_MRS"],"damage_healed":0.0,"max_hp_gain":0.0,"max_hp_loss":0.0,"gold_gain":0.0,"event_name":"Golden Wing","player_choice":"Card Removal","floor":3.0,"gold_loss":0.0,"damage_taken":7.0},{"damage_healed":17.0,"max_hp_gain":0.0,"max_hp_loss":0.0,"gold_gain":0.0,"event_name":"The Cleric","player_choice":"Healed","floor":7.0,"gold_loss":35.0,"damage_taken":0.0},{"damage_healed":0.0,"max_hp_gain":0.0,"max_hp_loss":0.0,"gold_gain":0.0,"event_name":"Shining Light","player_choice":"Entered Light","floor":12.0,"gold_loss":0.0,"damage_taken":21.0,"cards_upgraded":["SuperPerseids","MilkyWay"]},{"damage_healed":0,"gold_gain":0,"player_choice":"Read","damage_taken":0,"max_hp_gain":0,"max_hp_loss":0,"event_name":"The Library","floor":20,"gold_loss":0,"cards_obtained":["PropBag"]}],"is_beta":false,"boss_relics":[{"not_picked":["Sozu","ExperimentalFamiliar"],"picked":"Replay:Bronze Core"}],"items_purged_floors":[],"is_endless":false,"potions_floor_spawned":[4,8,13,16,18],"killed_by":"Chosen and Byrds","ascension_level":15}}