{"host":"v0dnu0zs4qo0v13s","time":1608616386,"event":{"mods":["BaseMod","Colored Map","Colored Powertips","Minty Spire (QoL Compilation)","Relic Stats","StSLib","SuperFastMode","everything is the same but u backflip on backflip"],"gold_per_floor":[18,28,46,46,46,46,59,59,59,84,9,9,96,126,138,150,150],"floor_reached":16,"playtime":634,"items_purged":["Defend_R"],"score":170,"play_id":"abe1d762-83b6-4eec-acee-d5b27e53c278","local_time":"20201222005306","is_ascension_mode":true,"campfire_choices":[{"data":"Bash","floor":6.0,"key":"SMITH"},{"data":"Inflame","floor":8.0,"key":"SMITH"},{"floor":15,"key":"REST"}],"circlet_count":0,"master_deck":["AscendersBane","Strike_R","Strike_R","Defend_R","Defend_R","Defend_R","Bash+1","Dropkick","Rupture","Inflame+1","Feed","Disarm"],"relics":["Burning Blood","Molten Egg 2","Blue Candle","MawBank"],"acts_visited":["Exordium"],"potions_floor_usage":[],"damage_taken":[{"damage":12.0,"enemies":"Jaw Worm","floor":1.0,"turns":3.0},{"damage":10.0,"enemies":"2 Louse","floor":2.0,"turns":3.0},{"damage":1.0,"enemies":"Cultist","floor":3.0,"turns":3.0},{"damage":0.0,"enemies":"Large Slime","floor":7.0,"turns":5.0},{"damage":55.0,"enemies":"3 Sentries","floor":10.0,"turns":12.0},{"damage":9,"enemies":"Looter","floor":14,"turns":3},{"damage":50,"enemies":"Hexaghost","floor":16,"turns":10}],"seed_played":"3743561411632084101","potions_obtained":[{"floor":3.0,"key":"Regen Potion"}],"is_trial":false,"path_per_floor":["M","M","M","?","?","R","M","R","T","E","$","?","?","M","R","B"],"character_chosen":"IRONCLAD","items_purchased":[],"campfire_rested":1,"item_purchase_floors":[],"current_hp_per_floor":[62,58,63,63,63,63,69,69,69,38,38,38,27,27,51,1,1],"gold":150,"neow_bonus":"REMOVE_TWO","is_daily":false,"chose_seed":false,"campfire_upgraded":2,"win_rate":0.0,"timestamp":1608616386,"path_taken":["M","M","M","?","?","R","?","R","T","E","$","?","?","M","R","BOSS"],"items_purchased_type":[],"build_version":"2020-12-13","purchased_purges":1,"victory":false,"max_hp_per_floor":[75,75,75,75,75,75,75,75,75,78,78,78,78,81,81,81,81],"relic_stats":{"counters":[7,39],"Blue Candle":[0],"MawBank":48,"obtain_stats":[{"Blue Candle":10,"Molten Egg 2":9,"MawBank":12,"Burning Blood":0},{"Blue Candle":5,"Molten Egg 2":4,"MawBank":5,"Burning Blood":0},{"Blue Candle":26,"Molten Egg 2":14,"MawBank":26,"Burning Blood":0}],"Burning Blood":36},"card_choices":[{"not_picked":["Headbutt","Twin Strike"],"picked":"Dropkick","floor":1.0},{"not_picked":["Heavy Blade","Dual Wield"],"picked":"Rupture","floor":2.0},{"not_picked":["Clothesline","Cleave"],"picked":"Inflame","floor":3.0},{"not_picked":["Shrug It Off","Twin Strike"],"picked":"Feed","floor":7.0},{"not_picked":["Body Slam+1","Headbutt+1"],"picked":"Disarm","floor":10.0},{"not_picked":["Iron Wave+1","Body Slam+1","Clash+1"],"picked":"SKIP","floor":14}],"player_experience":632657,"relics_obtained":[{"floor":9.0,"key":"Molten Egg 2"},{"floor":10.0,"key":"Blue Candle"}],"event_choices":[{"damage_healed":0.0,"max_hp_gain":0.0,"max_hp_loss":0.0,"gold_gain":0.0,"event_name":"The Cleric","player_choice":"Leave","floor":4.0,"gold_loss":0.0,"damage_taken":0.0},{"cards_removed":["Strike_R"],"damage_healed":0.0,"max_hp_gain":0.0,"max_hp_loss":0.0,"gold_gain":0.0,"event_name":"Purifier","player_choice":"Purged","floor":5.0,"gold_loss":0.0,"damage_taken":0.0},{"damage_healed":0,"gold_gain":0,"player_choice":"Searched \u00271\u0027 times","damage_taken":0,"relics_obtained":["MawBank"],"max_hp_gain":0,"max_hp_loss":0,"event_name":"Dead Adventurer","floor":12,"gold_loss":0},{"damage_healed":0,"gold_gain":75,"player_choice":"Gather Gold","damage_taken":11,"max_hp_gain":0,"max_hp_loss":0,"event_name":"World of Goop","floor":13,"gold_loss":0}],"is_beta":false,"boss_relics":[],"items_purged_floors":[11],"is_endless":false,"potions_floor_spawned":[3],"killed_by":"Hexaghost","ascension_level":14}}