{"host":"ÇïÍ¥»¨¿ªÃÎÀïÏã","time":1608639418,"event":{"mods":["ATMod(°¢èªMod)","BaseMod","Custom Start","Minty Spire (QoL Compilation)","StSLib"],"gold_per_floor":[135,177,540,540,578,735,805,848,848,848,998,1034,1187,1256,1256,1485,1485,1526,1586,50,50,217,217,302,302,356,423,585,585,585,585,585,814,814,889,930,930],"floor_reached":36,"playtime":857,"items_purged":["EmptyMind+1"],"score":692,"play_id":"032f055b-0303-4e3d-af36-3033b8d59ef8","local_time":"20201222201658","is_ascension_mode":false,"campfire_choices":[{"floor":10,"key":"REST"},{"floor":15,"key":"REST"},{"floor":23,"key":"REST"},{"floor":25,"key":"REST"},{"floor":32,"key":"REST"}],"circlet_count":0,"master_deck":["Master of Strategy+1","Tantrum+1","Reflex+1","Tactician+1","Acrobatics+1","Backflip+1","Backflip+1","Adrenaline+1","Venomology+1","Adrenaline+1","Terror+1","AT_KingSlayer+1"],"relics":["Ring of the Snake","AT_ATBox","AT_TrinityForce","AT_BellowingDragoncrestRing","Ice Cream","AT_ArchangelStaff","Vajra","Pen Nib","Chemical X","Bag of Preparation","Sundial","AT_MibuBalloonWealth","AT_TheCollector","AT_Kusabimaru","Bottled Flame","Bottled Lightning","AT_ChloranthyRing","AT_RedTearstoneRing","FossilizedHelix","AT_BellDemon","Orichalcum","Ancient Tea Set","Old Coin","Toxic Egg 2","Ginger","Letter Opener","Molten Egg 2","Mercury Hourglass","White Beast Statue","Torii","Strawberry","AT_BladeRuinedKing","AT_GuinsooRageblade","The Courier","Boot","Toy Ornithopter","Empty Cage","MealTicket","Mummified Hand","Membership Card","Kunai","Pantograph","Juzu Bracelet","Oddly Smooth Stone","Akabeko","HornCleat","AT_TimeSand","AT_SilvercatRing","Tiny Chest","Paper Crane","Blood Vial","Anchor","PreservedInsect","Bag of Marbles","AT_ForceNature","Centennial Puzzle","Turnip","Snake Skull","Incense Burner","Regal Pillow","War Paint","Unceasing Top","Enchiridion","Gremlin Horn","Nunchaku","Calling Bell","AT_EbonyIvory","Eternal Feather","Prayer Wheel","Lantern","Blue Candle"],"acts_visited":["Exordium","TheCity","TheBeyond"],"potions_floor_usage":[],"damage_taken":[{"damage":0,"enemies":"Jaw Worm","floor":1,"turns":1},{"damage":0,"enemies":"Cultist","floor":2,"turns":1},{"damage":0,"enemies":"2 Louse","floor":3,"turns":1},{"damage":0,"enemies":"Red Slaver","floor":5,"turns":1},{"damage":0,"enemies":"Gremlin Nob","floor":6,"turns":1},{"damage":0,"enemies":"Exordium Wildlife","floor":7,"turns":1},{"damage":0,"enemies":"Large Slime","floor":8,"turns":1},{"damage":0,"enemies":"Lagavulin","floor":11,"turns":1},{"damage":0,"enemies":"Red Slaver","floor":12,"turns":1},{"damage":0,"enemies":"Gremlin Nob","floor":13,"turns":1},{"damage":0,"enemies":"2 Fungi Beasts","floor":14,"turns":1},{"damage":0,"enemies":"The Guardian","floor":16,"turns":1},{"damage":0,"enemies":"Chosen","floor":18,"turns":1},{"damage":0,"enemies":"2 Thieves","floor":19,"turns":1},{"damage":0,"enemies":"Sentry and Sphere","floor":22,"turns":1},{"damage":0,"enemies":"3 Cultists","floor":24,"turns":1},{"damage":0,"enemies":"Centurion and Healer","floor":27,"turns":1},{"damage":0,"enemies":"Sentry and Sphere","floor":28,"turns":1},{"damage":0,"enemies":"Automaton","floor":33,"turns":1},{"damage":0,"enemies":"3 Shapes","floor":35,"turns":1},{"damage":0,"enemies":"Orb Walker","floor":36,"turns":1}],"seed_played":"-2854376377822158119","potions_obtained":[{"floor":1,"key":"Explosive Potion"}],"is_trial":true,"path_per_floor":["M","M","M","?","M","E","M","M","T","R","E","M","E","M","R","B",null,"M","M","$","?","M","R","M","R","T","M","M","?","?","T","R","B",null,"M","M"],"character_chosen":"THE_SILENT","items_purchased":["Membership Card","Kunai","Pantograph","Juzu Bracelet","Oddly Smooth Stone","Akabeko","HornCleat","AT_TimeSand","AT_SilvercatRing","Tiny Chest","Paper Crane","Blood Vial","Anchor","PreservedInsect","Bag of Marbles","AT_ForceNature","Centennial Puzzle","Turnip"],"campfire_rested":5,"item_purchase_floors":[20,20,20,20,20,20,20,20,20,20,20,20,20,20,20,20,20,20],"current_hp_per_floor":[70,70,70,70,70,70,70,70,70,70,77,77,77,77,77,77,77,77,77,77,77,77,77,77,77,77,77,77,70,70,70,77,77,77,77,77,77],"gold":930,"neow_bonus":"","is_daily":false,"chose_seed":false,"campfire_upgraded":0,"win_rate":0.0,"timestamp":1608639418,"path_taken":["M","M","M","?","M","E","M","M","T","R","E","M","E","M","R","BOSS","M","?","?","?","M","R","M","R","T","M","M","?","?","?","R","BOSS","M","M"],"items_purchased_type":["Relic","Relic","Relic","Relic","Relic","Relic","Relic","Relic","Relic","Relic","Relic","Relic","Relic","Relic","Relic","Relic","Relic","Relic"],"build_version":"2020-12-18","purchased_purges":1,"victory":false,"max_hp_per_floor":[70,70,70,70,70,70,70,70,70,70,77,77,77,77,77,77,77,77,77,77,77,77,77,77,77,77,77,77,77,77,77,77,77,77,77,77,77],"card_choices":[{"not_picked":["Flying Knee","Cloak And Dagger","Riddle With Holes"],"picked":"SKIP","floor":1},{"not_picked":["Dodge and Roll","Dagger Throw","Deflect"],"picked":"SKIP","floor":2},{"not_picked":["Accuracy","Choke","Dash"],"picked":"SKIP","floor":3},{"not_picked":["Setup+1","Deflect+1","Quick Slash"],"picked":"SKIP","floor":5},{"not_picked":["After Image","All Out Attack","Underhanded Strike"],"picked":"SKIP","floor":6},{"not_picked":["Acrobatics+1","Flying Knee+1","Cloak And Dagger+1"],"picked":"SKIP","floor":7},{"not_picked":["Poisoned Stab+1","Flying Knee+1","Prepared+1"],"picked":"SKIP","floor":8},{"not_picked":["Predator+1","Deflect+1","Flying Knee+1"],"picked":"SKIP","floor":11},{"not_picked":["AT_Desolate","AT_FocusSwordFire+1","Bullet Time+1"],"picked":"SKIP","floor":12},{"not_picked":["PiercingWail+1","Storm of Steel+1","Finisher+1"],"picked":"SKIP","floor":13},{"not_picked":["Deflect+1","Distraction+1","Reflex+1"],"picked":"SKIP","floor":14},{"not_picked":["Dagger Throw+1","Bane+1","PiercingWail+1"],"picked":"SKIP","floor":18},{"not_picked":["Dodge and Roll+1","Burst+1","Dagger Spray+1"],"picked":"SKIP","floor":19},{"not_picked":["Backstab+1","Catalyst+1","AT_TwilightShroud+1"],"picked":"SKIP","floor":22},{"not_picked":["Flying Knee+1","AT_WindFlip+1","Footwork+1"],"picked":"SKIP","floor":24},{"not_picked":["AT_WindFlip+1","Dagger Throw+1","Dodge and Roll+1"],"picked":"SKIP","floor":27},{"not_picked":["Dagger Throw+1","AT_ThistleTea+1","Predator+1"],"picked":"SKIP","floor":28},{"not_picked":["Prepared+1","Sucker Punch+1","Backflip+1"],"picked":"SKIP","floor":35},{"not_picked":["Caltrops","Escape Plan+1","Setup+1"],"picked":"SKIP","floor":35},{"not_picked":["Underhanded Strike+1","Corpse Explosion+1","Slice+1"],"picked":"SKIP","floor":36},{"not_picked":["Blade Dance+1","PiercingWail+1","Dagger Spray+1"],"picked":"SKIP","floor":36}],"player_experience":453426,"relics_obtained":[{"floor":1,"key":"Orichalcum"},{"floor":2,"key":"Ancient Tea Set"},{"floor":3,"key":"Old Coin"},{"floor":5,"key":"Toxic Egg 2"},{"floor":6,"key":"Ginger"},{"floor":6,"key":"Letter Opener"},{"floor":7,"key":"Molten Egg 2"},{"floor":8,"key":"Mercury Hourglass"},{"floor":9,"key":"White Beast Statue"},{"floor":11,"key":"Torii"},{"floor":11,"key":"Strawberry"},{"floor":12,"key":"AT_BladeRuinedKing"},{"floor":13,"key":"AT_GuinsooRageblade"},{"floor":13,"key":"The Courier"},{"floor":14,"key":"Boot"},{"floor":16,"key":"Toy Ornithopter"},{"floor":18,"key":"MealTicket"},{"floor":19,"key":"Mummified Hand"},{"floor":22,"key":"Snake Skull"},{"floor":24,"key":"Incense Burner"},{"floor":26,"key":"Regal Pillow"},{"floor":27,"key":"War Paint"},{"floor":28,"key":"Unceasing Top"},{"floor":29,"key":"Enchiridion"},{"floor":31,"key":"Gremlin Horn"},{"floor":33,"key":"Nunchaku"},{"floor":34,"key":"AT_EbonyIvory"},{"floor":34,"key":"Eternal Feather"},{"floor":34,"key":"Prayer Wheel"},{"floor":35,"key":"Lantern"},{"floor":36,"key":"Blue Candle"}],"event_choices":[{"damage_healed":0,"gold_gain":0,"player_choice":"Ignored","damage_taken":0,"max_hp_gain":0,"max_hp_loss":0,"event_name":"Upgrade Shrine","floor":4,"gold_loss":0},{"damage_healed":0,"gold_gain":0,"player_choice":"Ignored","damage_taken":0,"max_hp_gain":0,"max_hp_loss":0,"event_name":"Vampires","floor":21,"gold_loss":0},{"damage_healed":0,"gold_gain":0,"player_choice":"Obtained Book","damage_taken":16,"max_hp_gain":0,"max_hp_loss":0,"event_name":"Cursed Tome","floor":29,"gold_loss":0},{"damage_healed":0,"gold_gain":0,"player_choice":"Ignored","damage_taken":0,"max_hp_gain":0,"max_hp_loss":0,"event_name":"Accursed Blacksmith","floor":30,"gold_loss":0}],"is_beta":true,"boss_relics":[{"not_picked":["SacredBark","WristBlade"],"picked":"Empty Cage"},{"not_picked":["Busted Crown","Runic Pyramid"],"picked":"Calling Bell"}],"items_purged_floors":[20],"is_endless":false,"potions_floor_spawned":[1,5,6,11,12,13,14,16,18,19,22,24,27,28,33,35,36],"killed_by":"Orb Walker","ascension_level":0}}