{"host":"kemierffxzp7hjec","time":1608630262,"event":{"mods":["Act Like it!","BaseMod","Better Match","Better Note","Better Skull","Better Third Choice","Better Vampires","BetterRewards","CapriCore","ChefMod","Colored Map","Colored Powertips","Downfall","Energized Spire","Hallownest","Hermit","Highlight Path","Infinite Spire","JesterMod","Luminous","Magitek Elite","Marisa????????","Minty Spire (QoL Compilation)","Permanent Neow","Potionbrewer","Quick Restart","Replay The Spire","Robot Space Explorer","Shade Mod","Spicy Shops","StSLib","The Animator","The Bladedancer","The Bug Knight","The Construct","The Disciple","The Dragon Tamer","The Hierophant","The Immortal","The Marked","The Runesmith","The Servant 0.9.4","The Spell Scribe","TheFirefly","TheSwordswoman","TheVacant"],"gold_per_floor":[119,133,109,59,76,111,11,11,11,11,39,49,49,64,64,162,162,162,162],"floor_reached":18,"playtime":1241,"items_purged":["theMarked:Strike","theMarked:Strike"],"score":170,"play_id":"56267cc1-ebf0-4c1d-81e5-df6f506a059b","local_time":"20201222044422","is_ascension_mode":false,"campfire_choices":[{"data":"theMarked:SoldierOfQuellstein","floor":10,"key":"SMITH"},{"floor":15,"key":"REST"}],"circlet_count":0,"master_deck":["theMarked:Strike","theMarked:Strike","theMarked:Defend","theMarked:Defend","theMarked:Defend","theMarked:SoldierOfQuellstein+1","theMarked:SoldierOfQuellstein+1","theMarked:SwordAndMagic","theMarked:Improvise","theMarked:MuscleMemory","theMarked:EmpowerWeapon","theMarked:SelfDefenseTraining","theMarked:SoldierForm+1"],"relics":["theMarked:ArtifactOfAir","DollysMirror","Replay:Towering Pillar of Hats","Golden Egg","Replay:Bottled Snecko","Cursed Key"],"acts_visited":["Exordium","TheCity"],"potions_floor_usage":[6,6,8,11,14,16],"damage_taken":[{"damage":0,"enemies":"2 Louse","floor":1,"turns":3},{"damage":1,"enemies":"Jaw Worm","floor":2,"turns":3},{"damage":1,"enemies":"Cultist","floor":5,"turns":3},{"damage":10,"enemies":"3 Sentries","floor":6,"turns":7},{"damage":11,"enemies":"HollowMod:MossKnight","floor":11,"turns":12},{"damage":1,"enemies":"3 Louse","floor":12,"turns":2},{"damage":5,"enemies":"Looter","floor":14,"turns":3},{"damage":27,"enemies":"Hexaghost","floor":16,"turns":9},{"damage":0,"enemies":"Spheric Guardian","floor":18,"turns":2}],"seed_played":"6420983603087175242","potions_obtained":[{"floor":1,"key":"BlessingOfTheForge"},{"floor":2,"key":"sneckomod:MuddlingPotion"},{"floor":5,"key":"FearPotion"},{"floor":8,"key":"Fruit Juice"},{"floor":8,"key":"Elixir"},{"floor":8,"key":"Weak Potion"},{"floor":12,"key":"SpeedPotion"}],"is_trial":false,"path_per_floor":["M","M","?","?","M","E","$","?","T","R","E","M","?","M","R","B",null,"M"],"character_chosen":"THE_DEFAULT","items_purchased":["DollysMirror"],"campfire_rested":1,"item_purchase_floors":[0],"current_hp_per_floor":[70,69,69,69,68,58,58,63,63,63,52,51,46,41,63,36,75,75,75],"gold":162,"neow_bonus":"","is_daily":false,"chose_seed":false,"campfire_upgraded":1,"win_rate":0.0,"timestamp":1608630262,"path_taken":["M","M","?","?","M","E","$","?","T","R","E","?","?","M","R","BOSS","M"],"items_purchased_type":["Relic"],"build_version":"2020-12-13","purchased_purges":2,"victory":false,"max_hp_per_floor":[70,70,70,70,70,70,70,75,75,75,75,75,75,75,75,75,75,75,75],"card_choices":[{"not_picked":["theMarked:HeightenedSenses","theMarked:Polarize"],"picked":"theMarked:SwordAndMagic","floor":1},{"not_picked":["theMarked:HeritageOfTheMarked","theMarked:ElectricStrings","theMarked:BanishingWave"],"picked":"SKIP","floor":2},{"not_picked":["theMarked:BanishingStrike","theMarked:CreepingChasm"],"picked":"theMarked:Improvise","floor":5},{"not_picked":["theMarked:HeightenedSenses","theMarked:TunnelVision"],"picked":"theMarked:MuscleMemory","floor":6},{"not_picked":["theMarked:WastefulDefense","theMarked:ParalyzingBlade"],"picked":"theMarked:EmpowerWeapon","floor":11},{"not_picked":["theMarked:BanishingWave","theMarked:WastefulAttack"],"picked":"theMarked:SelfDefenseTraining","floor":12},{"not_picked":["theMarked:ParalyzingBlade","theMarked:Panic","theMarked:CreepingChasm"],"picked":"SKIP","floor":14},{"not_picked":["theMarked:DispelDoubt","theMarked:Snap"],"picked":"theMarked:SoldierForm","floor":16}],"player_experience":333394,"relics_obtained":[{"floor":6,"key":"Replay:Towering Pillar of Hats"},{"floor":9,"key":"Golden Egg"},{"floor":11,"key":"Replay:Bottled Snecko"}],"event_choices":[{"damage_healed":0,"gold_gain":0,"player_choice":"Left","damage_taken":0,"max_hp_gain":0,"max_hp_loss":0,"event_name":"betterThird:BetterGoop","floor":3,"gold_loss":24},{"cards_removed":["theMarked:Defend"],"damage_healed":0,"gold_gain":0,"player_choice":"Card Removal","damage_taken":0,"max_hp_gain":0,"max_hp_loss":0,"event_name":"The Cleric","floor":4,"gold_loss":50},{"damage_healed":0,"gold_gain":0,"player_choice":"Got Potions","damage_taken":0,"max_hp_gain":0,"max_hp_loss":0,"event_name":"Lab","floor":8,"gold_loss":0}],"is_beta":false,"boss_relics":[{"not_picked":["energizedSpire:SpiderWeb","Black Star"],"picked":"Cursed Key"}],"items_purged_floors":[0,7],"is_endless":false,"potions_floor_spawned":[1,2,5,12],"killed_by":"Spheric Guardian","ascension_level":0}}