{"host":"4cg1bxw06h6gq5hn","time":1608615874,"event":{"mods":["Act Like it!","BaseMod","Better Note","Block Reminder","Chen","Colored Map","Friendly Minions","Gensokyo","Hallownest","HololiveMod","Hubris","Infinite Spire","Kiyohime????","Koishi","Marisa????????","Minty Spire (QoL Compilation)","Onozuka Komachi Mod","Quick Restart","Remilia_Scarlet Moed?????·?????3.3.5","Shop Mod","StSLib","The Alterego","The Bug Knight","The Servant 0.9.4","Unceasing Turn Reminder","Youmu??????","Yuyuko"],"gold_per_floor":[117,127,127,145,162,162,192,192,192,192,192,32,32,50,50,147,147,166,166,184,64,64,64,74,74,74,74,101,119,119,134,134,235,235,247,247,247,257,257,257,284,301,326,326,326,27,45,45,45,45,45,45,45,78,78],"floor_reached":56,"playtime":6160,"items_purged":[],"score":1268,"play_id":"2d9a4755-9dcb-44e6-89f3-1c16b20f4b3f","local_time":"20201222024434","is_ascension_mode":false,"campfire_choices":[{"data":"alterego_mod:Nekomimi","floor":6,"key":"SMITH"},{"data":"alterego_mod:BigMeatyClaws","floor":8,"key":"SMITH"},{"data":"alterego_mod:GIGAMILK","floor":11,"key":"SMITH"},{"data":"alterego_mod:Mirror","floor":15,"key":"SMITH"},{"data":"alterego_mod:Valentines","floor":23,"key":"SMITH"},{"floor":25,"key":"RECALL"},{"data":"infinitespire:TheBestDefense","floor":32,"key":"SMITH"},{"data":"alterego_mod:STier","floor":40,"key":"SMITH"},{"data":"alterego_mod:SuperDuperMasochism","floor":44,"key":"SMITH"},{"floor":49,"key":"REST"},{"data":"alterego_mod:Vow","floor":49,"key":"SMITH"},{"data":"alterego_mod:BrynhildrsRune","floor":52,"key":"SMITH"}],"circlet_count":0,"master_deck":["alterego_mod:Strike","alterego_mod:Strike","alterego_mod:Strike","alterego_mod:Strike","alterego_mod:Defend","alterego_mod:Defend","alterego_mod:Defend","alterego_mod:Defend","alterego_mod:BigMeatyClaws+1","alterego_mod:BrynhildrsRune+1","alterego_mod:Rip","alterego_mod:Valentines+1","alterego_mod:RidiculouslyBig","alterego_mod:Nekomimi+1","alterego_mod:GIGAMILK+1","alterego_mod:Mirror+1","alterego_mod:Vow+1","alterego_mod:Undulate+1","alterego_mod:BusterCard+1","alterego_mod:Pet+1","infinitespire:TheBestDefense+1","alterego_mod:Punishment+1","alterego_mod:Birthday","alterego_mod:SuperDuperMasochism+1","alterego_mod:STier+1","alterego_mod:BiFurious+1","alterego_mod:Birthday+1","alterego_mod:DiscoLights+1","alterego_mod:1TonWallop+1","alterego_mod:TrashNCrash","alterego_mod:Pet"],"relics":["alterego_mod:MasochisticConstitution","NeowsBlessing","hubris:MedicalManual","Meat on the Bone","Happy Flower","Enchiridion","SacredBark","Gensokyo:DemonMask","Anchor","infinitespire:Joker Card","infinitespire:Cupcake","Letter Opener","Bag of Preparation","alterego_mod:SistersRibbon","MerchantsRug","OrangePellets","PreservedInsect","Strawberry","infinitespire:Magic Flask","infinitespire:PuzzleCube"],"acts_visited":["Gensokyo:Gensokyo","Gensokyo:Gensokyoer","Gensokyo:Gensokyoest","TheEnding"],"potions_floor_usage":[7,7,28,29,55,55,55],"damage_taken":[{"damage":0,"enemies":"Gensokyo:Gryphon","floor":1,"turns":1},{"damage":0,"enemies":"Gensokyo:2_Kodama","floor":2,"turns":2},{"damage":0,"enemies":"Gensokyo:Python","floor":4,"turns":1},{"damage":39,"enemies":"Gensokyo:2_Rabbits","floor":5,"turns":9},{"damage":36,"enemies":"Gensokyo:Cirno","floor":7,"turns":8},{"damage":0,"enemies":"Gensokyo:Python_and_Kodama","floor":14,"turns":5},{"damage":52,"enemies":"Gensokyo:Reimu","floor":16,"turns":19},{"damage":44,"enemies":"Gensokyo:3_Dogs","floor":18,"turns":9},{"damage":0,"enemies":"hubris:Merchant","floor":19,"turns":1},{"damage":13,"enemies":"Gensokyo:2_Gloops","floor":20,"turns":6},{"damage":7,"enemies":"Gensokyo:Wraith","floor":24,"turns":7},{"damage":10,"enemies":"Nightmare","floor":28,"turns":11},{"damage":6,"enemies":"Gensokyo:Swordslinger","floor":29,"turns":5},{"damage":21,"enemies":"Gensokyo:Mirror_and_Dog","floor":31,"turns":7},{"damage":1,"enemies":"Gensokyo:Eternal_Rivals","floor":33,"turns":4},{"damage":3,"enemies":"Gensokyo:3_Bats","floor":35,"turns":4},{"damage":8,"enemies":"Gensokyo:AncientGuardian","floor":38,"turns":9},{"damage":58,"enemies":"Nightmare","floor":41,"turns":13},{"damage":2,"enemies":"Gensokyo:SeedOfUnknown","floor":42,"turns":9},{"damage":6,"enemies":"Gensokyo:Dusk_and_Dawn","floor":47,"turns":4},{"damage":15,"enemies":"Gensokyo:Yuyuko","floor":50,"turns":5},{"damage":0,"enemies":"Shield and Spear","floor":54,"turns":3},{"damage":18,"enemies":"The Heart","floor":55,"turns":8}],"seed_played":"-3802314219904559947","potions_obtained":[{"floor":1,"key":"Explosive Potion"},{"floor":4,"key":"SkillPotion"},{"floor":7,"key":"Swift Potion"},{"floor":18,"key":"Explosive Potion"},{"floor":20,"key":"Weak Potion"},{"floor":33,"key":"Fire Potion"},{"floor":35,"key":"LiquidBronze"},{"floor":41,"key":"Ancient Potion"}],"is_trial":false,"path_per_floor":["M","M","$","M","M","R","E","R","T","?","R","?","COS","M","R","B",null,"M","$","M","?","?","R","M","R","T","?","NM","M","AVR","M","R","B",null,"M","?","?","M","?","R","NM","M","T","R","?","$","M","$","R","B",null,"R","$","E","B",null],"character_chosen":"The_Alterego","items_purchased":["alterego_mod:SistersRibbon","MerchantsRug","OrangePellets","PreservedInsect","Strawberry","infinitespire:Magic Flask"],"campfire_rested":1,"item_purchase_floors":[46,46,48,48,48,48],"current_hp_per_floor":[70,70,70,70,46,46,11,11,11,11,11,11,11,37,37,73,73,49,49,49,49,49,49,50,50,50,32,42,44,44,52,52,68,80,78,78,78,73,73,73,40,44,44,44,44,44,51,8,35,35,93,93,93,93,81],"gold":78,"neow_bonus":"THREE_ENEMY_KILL","is_daily":false,"chose_seed":false,"campfire_upgraded":10,"win_rate":0.0,"timestamp":1608615874,"path_taken":["M","M","$","M","M","R","E","R","T","?","R","?","COS","M","R","BOSS","M","$","M","?","?","R","M","R","T","?","NM","?","AVR","M","R","BOSS","M","?","?","M","?","R","NM","?","T","R","?","?","?","?","R","BOSS","R","$","E","BOSS"],"items_purchased_type":["Relic","Relic","Relic","Relic","Relic","Relic"],"build_version":"2020-12-13","purchased_purges":0,"victory":true,"max_hp_per_floor":[70,70,70,70,71,71,72,72,72,72,72,72,72,72,72,73,73,74,74,75,75,75,75,76,76,76,76,77,78,78,79,79,80,80,81,81,81,82,82,82,83,84,84,84,84,84,85,92,92,93,93,93,93,93,94],"card_choices":[{"not_picked":["alterego_mod:Bloomers","alterego_mod:Skirt"],"picked":"alterego_mod:Rip","floor":1},{"not_picked":["alterego_mod:Cooking","alterego_mod:DeftHands"],"picked":"alterego_mod:Valentines","floor":2},{"not_picked":["alterego_mod:Valentines","alterego_mod:PurpleHair"],"picked":"alterego_mod:RidiculouslyBig","floor":4},{"not_picked":["alterego_mod:GoddessCore","alterego_mod:DeftHands"],"picked":"alterego_mod:Nekomimi","floor":5},{"not_picked":["alterego_mod:DiscoLights","alterego_mod:Belts"],"picked":"alterego_mod:GIGAMILK","floor":7},{"not_picked":["alterego_mod:Schoolgirl","alterego_mod:Clap"],"picked":"alterego_mod:Mirror","floor":14},{"not_picked":["alterego_mod:Alter","alterego_mod:ClassAdvantage"],"picked":"alterego_mod:Vow","floor":16},{"not_picked":["alterego_mod:1TonWallop+1","alterego_mod:DeftHands"],"picked":"alterego_mod:Undulate+1","floor":18},{"not_picked":["alterego_mod:MagicResistance","alterego_mod:Skirt"],"picked":"alterego_mod:BusterCard+1","floor":20},{"not_picked":["alterego_mod:DeftHands","alterego_mod:Undulate"],"picked":"alterego_mod:Pet+1","floor":24},{"not_picked":["infinitespire:Execution","infinitespire:Starlight"],"picked":"infinitespire:TheBestDefense","floor":27},{"not_picked":["alterego_mod:DiscoLights","alterego_mod:Santa"],"picked":"alterego_mod:Punishment+1","floor":28},{"not_picked":["alterego_mod:Cycle","alterego_mod:Cooking+1"],"picked":"alterego_mod:Birthday","floor":29},{"not_picked":["alterego_mod:Cycle+1","alterego_mod:Undulate"],"picked":"alterego_mod:SuperDuperMasochism","floor":31},{"not_picked":["alterego_mod:InsideBaseball","alterego_mod:VirginLaserPalladion"],"picked":"alterego_mod:STier","floor":33},{"not_picked":["alterego_mod:TrashNCrash","alterego_mod:HighServant+1"],"picked":"alterego_mod:BiFurious+1","floor":35},{"not_picked":["alterego_mod:Bounce+1","alterego_mod:DestructionOfProperty+1"],"picked":"alterego_mod:Birthday+1","floor":38},{"not_picked":["alterego_mod:BiFurious","alterego_mod:Belle"],"picked":"alterego_mod:DiscoLights+1","floor":41},{"not_picked":["alterego_mod:Undulate","alterego_mod:Mirror"],"picked":"alterego_mod:1TonWallop+1","floor":42},{"not_picked":["alterego_mod:Complex","alterego_mod:Birthday"],"picked":"alterego_mod:TrashNCrash","floor":47},{"not_picked":["alterego_mod:Swimsuit","alterego_mod:PerceptionDisorder"],"picked":"alterego_mod:Pet","floor":54}],"player_experience":500190,"relics_obtained":[{"floor":7,"key":"hubris:MedicalManual"},{"floor":9,"key":"Meat on the Bone"},{"floor":28,"key":"Anchor"},{"floor":41,"key":"Letter Opener"},{"floor":43,"key":"Bag of Preparation"},{"floor":54,"key":"infinitespire:PuzzleCube"}],"event_choices":[],"is_beta":false,"boss_relics":[{"not_picked":["Hololive_TopUpMoneyS","hubris:VirtuousBlindfold"],"picked":"SacredBark"},{"not_picked":["Black Star","hubris:Backtick"],"picked":"infinitespire:Cupcake"}],"items_purged_floors":[],"is_endless":false,"potions_floor_spawned":[1,4,7,18,20,33,35,41,47,54],"ascension_level":0}}