{"host":"2461dio7vetlq1z3","time":1608606199,"event":{"mods":["2.2 Compatiblity","AchievementEnabler","BaseMod","Better Third Choice","Hermit","Minty Spire (QoL Compilation)","Relic Stats","Spicy Shops","StSLib","The Runesmith","Waifu the Spire"],"gold_per_floor":[116,116,126,201,218,218,228,259,259,259,259,275,287,305,305,407,407,427,42,42,117,136,136,171,171,171,171,171,190,45,58,58,160,160,170,170,188,201,61,61,88,88,141,160,160,160,174,198,198,198,198,198,11,45,45,45],"floor_reached":55,"playtime":2622,"items_purged":["Runesmith:Strike_RS"],"score":817,"play_id":"76344812-aab0-47b1-bcdc-fad01f8d21ea","local_time":"20201222040319","is_ascension_mode":false,"campfire_choices":[{"data":"Runesmith:FieryHammer+1","floor":6,"key":"SMITH"},{"data":"Runesmith:FieryHammer+2","floor":10,"key":"SMITH"},{"data":"Runesmith:FieryHammer+3","floor":15,"key":"SMITH"},{"data":"Runesmith:FieryHammer+4","floor":23,"key":"SMITH"},{"data":"Runesmith:FieryHammer+5","floor":25,"key":"SMITH"},{"data":"Runesmith:FieryHammer+6","floor":27,"key":"SMITH"},{"data":"Runesmith:FieryHammer+7","floor":32,"key":"SMITH"},{"data":"Runesmith:Permafrost","floor":40,"key":"SMITH"},{"data":"Runesmith:FieryHammer+8","floor":42,"key":"SMITH"},{"floor":45,"key":"RECALL"},{"floor":49,"key":"REST"},{"data":"Runesmith:FieryHammer+9","floor":52,"key":"SMITH"}],"circlet_count":0,"master_deck":["Runesmith:CraftFirestone","Runesmith:Fortify+1","Runesmith:FieryHammer+10","Runesmith:StaticCage","Runesmith:Empowerment","Runesmith:DuctTape","Runesmith:CraftProtectio","Runesmith:ChiselStab","Runesmith:EarthShield","Runesmith:CreatorForm","Runesmith:HeatedChisel+1","Runesmith:Grindstone","Necronomicurse","Runesmith:DoubleUp+1","Runesmith:Retool+1","Runesmith:Reinforce+1","Runesmith:Grindstone+1","Runesmith:NanitesCloud+1","Runesmith:LightningRod+1","Runesmith:ReplicatingBarrier","Runesmith:HammerTime+1","Runesmith:Grindstone+1","Runesmith:ArcReactor","Runesmith:GenerateForcefield+1","Runesmith:CraftSpiculum+1","Runesmith:Refine+1","Runesmith:Permafrost+1","Runesmith:FieryHammer+10","Runesmith:CreatorForm","Runesmith:HammerThrow+1"],"relics":["Runesmith:BrokenRuby","Tiny Chest","Ornamental Fan","Sundial","Philosopher\u0027s Stone","Toxic Egg 2","Necronomicon","Runesmith:Nanobots","Molten Egg 2","HornCleat","Orrery","Pandora\u0027s Box","Omamori","The Courier","Runesmith:EmergencyProvisions","DollysMirror","Kunai"],"acts_visited":["Exordium","TheCity","TheBeyond","TheEnding"],"potions_floor_usage":[8,14,24,33,50,50,55,55],"damage_taken":[{"damage":0,"enemies":"2 Louse","floor":1,"turns":3},{"damage":0,"enemies":"Small Slimes","floor":3,"turns":3},{"damage":0,"enemies":"Jaw Worm","floor":5,"turns":2},{"damage":0,"enemies":"2 Fungi Beasts","floor":7,"turns":2},{"damage":18,"enemies":"3 Sentries","floor":8,"turns":5},{"damage":9,"enemies":"Red Slaver","floor":12,"turns":5},{"damage":0,"enemies":"Looter","floor":13,"turns":4},{"damage":8,"enemies":"Exordium Thugs","floor":14,"turns":4},{"damage":0,"enemies":"The Guardian","floor":16,"turns":13},{"damage":8,"enemies":"Shell Parasite","floor":18,"turns":6},{"damage":0,"enemies":"Spheric Guardian","floor":22,"turns":1},{"damage":2,"enemies":"Slavers","floor":24,"turns":2},{"damage":0,"enemies":"Centurion and Healer","floor":29,"turns":3},{"damage":7,"enemies":"Snake Plant","floor":31,"turns":5},{"damage":0,"enemies":"Collector","floor":33,"turns":7},{"damage":0,"enemies":"Orb Walker","floor":35,"turns":1},{"damage":8,"enemies":"3 Darklings","floor":37,"turns":2},{"damage":0,"enemies":"4 Shapes","floor":38,"turns":2},{"damage":6,"enemies":"Nemesis","floor":41,"turns":3},{"damage":0,"enemies":"Maw","floor":44,"turns":6},{"damage":47,"enemies":"Transient","floor":47,"turns":5},{"damage":24,"enemies":"Donu and Deca","floor":50,"turns":5},{"damage":0,"enemies":"Shield and Spear","floor":54,"turns":1},{"damage":104,"enemies":"The Heart","floor":55,"turns":5}],"seed_played":"-6971171583788567881","potions_obtained":[{"floor":3,"key":"Energy Potion"},{"floor":7,"key":"GamblersBrew"},{"floor":13,"key":"ColorlessPotion"},{"floor":24,"key":"ColorlessPotion"},{"floor":31,"key":"PowerPotion"},{"floor":33,"key":"Regen Potion"},{"floor":38,"key":"Regen Potion"},{"floor":41,"key":"DuplicationPotion"},{"floor":54,"key":"SpeedPotion"}],"is_trial":false,"path_per_floor":["M","?","M","?","M","R","M","E","T","R","?","M","M","M","R","B",null,"M","$","?","?","M","R","E","R","T","R","T","M","$","M","R","B",null,"M","?","M","M","$","R","E","R","T","M","R","T","M","T","R","B",null,"R","$","E","B"],"character_chosen":"RUNESMITH_CLASS","items_purchased":["Runesmith:Grindstone","Toxic Egg 2","Orrery","Runesmith:Refine+1","Runesmith:Permafrost","DollysMirror","Runesmith:CreatorForm"],"campfire_rested":1,"item_purchase_floors":[19,19,30,39,39,53,53],"current_hp_per_floor":[70,70,70,59,59,59,59,41,41,41,34,25,25,17,17,17,70,62,62,46,39,39,39,37,37,37,37,37,37,37,30,30,30,70,70,70,62,62,62,62,56,56,56,56,56,56,9,9,30,40,70,70,70,70,0,0],"gold":45,"neow_bonus":"UPGRADE_CARD","is_daily":false,"chose_seed":false,"campfire_upgraded":10,"win_rate":0.0,"timestamp":1608606199,"path_taken":["M","?","M","?","M","R","M","E","T","R","?","M","M","M","R","BOSS","M","$","?","?","M","R","E","R","T","R","?","M","$","M","R","BOSS","M","?","M","M","$","R","E","R","T","?","R","?","M","?","R","BOSS","R","$","E","BOSS"],"items_purchased_type":["Card","Relic","Relic","Card","Card","Relic","Card"],"build_version":"2020-12-13","purchased_purges":1,"victory":false,"max_hp_per_floor":[70,70,70,70,70,70,70,70,70,70,70,70,70,70,70,70,70,70,70,70,70,70,70,70,70,70,70,70,70,70,70,70,70,70,70,70,70,70,70,70,70,70,70,70,70,70,70,70,70,70,70,70,70,70,70,70],"relic_stats":{"counters":[24,95],"Ornamental Fan":[20],"Sundial":[8],"Tiny Chest":2,"Pandora\u0027s Box":["Runesmith:ReplicatingBarrier","Runesmith:HammerTime","Runesmith:RuneHurl","Runesmith:Grindstone","Runesmith:ArcReactor","Runesmith:GenerateForcefield","Runesmith:CraftSpiculum"],"Necronomicon":[20],"Kunai":[0],"obtain_stats":[{"Runesmith:BrokenRuby":0,"Runesmith:Nanobots":24,"The Courier":46,"Omamori":41,"Runesmith:EmergencyProvisions":48,"HornCleat":28,"Ornamental Fan":9,"Sundial":11,"DollysMirror":53,"Orrery":30,"Tiny Chest":8,"Philosopher\u0027s Stone":17,"Molten Egg 2":26,"Pandora\u0027s Box":34,"Necronomicon":20,"Kunai":54,"Toxic Egg 2":19},{"Runesmith:BrokenRuby":0,"Runesmith:Nanobots":12,"The Courier":20,"Omamori":19,"Runesmith:EmergencyProvisions":21,"HornCleat":12,"Ornamental Fan":5,"Sundial":5,"DollysMirror":22,"Orrery":13,"Tiny Chest":5,"Philosopher\u0027s Stone":9,"Molten Egg 2":12,"Pandora\u0027s Box":15,"Necronomicon":10,"Kunai":23,"Toxic Egg 2":10},{"Runesmith:BrokenRuby":0,"Runesmith:Nanobots":50,"The Courier":79,"Omamori":73,"Runesmith:EmergencyProvisions":84,"HornCleat":50,"Ornamental Fan":15,"Sundial":15,"DollysMirror":89,"Orrery":53,"Tiny Chest":15,"Philosopher\u0027s Stone":41,"Molten Egg 2":50,"Pandora\u0027s Box":65,"Necronomicon":47,"Kunai":90,"Toxic Egg 2":47}]},"card_choices":[{"not_picked":["Runesmith:HeatExchange","Runesmith:HeatedChisel"],"picked":"Runesmith:FieryHammer","floor":1},{"not_picked":["Runesmith:EarthShield","Runesmith:Electrocute"],"picked":"Runesmith:StaticCage","floor":3},{"not_picked":["Runesmith:StaticCage","Runesmith:ChargedHammer","Runesmith:WhiteBalance"],"picked":"SKIP","floor":5},{"not_picked":["Runesmith:MakeshiftArmor","Runesmith:HeatExchange"],"picked":"Runesmith:Empowerment","floor":7},{"not_picked":["Runesmith:CraftVitae","Runesmith:ChiselStab"],"picked":"Runesmith:DuctTape","floor":8},{"not_picked":["Runesmith:Overpower","Runesmith:CraftReservo"],"picked":"Runesmith:CraftProtectio","floor":12},{"not_picked":["Runesmith:EnergizedChisel","Runesmith:ShiftingStrike"],"picked":"Runesmith:ChiselStab","floor":13},{"not_picked":["Runesmith:Accelerate","Runesmith:HeatedChisel"],"picked":"Runesmith:EarthShield","floor":14},{"not_picked":["Runesmith:ReplicatingBarrier","Runesmith:CraftIndustria"],"picked":"Runesmith:CreatorForm","floor":16},{"not_picked":["Runesmith:MakeshiftArmor","Runesmith:EarthShield"],"picked":"Runesmith:HeatedChisel+1","floor":18},{"not_picked":["Runesmith:HammerAndChisel+1","Runesmith:HeatExchange"],"picked":"Runesmith:DoubleUp+1","floor":22},{"not_picked":["Runesmith:ChiselStab","Runesmith:HeatedChisel","Runesmith:UnstableHammer"],"picked":"SKIP","floor":24},{"not_picked":["Runesmith:ChiselStab+1","Runesmith:DuctTape"],"picked":"Runesmith:Retool+1","floor":29},{"not_picked":["Runesmith:ChiselStab+1","Runesmith:UnstableHammer+1"],"picked":"Runesmith:Reinforce+1","floor":30},{"not_picked":["Runesmith:Electrocute+1","Runesmith:CraftMagma+1"],"picked":"Runesmith:Grindstone+1","floor":30},{"not_picked":["Runesmith:WhiteBalance+1","Runesmith:ChiselStab+1"],"picked":"Runesmith:NanitesCloud+1","floor":30},{"not_picked":["Runesmith:Attraction+1","Runesmith:Supernova+1","Runesmith:DoubleUp+1"],"picked":"SKIP","floor":31},{"not_picked":["Runesmith:CreatorForm","Runesmith:GrandSlam+1"],"picked":"Runesmith:LightningRod+1","floor":33},{"not_picked":["Runesmith:StaticCage+1","Runesmith:CraftIncendium+1","Runesmith:ChiselStab+1"],"picked":"SKIP","floor":35},{"not_picked":["Runesmith:StaticCage+1","Runesmith:NegativeSpace+1","Runesmith:ShiftingStrike+1"],"picked":"SKIP","floor":37},{"not_picked":["Runesmith:CraftMagma+1","Runesmith:Superposition+1","Runesmith:OneForEveryone+1"],"picked":"SKIP","floor":38},{"not_picked":["Runesmith:HeatExchange+1","Runesmith:StaticCage+1","Runesmith:CraftVitae+1"],"picked":"SKIP","floor":41},{"not_picked":["Runesmith:Repurpose+1","Runesmith:DoubleUp+1","Runesmith:Grindstone+1"],"picked":"SKIP","floor":44},{"not_picked":["Runesmith:ChiselStab+1","Runesmith:StaticCage+1","Runesmith:CraftIndustria+1"],"picked":"SKIP","floor":47},{"not_picked":["Runesmith:EarthShield+1","Runesmith:ShiftingStrike+1"],"picked":"Runesmith:HammerThrow+1","floor":54}],"player_experience":838521,"relics_obtained":[{"floor":8,"key":"Tiny Chest"},{"floor":9,"key":"Ornamental Fan"},{"floor":20,"key":"Necronomicon"},{"floor":24,"key":"Runesmith:Nanobots"},{"floor":26,"key":"Molten Egg 2"},{"floor":28,"key":"HornCleat"},{"floor":41,"key":"Omamori"},{"floor":46,"key":"The Courier"},{"floor":48,"key":"Runesmith:EmergencyProvisions"},{"floor":54,"key":"Kunai"}],"event_choices":[{"damage_healed":0,"gold_gain":0,"player_choice":"Grow","damage_taken":0,"max_hp_gain":0,"max_hp_loss":0,"event_name":"Living Wall","floor":2,"gold_loss":0,"cards_upgraded":["Runesmith:FieryHammer"]},{"damage_healed":0,"gold_gain":75,"player_choice":"Gold","damage_taken":11,"max_hp_gain":0,"max_hp_loss":0,"event_name":"betterThird:BetterGoop","floor":4,"gold_loss":0},{"damage_healed":0,"gold_gain":0,"player_choice":"Relic ","damage_taken":7,"max_hp_gain":0,"max_hp_loss":0,"event_name":"betterThird:BetterScrap","floor":11,"gold_loss":0,"cards_obtained":["Sunder"]},{"damage_healed":0,"gold_gain":0,"player_choice":"Obtained Book","damage_taken":16,"max_hp_gain":0,"max_hp_loss":0,"event_name":"Cursed Tome","floor":20,"gold_loss":0},{"damage_healed":0,"gold_gain":75,"player_choice":"Touch","damage_taken":7,"max_hp_gain":0,"max_hp_loss":0,"event_name":"FaceTrader","floor":21,"gold_loss":0},{"cards_removed":["Runesmith:RuneHurl"],"damage_healed":0,"gold_gain":0,"player_choice":"Purged","damage_taken":0,"max_hp_gain":0,"max_hp_loss":0,"event_name":"Purifier","floor":36,"gold_loss":0}],"is_beta":false,"boss_relics":[{"not_picked":["Sozu","Tiny House"],"picked":"Philosopher\u0027s Stone"},{"not_picked":["Runic Pyramid","Runesmith:UraniumAnvil"],"picked":"Pandora\u0027s Box"}],"items_purged_floors":[19],"is_endless":false,"potions_floor_spawned":[3,7,13,24,31,33,38,41,44,47,54],"killed_by":"The Heart","ascension_level":0}}