{"host":"e2ju6k0wppswbhbd","time":1608596881,"event":{"mods":["BaseMod","Minty Spire (QoL Compilation)","Rare Cards Sparkle","StSLib"],"gold_per_floor":[110,130,143,163,177,206,206,224,224,242,2,2,2,2,2,101,101,117,5,5,22,22,52,52,64,64,64,79,161,161,261,261,360,360,379,22,22,0,11,38,38,38,38,15,15,35,35,50,50,50,50,50,6,34,34,34],"floor_reached":55,"playtime":7917,"items_purged":["Defend_G"],"score":790,"play_id":"23a5f4a3-ecfb-47ca-88b9-dd2bd3093c17","local_time":"20201222012801","is_ascension_mode":false,"campfire_choices":[{"floor":7.0,"key":"RECALL"},{"data":"Dash","floor":15.0,"key":"SMITH"},{"floor":24.0,"key":"REST"},{"data":"Bullet Time","floor":30,"key":"SMITH"},{"data":"Neutralize","floor":32,"key":"SMITH"},{"data":"Survivor","floor":41,"key":"SMITH"},{"data":"Tactician","floor":45,"key":"SMITH"},{"data":"Finisher","floor":47,"key":"SMITH"},{"data":"Crippling Poison","floor":49,"key":"SMITH"},{"data":"Underhanded Strike","floor":52,"key":"SMITH"}],"circlet_count":0,"master_deck":["Survivor+1","Neutralize+1","Good Instincts","Flying Knee","Dagger Spray","Quick Slash","Cloak And Dagger","Tactician+1","Crippling Poison+1","Dash+1","Heel Hook","Underhanded Strike+1","Infinite Blades","Adrenaline","Blade Dance","Burst","Calculated Gamble","Unload","Corpse Explosion","All Out Attack","Bullet Time+1","Acrobatics","Caltrops","Dagger Throw","Cloak And Dagger","Prepared","Blade Dance+1","Necronomicurse","Slice","Catalyst+1","Poisoned Stab","Deflect+1","Envenom+1","Concentrate+1","Noxious Fumes+1","Terror+1","Prepared+1","Master of Strategy+1","Finisher+1","Panacea+1","Madness+1","Deadly Poison+1","Calculated Gamble+1","Writhe","Dodge and Roll+1","Reflex+1","Leg Sweep+1","Accuracy+1","PiercingWail+1","Dodge and Roll+1"],"relics":["Ring of the Snake","Mercury Hourglass","Kunai","Membership Card","Bag of Preparation","Pandora\u0027s Box","Lantern","Necronomicon","Bag of Marbles","Toxic Egg 2","Unceasing Top","Frozen Egg 2","Black Star","Ornamental Fan","Red Mask","The Specimen","Bronze Scales","Bottled Lightning","Ice Cream","Akabeko"],"acts_visited":["Exordium","TheCity","TheBeyond","TheEnding"],"potions_floor_usage":[31,40,40,54,55],"damage_taken":[{"damage":0.0,"enemies":"Jaw Worm","floor":1.0,"turns":11.0},{"damage":0.0,"enemies":"2 Louse","floor":2.0,"turns":2.0},{"damage":0.0,"enemies":"Cultist","floor":3.0,"turns":3.0},{"damage":0.0,"enemies":"Blue Slaver","floor":4.0,"turns":3.0},{"damage":3.0,"enemies":"3 Louse","floor":5.0,"turns":4.0},{"damage":13.0,"enemies":"Lagavulin","floor":6.0,"turns":9.0},{"damage":0.0,"enemies":"Looter","floor":8.0,"turns":4.0},{"damage":0.0,"enemies":"Large Slime","floor":10.0,"turns":4.0},{"damage":18.0,"enemies":"Slime Boss","floor":16.0,"turns":11.0},{"damage":0.0,"enemies":"3 Byrds","floor":18.0,"turns":2.0},{"damage":1.0,"enemies":"Shell Parasite","floor":21.0,"turns":3.0},{"damage":34.0,"enemies":"Gremlin Leader","floor":23.0,"turns":5.0},{"damage":0,"enemies":"Centurion and Healer","floor":25,"turns":3},{"damage":0,"enemies":"3 Cultists","floor":28,"turns":1},{"damage":0,"enemies":"Colosseum Slavers","floor":31,"turns":1},{"damage":0,"enemies":"Colosseum Nobs","floor":31,"turns":2},{"damage":18,"enemies":"Automaton","floor":33,"turns":10},{"damage":1,"enemies":"3 Shapes","floor":35,"turns":3},{"damage":0,"enemies":"3 Darklings","floor":39,"turns":1},{"damage":39,"enemies":"Reptomancer","floor":40,"turns":5},{"damage":0,"enemies":"Transient","floor":46,"turns":5},{"damage":0,"enemies":"Jaw Worm Horde","floor":48,"turns":1},{"damage":19,"enemies":"Awakened One","floor":50,"turns":9},{"damage":13,"enemies":"Shield and Spear","floor":54,"turns":5},{"damage":122,"enemies":"The Heart","floor":55,"turns":8}],"seed_played":"-4156779082957611238","potions_obtained":[{"floor":4.0,"key":"Dexterity Potion"},{"floor":5.0,"key":"PowerPotion"},{"floor":6.0,"key":"GhostInAJar"},{"floor":16.0,"key":"Energy Potion"},{"floor":21.0,"key":"Fruit Juice"},{"floor":28,"key":"BlessingOfTheForge"},{"floor":33,"key":"CunningPotion"},{"floor":39,"key":"DuplicationPotion"},{"floor":46,"key":"CunningPotion"},{"floor":48,"key":"FairyPotion"},{"floor":54,"key":"Swift Potion"}],"is_trial":false,"path_per_floor":["M","M","M","M","M","E","R","M","T","M","$","?","?","$","R","B",null,"M","$","?","M","?","E","R","M","T","?","M","T","R","?","R","B",null,"M","$","?","?","M","E","R","?","T","$","R","M","R","M","R","B",null,"R","$","E","B"],"character_chosen":"THE_SILENT","items_purchased":["Membership Card","Underhanded Strike","Infinite Blades","Lantern","Cloak And Dagger","Prepared","Noxious Fumes+1","Terror+1","Prepared+1","Ornamental Fan","Master of Strategy+1","Finisher","Dodge and Roll+1","Accuracy+1","PiercingWail+1"],"campfire_rested":1,"item_purchase_floors":[11,11,11,19,19,19,36,36,36,36,36,36,44,53,53],"current_hp_per_floor":[70,70,70,70,67,54,54,54,54,54,54,59,59,59,59,41,75,75,75,61,60,44,15,40,40,40,40,40,40,40,40,40,22,85,84,84,79,79,79,40,40,61,61,61,61,61,61,61,61,42,85,85,85,72,0,0],"gold":34,"neow_bonus":"RANDOM_COLORLESS","is_daily":false,"chose_seed":false,"campfire_upgraded":8,"win_rate":0.0,"timestamp":1608596881,"path_taken":["M","M","M","M","M","E","R","M","T","M","$","?","?","$","R","BOSS","M","$","?","M","?","E","R","M","T","?","M","?","R","?","R","BOSS","M","$","?","?","M","E","R","?","T","$","R","M","R","M","R","BOSS","R","$","E","BOSS"],"items_purchased_type":["Relic","Card","Card","Relic","Card","Card","Card","Card","Card","Relic","Card","Card","Card","Card","Card"],"build_version":"2020-12-13","purchased_purges":1,"victory":false,"max_hp_per_floor":[70,70,70,70,70,70,70,70,70,70,70,75,75,75,75,75,75,75,75,80,80,80,85,85,85,85,85,85,85,85,85,85,85,85,85,85,85,85,85,85,85,85,85,85,85,85,85,85,85,85,85,85,85,85,85,85],"card_choices":[{"not_picked":["Impatience","Deep Breath"],"picked":"Good Instincts","floor":0.0},{"not_picked":["Dagger Throw","Finisher"],"picked":"Flying Knee","floor":1.0},{"not_picked":["Acrobatics","Bane"],"picked":"Dagger Spray","floor":2.0},{"not_picked":["Dagger Spray","Concentrate"],"picked":"Quick Slash","floor":3.0},{"not_picked":["Outmaneuver","Terror"],"picked":"Cloak And Dagger","floor":4.0},{"not_picked":["Quick Slash","Endless Agony"],"picked":"Tactician","floor":5.0},{"not_picked":["Accuracy","Underhanded Strike"],"picked":"Crippling Poison","floor":6.0},{"not_picked":["Phantasmal Killer","Catalyst"],"picked":"Dash","floor":8.0},{"not_picked":["All Out Attack","Slice"],"picked":"Heel Hook","floor":10.0},{"not_picked":["Wraith Form v2","Tools of the Trade"],"picked":"Adrenaline","floor":16.0},{"not_picked":["Outmaneuver","Heel Hook"],"picked":"Dagger Throw","floor":18.0},{"not_picked":["Underhanded Strike","Sucker Punch"],"picked":"Blade Dance+1","floor":21.0},{"not_picked":["Endless Agony","Dagger Spray"],"picked":"Slice","floor":23.0},{"not_picked":["Prepared","Flying Knee"],"picked":"Catalyst+1","floor":25},{"not_picked":["Dagger Spray","Deflect"],"picked":"Poisoned Stab","floor":28},{"not_picked":["Dodge and Roll+1","Acrobatics+1"],"picked":"Deflect+1","floor":31},{"not_picked":["Doppelganger+1","Malaise+1"],"picked":"Envenom+1","floor":33},{"not_picked":["Sucker Punch","Deflect+1"],"picked":"Concentrate+1","floor":35},{"not_picked":["Finesse+1","Magnetism+1"],"picked":"Panacea+1","floor":37},{"not_picked":["Discovery+1","The Bomb+1"],"picked":"Madness+1","floor":37},{"not_picked":["Poisoned Stab+1","Sucker Punch+1"],"picked":"Deadly Poison+1","floor":39},{"not_picked":["Masterful Stab+1","Noxious Fumes+1"],"picked":"Calculated Gamble+1","floor":40},{"not_picked":["Underhanded Strike","Bane"],"picked":"Reflex+1","floor":46},{"not_picked":["Catalyst+1","Finisher+1"],"picked":"Leg Sweep+1","floor":48},{"not_picked":["Backstab+1","Dagger Throw+1"],"picked":"Dodge and Roll+1","floor":54}],"player_experience":2553137,"relics_obtained":[{"floor":6.0,"key":"Mercury Hourglass"},{"floor":9.0,"key":"Kunai"},{"floor":22.0,"key":"Necronomicon"},{"floor":23.0,"key":"Bag of Marbles"},{"floor":29,"key":"Toxic Egg 2"},{"floor":31,"key":"Unceasing Top"},{"floor":31,"key":"Frozen Egg 2"},{"floor":40,"key":"The Specimen"},{"floor":40,"key":"Bronze Scales"},{"floor":43,"key":"Bottled Lightning"},{"floor":54,"key":"Ice Cream"},{"floor":54,"key":"Akabeko"}],"event_choices":[{"damage_healed":0.0,"max_hp_gain":5.0,"max_hp_loss":0.0,"gold_gain":0.0,"event_name":"Big Fish","player_choice":"Donut","floor":12.0,"gold_loss":0.0,"damage_taken":0.0},{"damage_healed":0.0,"max_hp_gain":0.0,"max_hp_loss":0.0,"gold_gain":0.0,"event_name":"WeMeetAgain","player_choice":"Gave Potion","floor":13.0,"gold_loss":0.0,"damage_taken":0.0,"relics_obtained":["Bag of Preparation"]},{"damage_healed":0.0,"max_hp_gain":5.0,"max_hp_loss":0.0,"gold_gain":0.0,"event_name":"Forgotten Altar","player_choice":"Shed Blood","floor":20.0,"gold_loss":0.0,"damage_taken":19.0},{"damage_healed":0.0,"max_hp_gain":0.0,"max_hp_loss":0.0,"gold_gain":0.0,"event_name":"Cursed Tome","player_choice":"Obtained Book","floor":22.0,"gold_loss":0.0,"damage_taken":16.0},{"damage_healed":0,"gold_gain":0,"player_choice":"Ignored","damage_taken":0,"max_hp_gain":0,"max_hp_loss":0,"event_name":"Vampires","floor":27,"gold_loss":0},{"damage_healed":0,"gold_gain":0,"player_choice":"Fight","damage_taken":0,"max_hp_gain":0,"max_hp_loss":0,"event_name":"Colosseum","floor":31,"gold_loss":0},{"damage_healed":0,"gold_gain":0,"player_choice":"Fought Nobs","damage_taken":0,"max_hp_gain":0,"max_hp_loss":0,"event_name":"Colosseum","floor":31,"gold_loss":0},{"damage_healed":0,"gold_gain":0,"player_choice":"Memory 2","damage_taken":5,"max_hp_gain":0,"max_hp_loss":0,"event_name":"SensoryStone","floor":37,"gold_loss":0},{"damage_healed":0,"gold_gain":0,"player_choice":"Paid","damage_taken":0,"relics_obtained":["Red Mask"],"max_hp_gain":0,"max_hp_loss":0,"event_name":"Tomb of Lord Red Mask","floor":38,"gold_loss":22},{"damage_healed":21,"gold_gain":0,"player_choice":"Writhe","damage_taken":0,"max_hp_gain":0,"max_hp_loss":0,"event_name":"Winding Halls","floor":42,"gold_loss":0,"cards_obtained":["Writhe"]}],"is_beta":false,"boss_relics":[{"not_picked":["Ectoplasm","Snecko Eye"],"picked":"Pandora\u0027s Box"},{"not_picked":["Empty Cage","Sozu"],"picked":"Black Star"}],"items_purged_floors":[11],"is_endless":false,"potions_floor_spawned":[4,5,6,16,21,28,31,33,39,46,48,54],"killed_by":"The Heart","ascension_level":0}}