{"host":"xhamcave7q47vrco","time":1608634407,"event":{"mods":["ATMod(°¢èªMod)","AchievementEnabler","BaseMod","BetterRewards","Colored Powertips","Minty Spire (QoL Compilation)","Permanent Neow","Quick Restart","Remove Card Discount Mod","StSLib","¡¾ÒÅÎï¿¨ÅÆ¡¿REMEMod"],"gold_per_floor":[113,131,141,141,141,170,184,184,211,239,239,0,0,16,16,113,113,125,144,164,152,215,244,244,275,275,291,341,341,341],"floor_reached":29,"playtime":956,"items_purged":["Strike_R","Defend_R","Strike_R","Defend_R","Defend_R","Defend_R","Strike_R","Strike_R","Strike_R"],"score":444,"play_id":"c6ead92d-0e80-4c2f-9a35-4631b82c1eb9","local_time":"20201222185327","is_ascension_mode":true,"campfire_choices":[{"data":"AT_ChampionStep","floor":11.0,"key":"SMITH"},{"data":"Whirlwind","floor":13.0,"key":"SMITH"},{"data":"AT_ShrugMaster","floor":15.0,"key":"SMITH"},{"data":"Limit Break","floor":24.0,"key":"SMITH"}],"circlet_count":0,"master_deck":["Bash","AT_ChampionKick+1","AT_ChampionStep+1","AT_IchimonjiDouble+1","Battle Trance","Whirlwind+1","AT_ShrugMaster+1","REME_ACTH","Shockwave","Limit Break+1","REME_SingleHolding"],"relics":["Burning Blood","REME_ComplimentaryCards","AT_ATBox","Centennial Puzzle","SsserpentHead","AT_ChloranthyRing","Lantern","Runic Dome","Ornamental Fan","AT_ArchangelStaff","REME_HandOfSuture"],"acts_visited":["Exordium","TheCity"],"potions_floor_usage":[],"damage_taken":[{"damage":0.0,"enemies":"Small Slimes","floor":1.0,"turns":2.0},{"damage":1.0,"enemies":"Cultist","floor":2.0,"turns":3.0},{"damage":8.0,"enemies":"Jaw Worm","floor":3.0,"turns":4.0},{"damage":25.0,"enemies":"3 Sentries","floor":6.0,"turns":4.0},{"damage":0.0,"enemies":"Exordium Wildlife","floor":7.0,"turns":2.0},{"damage":16.0,"enemies":"Gremlin Nob","floor":10.0,"turns":3.0},{"damage":0.0,"enemies":"3 Louse","floor":14.0,"turns":1.0},{"damage":22.0,"enemies":"Hexaghost","floor":16.0,"turns":3.0},{"damage":14.0,"enemies":"Shell Parasite","floor":18.0,"turns":2.0},{"damage":0.0,"enemies":"Chosen","floor":19.0,"turns":1.0},{"damage":18.0,"enemies":"Shelled Parasite and Fungi","floor":20.0,"turns":2.0},{"damage":0.0,"enemies":"Sentry and Sphere","floor":22.0,"turns":1.0},{"damage":0.0,"enemies":"Book of Stabbing","floor":23.0,"turns":2.0},{"damage":0.0,"enemies":"REME_1_Revenger","floor":25.0,"turns":2.0},{"damage":0.0,"enemies":"3 Cultists","floor":27.0,"turns":1.0},{"damage":10.0,"enemies":"Book of Stabbing","floor":29.0,"turns":2.0}],"seed_played":"-5232080044284055571","potions_obtained":[{"floor":1.0,"key":"BloodPotion"},{"floor":6.0,"key":"Explosive Potion"},{"floor":7.0,"key":"ColorlessPotion"},{"floor":18.0,"key":"LiquidMemories"},{"floor":25.0,"key":"DistilledChaos"}],"is_trial":false,"path_per_floor":["M","M","M","?","?","E","M","?","T","E","R","$","R","M","R","B",null,"M","M","M","$","M","E","R","E","T","M","?","E"],"character_chosen":"IRONCLAD","items_purchased":["Whirlwind","Lantern"],"campfire_rested":0,"item_purchase_floors":[12,12],"current_hp_per_floor":[80,80,78,78,78,59,65,65,65,55,55,55,55,61,61,45,80,72,78,66,66,72,78,78,80,80,80,80,76,76],"gold":341,"neow_bonus":"UPGRADE_CARD","is_daily":false,"chose_seed":false,"campfire_upgraded":4,"win_rate":0.0,"timestamp":1608634407,"path_taken":["M","M","M","?","?","E","M","?","T","E","R","$","R","M","R","BOSS","M","M","M","$","?","E","R","E","T","M","?","E"],"items_purchased_type":["Card","Relic"],"build_version":"2020-12-13","purchased_purges":9,"victory":false,"max_hp_per_floor":[80,80,80,80,80,80,80,80,80,80,80,80,80,80,80,80,80,80,80,80,80,80,80,80,80,80,80,80,80,80],"card_choices":[{"not_picked":["Wild Strike","Carnage","Rampage"],"picked":"SKIP","floor":1.0},{"not_picked":["Cleave","Headbutt"],"picked":"AT_IchimonjiDouble","floor":2.0},{"not_picked":["Headbutt","Iron Wave","Flex"],"picked":"SKIP","floor":3.0},{"not_picked":["Wild Strike","Havoc","True Grit"],"picked":"SKIP","floor":6.0},{"not_picked":["Sword Boomerang","Thunderclap"],"picked":"Battle Trance","floor":7.0},{"not_picked":["Entrench","Impervious","Havoc"],"picked":"SKIP","floor":10.0},{"not_picked":["Hemokinesis","Evolve"],"picked":"AT_ShrugMaster","floor":14.0},{"not_picked":["Demon Form","Feed"],"picked":"REME_ACTH","floor":16.0},{"not_picked":["Twin Strike","AT_IchimonjiDouble","Clash"],"picked":"SKIP","floor":18.0},{"not_picked":["Whirlwind","Bloodletting","Wild Strike"],"picked":"SKIP","floor":19.0},{"not_picked":["Sword Boomerang","AT_DiedThrough"],"picked":"Shockwave","floor":20.0},{"not_picked":["Perfected Strike","Headbutt","Sever Soul"],"picked":"SKIP","floor":22.0},{"not_picked":["Cleave","Iron Wave+1"],"picked":"Limit Break","floor":23.0},{"not_picked":["Body Slam+1","Havoc"],"picked":"REME_SingleHolding","floor":25.0},{"not_picked":["Thunderclap","Whirlwind+1","Perfected Strike+1"],"picked":"SKIP","floor":27.0}],"player_experience":47565,"relics_obtained":[{"floor":6.0,"key":"Centennial Puzzle"},{"floor":10.0,"key":"AT_ChloranthyRing"},{"floor":23.0,"key":"Ornamental Fan"},{"floor":25.0,"key":"AT_ArchangelStaff"},{"floor":26.0,"key":"REME_HandOfSuture"}],"event_choices":[{"damage_healed":0.0,"max_hp_gain":0.0,"max_hp_loss":0.0,"gold_gain":0.0,"event_name":"Living Wall","player_choice":"Grow","floor":4.0,"gold_loss":0.0,"damage_taken":0.0,"cards_upgraded":["AT_IchimonjiDouble"]},{"damage_healed":0.0,"max_hp_gain":0.0,"max_hp_loss":0.0,"gold_gain":0.0,"event_name":"The Cleric","player_choice":"Leave","floor":5.0,"gold_loss":0.0,"damage_taken":0.0},{"damage_healed":0.0,"max_hp_gain":0.0,"max_hp_loss":0.0,"gold_gain":0.0,"event_name":"FaceTrader","player_choice":"Trade","floor":8.0,"gold_loss":0.0,"damage_taken":0.0,"relics_obtained":["SsserpentHead"]},{"damage_healed":0.0,"max_hp_gain":0.0,"max_hp_loss":0.0,"gold_gain":0.0,"event_name":"The Mausoleum","player_choice":"Ignored","floor":28.0,"gold_loss":0.0,"damage_taken":0.0}],"is_beta":false,"boss_relics":[{"not_picked":["Ectoplasm","Snecko Eye"],"picked":"Runic Dome"}],"items_purged_floors":[12,12,12,21,21,21,21,21,21],"is_endless":false,"potions_floor_spawned":[1,6,7,18,20,25,29],"killed_by":"Book of Stabbing","ascension_level":4}}