{"host":"1qxljlv0g0hslid3","time":1608653291,"event":{"mods":["2.2 Compatiblity","AchievementEnabler","Act Like it!","Astrologer","BaseMod","Beaked The Cultist","BetterRewards","Clawfect","Conspire","Custom Start","Dio Mod","Elementarium","Energized Spire","Googly Eyes","GungeonMod","Hallownest","Hermit","Hero for Fun","Highlight Path","HololiveMod","Hubris","Infinite Spire","Jorbs\u0027s Wanderer Trilogy","Magitek Elite","Marisa????????","Minty Spire (QoL Compilation)","Prisma Mod","Remilia??????","Replay The Spire","Shop Mod","StSLib","The Administrix","The Animator","The Bug Knight","The Cursed","The Death Knight","The Elementalist","The Hierophant","The Jungle","The Necromancer","The Runesmith","The Senshi","The Servant 0.9.4","Wandering Minibosses","everything is the same but u backflip on backflip","slay the spire mod where everything is the same but ironclad has a cowboy hat"],"gold_per_floor":[115,41,52,52,67,95,125,171,253,265,277,304,345,357,419,526,538,560,622,634,662,691,730,756,795,807,851,863,875,887,951,963,1074,1086,1118,1180,1260,1272,1300,1312,1352,351,403,439,450,450,467,482,482,489],"floor_reached":51,"playtime":3583,"items_purged":[],"score":917,"play_id":"85925fa1-45f1-48f3-9376-d4169d4d140b","local_time":"20201222100811","is_ascension_mode":true,"campfire_choices":[{"data":"Inflame","floor":10,"key":"SMITH"},{"floor":28,"key":"REST"},{"data":"Heavy Blade","floor":32,"key":"SMITH"},{"floor":40,"key":"REST"},{"data":"beaked:HeadsImpatience","floor":49,"key":"SMITH"}],"circlet_count":0,"master_deck":["Strike_R","Strike_R","Strike_R","Strike_R","Strike_R","Defend_R","Defend_R","Defend_R","Defend_R","Bash","Inflame+1","Flex","Run Through+1","Replay:Undeath\u0027s Touch","Heavy Blade+1","Run Through+1","Anger","Brutality","Cleave","Pommel Strike+1","Run Through+1","Replay:Undeath\u0027s Touch+1","Limit Break","Combust+1","Battle Trance","Run Through+1","ReplayTheSpireMod:Limb From Limb","Clash","Replay:Undeath\u0027s Touch+1","beaked:HeadsImpatience+1","Heavy Blade","Hemogenesis","Rupture+1","Run Through+1","Combust","Anger","Berserk","Apotheosis","Flex+1","Blood for Blood","Clash+1"],"relics":["Burning Blood","NeowsBlessing","Hallownest:DreamNailRelic","MawBank","HornCleat","hubris:TinFlute","Dream Catcher","energizedSpire:DeadBattery","infinitespire:Lucky Rock","Another Sword","hubris:TenFootPole","Bottled Flame","Replay:Bottled Eggs","beaked:SacredDeck","conspire:TreasureMap","SlaversCollar","Singing Bowl","Replay:Mystery Machine","DeathKnight:SindragosasSkull","Anchor","Replay:Lucky Slots","Strawberry","Replay:Bottled Flurry"],"acts_visited":["Exordium","Hallownest:Greenpath","Hallownest:CityofTears"],"potions_floor_usage":[16,21,23,33,50,50],"damage_taken":[{"damage":0,"enemies":"Hallownest:monsterHuskWarrior","floor":1,"turns":1},{"damage":0,"enemies":"Hallownest:monsterHuskGuard","floor":3,"turns":1},{"damage":0,"enemies":"2_ Uuma","floor":5,"turns":1},{"damage":9,"enemies":"Hallownest:eliteMossKnight","floor":6,"turns":8},{"damage":21,"enemies":"Hallownest:1_Ooma_and_2_Uuma","floor":7,"turns":7},{"damage":20,"enemies":"Hallownest:eliteVengeflyKing","floor":8,"turns":7},{"damage":0,"enemies":"Hallownest:monsterAspidMother","floor":11,"turns":3},{"damage":8,"enemies":"Hallownest:Wandering_and_Horned","floor":12,"turns":3},{"damage":0,"enemies":"Hallownest:eliteMossKnight","floor":13,"turns":5},{"damage":36,"enemies":"Hallownest:BossFalseKnight","floor":16,"turns":8},{"damage":22,"enemies":"Hallownest:2_Mistakes","floor":18,"turns":4},{"damage":15,"enemies":"Hallownest:Guard_and_Sentry","floor":21,"turns":3},{"damage":7,"enemies":"Hallownest:monsterShrumalOgre","floor":22,"turns":3},{"damage":21,"enemies":"Hallownest:eliteWatcherKnight","floor":23,"turns":7},{"damage":12,"enemies":"Hallownest:2_Flukemon","floor":24,"turns":4},{"damage":18,"enemies":"Hallownest:eliteSoulWarrior","floor":25,"turns":5},{"damage":0,"enemies":"Hallownest:Nosk","floor":27,"turns":3},{"damage":0,"enemies":"Hallownest:Glutton_and_Coward","floor":31,"turns":2},{"damage":43,"enemies":"Hallownest:BossGrimm","floor":33,"turns":6},{"damage":39,"enemies":"Hallownest:2_Littles","floor":35,"turns":5},{"damage":24,"enemies":"Hallownest:3_Siblings","floor":39,"turns":4},{"damage":26,"enemies":"Hallownest:eliteCollector","floor":41,"turns":5},{"damage":16,"enemies":"Hallownest:eliteHiveKnight","floor":44,"turns":3},{"damage":15,"enemies":"Hallownest:2_Wing_and_1_Kings","floor":45,"turns":5},{"damage":11,"enemies":"Hallownest:2_Great","floor":47,"turns":4},{"damage":0,"enemies":"Hallownest:2_Soldiers_and_1_Guardian","floor":48,"turns":6},{"damage":31,"enemies":"Hallownest:Radiance","floor":50,"turns":8}],"seed_played":"-4282596236782919591","potions_obtained":[{"floor":1,"key":"SpeedPotion"},{"floor":12,"key":"DemoMod:LeadSkinPotion"},{"floor":16,"key":"Explosive Potion"},{"floor":18,"key":"Languid Potion"},{"floor":25,"key":"ColorlessPotion"},{"floor":27,"key":"Weak Potion"}],"is_trial":false,"path_per_floor":["M","$","M","?","M","E","M","E","T","R","M","M","E","$","R","B",null,"M","?","?","M","M","E","M","E","T","E","R","?","AVR","M","R","B",null,"M","?","T","$","M","R","E","$","T","E","M","?","M","M","R","B",null],"character_chosen":"IRONCLAD","items_purchased":["Inflame","Anger","DeathKnight:SindragosasSkull","Anchor","Replay:Lucky Slots","Berserk","Apotheosis","ColorlessPotion"],"campfire_rested":2,"item_purchase_floors":[2,42,42,42,42,42,42,42],"current_hp_per_floor":[80,80,80,80,80,77,62,48,48,48,54,52,58,58,58,28,80,64,64,64,55,54,39,33,21,21,27,51,54,54,60,60,23,83,55,55,55,55,39,64,44,44,51,41,47,47,55,70,70,68],"gold":489,"neow_bonus":"THREE_ENEMY_KILL","is_daily":false,"chose_seed":false,"campfire_upgraded":3,"win_rate":0.0,"timestamp":1608653291,"path_taken":["M","$","M","?","?","E","M","E","T","R","M","M","E","?","R","BOSS","M","?","?","M","M","E","M","E","T","E","R","?","AVR","?","R","BOSS","M","?","?","$","M","R","E","$","T","E","?","?","?","M","R","BOSS"],"items_purchased_type":["Card","Card","Relic","Relic","Relic","Card","Card","Potion"],"build_version":"2020-12-13","purchased_purges":0,"victory":true,"max_hp_per_floor":[80,80,80,80,80,80,80,80,80,80,80,80,80,80,80,80,80,80,80,80,80,80,80,80,80,80,80,80,83,83,83,83,83,83,83,83,83,83,85,85,85,85,92,92,92,92,92,94,94,94],"card_choices":[{"not_picked":["Shockwave","ReplayTheSpireMod:Stacked","Iron Wave"],"picked":"SKIP","floor":1},{"not_picked":["Iron Wave","Clothesline"],"picked":"Flex","floor":3},{"not_picked":["Warcry","Eclipse"],"picked":"Run Through","floor":5},{"not_picked":["Pommel Strike","ReplayTheSpireMod:Strike From Hell"],"picked":"Replay:Undeath\u0027s Touch","floor":6},{"not_picked":["Twin Strike","hubris:ReadiedAction","Headbutt"],"picked":"SKIP","floor":7},{"not_picked":["Sever Soul","Hemokinesis"],"picked":"Heavy Blade","floor":8},{"not_picked":["True Grit","Burning Pact","Rampage"],"picked":"SKIP","floor":11},{"not_picked":["Entrench","Havoc"],"picked":"Run Through","floor":12},{"not_picked":["Fiend Fire","Battle Trance"],"picked":"Anger","floor":13},{"not_picked":["Juggernaut","conspire:Purge"],"picked":"Brutality","floor":16},{"not_picked":["DemoMod:BlackBlade","ReplayTheSpireMod:Strike From Hell"],"picked":"Cleave","floor":18},{"not_picked":["Thunderclap+1","Warcry+1"],"picked":"Pommel Strike+1","floor":19},{"not_picked":["Thunderclap","Dual Wield"],"picked":"Run Through","floor":20},{"not_picked":["Abandon+1","Pommel Strike"],"picked":"Replay:Undeath\u0027s Touch+1","floor":20},{"not_picked":["Clash+1","hubris:CleavingFinish"],"picked":"Limit Break","floor":21},{"not_picked":["Body Slam","True Grit"],"picked":"Combust+1","floor":22},{"not_picked":["Fiend Fire","ReplayTheSpireMod:Muscle Training+1"],"picked":"Battle Trance","floor":23},{"not_picked":["Shockwave","Iron Wave"],"picked":"Run Through+1","floor":24},{"not_picked":["Dual Wield","hubris:CleavingFinish"],"picked":"ReplayTheSpireMod:Limb From Limb","floor":25},{"not_picked":["Shrug It Off","Body Slam"],"picked":"Clash","floor":27},{"not_picked":["True Grit+1","conspire:ExplosiveBarrier"],"picked":"Replay:Undeath\u0027s Touch+1","floor":28},{"not_picked":["Flex","Searing Blow"],"picked":"Heavy Blade","floor":31},{"not_picked":["Brutality","Exhume"],"picked":"Hemogenesis","floor":33},{"not_picked":["Clothesline+1","Cleave+1"],"picked":"Rupture+1","floor":35},{"not_picked":["Dropkick","Dark Embrace","ReplayTheSpireMod:LeadingStrike"],"picked":"Singing Bowl","floor":39},{"not_picked":["Cleave+1","Dark Embrace"],"picked":"Run Through+1","floor":40},{"not_picked":["Abandon+1","Armaments+1"],"picked":"Combust","floor":41},{"not_picked":["Armaments+1","Body Slam+1"],"picked":"Flex+1","floor":44},{"not_picked":["Perfected Strike+1","Feel No Pain+1"],"picked":"Blood for Blood","floor":45},{"not_picked":["Brutality","Shrug It Off+1"],"picked":"Clash+1","floor":47},{"not_picked":["Sever Soul+1","Dark Embrace","Uppercut"],"picked":"Singing Bowl","floor":48}],"player_experience":535556,"relics_obtained":[{"floor":6,"key":"MawBank"},{"floor":8,"key":"HornCleat"},{"floor":9,"key":"hubris:TinFlute"},{"floor":13,"key":"Dream Catcher"},{"floor":19,"key":"infinitespire:Lucky Rock"},{"floor":23,"key":"Another Sword"},{"floor":25,"key":"hubris:TenFootPole"},{"floor":26,"key":"Bottled Flame"},{"floor":27,"key":"Replay:Bottled Eggs"},{"floor":37,"key":"Singing Bowl"},{"floor":41,"key":"Replay:Mystery Machine"},{"floor":43,"key":"Strawberry"},{"floor":44,"key":"Replay:Bottled Flurry"}],"event_choices":[],"is_beta":false,"boss_relics":[{"not_picked":["hubris:BlackHole","Fusion Hammer"],"picked":"energizedSpire:DeadBattery"},{"not_picked":["Hololive_ChaosS","Kintsugi"],"picked":"SlaversCollar"}],"items_purged_floors":[],"is_endless":false,"potions_floor_spawned":[1,12,16,18,25,27,44],"ascension_level":1}}