{"host":"1ivxh6f0wtekmpqo","time":1608631925,"event":{"mods":["AchievementEnabler","BaseMod","Colored Map","Minty Spire (QoL Compilation)","Rare Cards Sparkle","StSLib","SuperFastMode","everything is the same but u backflip on backflip"],"gold_per_floor":[11,23,23,23,23,23,57,57,57,76,93,153,153,171,171,276,276,294,308,7,7,7,7,34,34,58,76,89,89,89,104,104,104,104],"floor_reached":33,"playtime":2110,"items_purged":[],"score":270,"play_id":"b037ad4e-ecaf-492f-af94-6ff484181ce0","local_time":"20201222181205","is_ascension_mode":false,"campfire_choices":[{"data":"BowlingBash","floor":6.0,"key":"SMITH"},{"floor":13.0,"key":"REST"},{"data":"Wish","floor":15.0,"key":"SMITH"},{"data":"BattleHymn","floor":23.0,"key":"SMITH"},{"data":"Alpha","floor":30.0,"key":"SMITH"},{"floor":32.0,"key":"REST"}],"circlet_count":0,"master_deck":["Eruption+1","Vigilance","BowlingBash+1","ReachHeaven","FearNoEvil","FollowUp+1","Consecrate","EmptyFist","Wish+1","LessonLearned","Perseverance","Evaluate","Alpha+1","Tantrum","EmptyMind","Indignation","SashWhip","Collect","Worship","Evaluate","BattleHymn+1","Bite","Bite","Bite","Bite","Bite","SashWhip+1","ReachHeaven+1","ForeignInfluence","CrushJoints"],"relics":["PureWater","Dream Catcher","Tiny Chest","Gambling Chip","Pandora\u0027s Box","Anchor","Omamori","Oddly Smooth Stone","Boot","Smiling Mask"],"acts_visited":["Exordium","TheCity"],"potions_floor_usage":[],"damage_taken":[{"damage":0.0,"enemies":"Cultist","floor":1.0,"turns":4.0},{"damage":1.0,"enemies":"Jaw Worm","floor":2.0,"turns":3.0},{"damage":21.0,"enemies":"Lagavulin","floor":7.0,"turns":5.0},{"damage":0.0,"enemies":"Small Slimes","floor":10.0,"turns":3.0},{"damage":9.0,"enemies":"Blue Slaver","floor":11.0,"turns":4.0},{"damage":14.0,"enemies":"3 Sentries","floor":12.0,"turns":3.0},{"damage":8.0,"enemies":"Exordium Thugs","floor":14.0,"turns":3.0},{"damage":43.0,"enemies":"The Guardian","floor":16.0,"turns":7.0},{"damage":6.0,"enemies":"Shell Parasite","floor":18.0,"turns":3.0},{"damage":2.0,"enemies":"Chosen","floor":19.0,"turns":3.0},{"damage":0.0,"enemies":"Centurion and Healer","floor":27.0,"turns":3.0},{"damage":5.0,"enemies":"Snecko","floor":28.0,"turns":3.0},{"damage":12.0,"enemies":"Cultist and Chosen","floor":31.0,"turns":4.0},{"damage":71,"enemies":"Champ","floor":33,"turns":6}],"seed_played":"2430427894883916722","potions_obtained":[{"floor":2.0,"key":"Ancient Potion"},{"floor":7.0,"key":"Strength Potion"},{"floor":14.0,"key":"Energy Potion"},{"floor":19.0,"key":"LiquidMemories"},{"floor":28.0,"key":"LiquidMemories"}],"is_trial":false,"path_per_floor":["M","M","$","?","?","R","E","$","T","M","M","?","R","M","R","B",null,"M","M","$","?","$","R","T","?","T","M","M","T","R","M","R","B"],"character_chosen":"WATCHER","items_purchased":["Anchor","Omamori"],"campfire_rested":2,"item_purchase_floors":[20,20],"current_hp_per_floor":[86,85,85,85,85,85,64,64,64,64,55,41,66,58,58,15,86,80,78,78,78,78,78,78,60,60,60,55,55,55,49,60,0,0],"gold":104,"neow_bonus":"TWENTY_PERCENT_HP_BONUS","is_daily":false,"chose_seed":false,"campfire_upgraded":4,"win_rate":0.0,"timestamp":1608631925,"path_taken":["M","M","?","?","?","R","E","?","T","M","?","?","R","M","R","BOSS","M","M","$","?","$","R","?","?","T","?","?","?","R","M","R","BOSS"],"items_purchased_type":["Relic","Relic"],"build_version":"2020-12-13","purchased_purges":0,"victory":false,"max_hp_per_floor":[86,86,86,86,86,86,86,86,86,86,86,86,86,86,86,86,86,86,86,86,86,86,86,86,60,60,60,60,60,60,60,60,60,60],"card_choices":[{"not_picked":["Crescendo","FlurryOfBlows"],"picked":"BowlingBash","floor":1.0},{"not_picked":["Perseverance","Protect"],"picked":"ReachHeaven","floor":2.0},{"not_picked":["CutThroughFate","Crescendo"],"picked":"FearNoEvil","floor":7.0},{"not_picked":["Conclude","PathToVictory"],"picked":"FollowUp","floor":10.0},{"not_picked":["LikeWater","Crescendo"],"picked":"Consecrate","floor":11.0},{"not_picked":["FlurryOfBlows","PathToVictory"],"picked":"EmptyFist","floor":12.0},{"not_picked":["SandsOfTime","SashWhip"],"picked":"Wish","floor":14.0},{"not_picked":["MasterReality","Omniscience"],"picked":"LessonLearned","floor":16.0},{"not_picked":["Tantrum+1","JustLucky"],"picked":"Worship","floor":18.0},{"not_picked":["Protect","ClearTheMind"],"picked":"Evaluate","floor":19.0},{"not_picked":["CutThroughFate","EmptyFist+1"],"picked":"SashWhip+1","floor":27.0},{"not_picked":["JustLucky+1","Study"],"picked":"ReachHeaven+1","floor":28.0},{"not_picked":["Conclude+1","PathToVictory"],"picked":"ForeignInfluence","floor":31.0},{"not_picked":["Prostrate","SandsOfTime"],"picked":"CrushJoints","floor":32.0}],"player_experience":229234,"relics_obtained":[{"floor":7.0,"key":"Dream Catcher"},{"floor":9.0,"key":"Tiny Chest"},{"floor":12.0,"key":"Gambling Chip"},{"floor":24.0,"key":"Oddly Smooth Stone"},{"floor":26.0,"key":"Boot"},{"floor":29.0,"key":"Smiling Mask"}],"event_choices":[{"damage_healed":0.0,"max_hp_gain":0.0,"max_hp_loss":0.0,"gold_gain":0.0,"event_name":"Living Wall","player_choice":"Grow","floor":4.0,"gold_loss":0.0,"damage_taken":0.0,"cards_upgraded":["Eruption"]},{"damage_healed":0.0,"max_hp_gain":0.0,"max_hp_loss":0.0,"gold_gain":0.0,"event_name":"Shining Light","player_choice":"Ignored","floor":5.0,"gold_loss":0.0,"damage_taken":0.0},{"damage_healed":0.0,"max_hp_gain":0.0,"max_hp_loss":0.0,"gold_gain":0.0,"event_name":"Dead Adventurer","player_choice":"Searched \u00271\u0027 times","floor":12.0,"gold_loss":0.0,"damage_taken":0.0},{"damage_healed":0.0,"max_hp_gain":0.0,"max_hp_loss":0.0,"gold_gain":0.0,"event_name":"The Library","player_choice":"Read","floor":21.0,"gold_loss":0.0,"damage_taken":0.0,"cards_obtained":["BattleHymn"]},{"damage_healed":0.0,"max_hp_gain":0.0,"max_hp_loss":26.0,"gold_gain":0.0,"event_name":"Vampires","player_choice":"Became a vampire","floor":25.0,"gold_loss":0.0,"damage_taken":0.0,"cards_obtained":["Bite","Bite","Bite","Bite","Bite"]}],"is_beta":false,"boss_relics":[{"not_picked":["Snecko Eye","Busted Crown"],"picked":"Pandora\u0027s Box"}],"items_purged_floors":[],"is_endless":false,"potions_floor_spawned":[2,7,14,19,28],"killed_by":"Champ","ascension_level":0}}