{"host":"27cnk69rbdk9vsnt","time":1608639204,"event":{"mods":["BaseMod","Beaked The Cultist","Duelist Mod","Ekko","Energized Spire","Glutton Mod","JesterMod","Jorbs\u0027s Wanderer Trilogy","Mimic Mod","Minty Spire (QoL Compilation)","Shop Mod","StSLib","The Elementalist","Thieving Mod"],"gold_per_floor":[113,126,126,149,99,133,151,170,170,170,4,22,22,55,55,55,55],"floor_reached":16,"playtime":887,"items_purged":["elementalist:Defend_Elemblue"],"score":112,"play_id":"66cff92b-50c7-4f67-b462-58dd14088102","local_time":"20201222131324","is_ascension_mode":false,"campfire_choices":[{"data":"elementalist:Crystal_Chalk","floor":10,"key":"SMITH"},{"data":"Bandage Up","floor":13,"key":"SMITH"},{"floor":15,"key":"REST"}],"circlet_count":0,"master_deck":["elementalist:Fire_Emblem","elementalist:Strike+Elemblue","elementalist:Defend_Elemblue","elementalist:Defend_Elemblue","elementalist:Defend_Elemblue","elementalist:Defend_Elemblue","elementalist:Firestrike","elementalist:Earthstrike","elementalist:Waterstrike","elementalist:Airstrike","elementalist:Crystal_Chalk+1","elementalist:Caution","elementalist:Caution","elementalist:Magma_Shot","elementalist:Lunar_Form","elementalist:Momentum","elementalist:Fission_Lance","Bandage Up+1","elementalist:Lunar_Form","elementalist:Spout","elementalist:Caution","elementalist:Sidereal_Form"],"relics":["elementalistmod:MagusStaff","elementalistmod:BlueRibbon","Ancient Tea Set","Golden Idol","Question Card","Bag of Marbles","Tiny Chest"],"acts_visited":["Exordium"],"potions_floor_usage":[6,8,14],"damage_taken":[{"damage":0,"enemies":"Small Slimes","floor":1,"turns":3},{"damage":0,"enemies":"Jaw Worm","floor":2,"turns":6},{"damage":0,"enemies":"2 Louse","floor":4,"turns":2},{"damage":28,"enemies":"Lagavulin","floor":6,"turns":14},{"damage":0,"enemies":"2 Fungi Beasts","floor":7,"turns":6},{"damage":9,"enemies":"Looter","floor":8,"turns":5},{"damage":0,"enemies":"3 Louse","floor":12,"turns":3},{"damage":27,"enemies":"3 Sentries","floor":14,"turns":13},{"damage":48,"enemies":"Slime Boss","floor":16,"turns":9}],"seed_played":"8085875120246072178","potions_obtained":[{"floor":1,"key":"GamblersBrew"},{"floor":6,"key":"SpeedPotion"},{"floor":7,"key":"Fire Potion"}],"is_trial":false,"path_per_floor":["M","M","?","M","?","E","M","M","T","R","$","M","R","E","R","B"],"character_chosen":"THE_ELEMENTALIST","items_purchased":["Bandage Up"],"campfire_rested":1,"item_purchase_floors":[11],"current_hp_per_floor":[70,70,70,70,70,42,42,33,33,33,33,37,37,16,37,0,0],"gold":55,"neow_bonus":"RANDOM_COMMON_RELIC","is_daily":false,"chose_seed":false,"campfire_upgraded":2,"win_rate":0.0,"timestamp":1608639204,"path_taken":["M","M","?","M","?","E","M","M","T","R","$","?","R","E","R","BOSS"],"items_purchased_type":["Card"],"build_version":"2020-12-13","purchased_purges":1,"victory":false,"max_hp_per_floor":[70,70,70,70,70,70,70,70,70,70,70,70,70,70,70,70,70],"card_choices":[{"not_picked":["elementalist:Pressurize","elementalist:Cyclone"],"picked":"elementalist:Caution","floor":1},{"not_picked":["elementalist:Wards","elementalist:Spout"],"picked":"elementalist:Caution","floor":2},{"not_picked":["elementalist:Spout","elementalist:Prepared_Sand"],"picked":"elementalist:Magma_Shot","floor":4},{"not_picked":["elementalist:Low_Tides","elementalist:Concentricity"],"picked":"elementalist:Lunar_Form","floor":6},{"not_picked":["elementalist:Wards","elementalist:Stone_to_Mud","elementalist:Caution"],"picked":"elementalist:Momentum","floor":7},{"not_picked":["elementalist:Monument","elementalist:Cauterize","elementalist:Prepared_Sand"],"picked":"elementalist:Fission_Lance","floor":8},{"not_picked":["elementalist:Mist","elementalist:Momentum","elementalist:Heavensfall"],"picked":"elementalist:Lunar_Form","floor":12},{"not_picked":["elementalist:Spout","elementalist:Prepared_Sand","elementalist:Wards"],"picked":"elementalist:Caution","floor":14}],"player_experience":515264,"relics_obtained":[{"floor":6,"key":"Question Card"},{"floor":9,"key":"Bag of Marbles"},{"floor":14,"key":"Tiny Chest"}],"event_choices":[{"damage_healed":0,"gold_gain":0,"player_choice":"Take Wound","damage_taken":0,"relics_obtained":["Golden Idol"],"max_hp_gain":0,"max_hp_loss":0,"event_name":"Golden Idol","floor":3,"gold_loss":0,"cards_obtained":["Injury"]},{"cards_removed":["Injury"],"damage_healed":0,"gold_gain":0,"player_choice":"Card Removal","damage_taken":0,"max_hp_gain":0,"max_hp_loss":0,"event_name":"The Cleric","floor":5,"gold_loss":50}],"is_beta":false,"boss_relics":[],"items_purged_floors":[11],"is_endless":false,"potions_floor_spawned":[1,6,7],"killed_by":"Slime Boss","ascension_level":0}}