{"host":"k5ezbu40hxyit46v","time":1608656440,"event":{"mods":["Act Like it!","Aspiration","Astrologer","BaseMod","BetterRewards","Conspire","DeckTracker","Energized Spire","Googly Eyes","Halation","HexUI Lib","Highlight Path","Hubris","Infinite Spire","Jedi Mod","Mad Scientist","Marisa????????","Minty Spire (QoL Compilation)","Quarter Circle Forward PUNCH!","Quick Restart","Replay The Spire","Reworked Bosses","Shop Mod","Spikes Relics","StSLib","The Administrix","The Awakened One except there are too many feathers","The Bladedancer","The Cursed","The IronCluck","The Servant 0.9.4","The Wild Card","everything is the same but u backflip on backflip","slay the spire mod where everything is the same but ironclad has a cowboy hat","vexMod"],"gold_per_floor":[110,121,121,121,139,166,166,176,176,176,205,205,205,220,220,297,297,313,86,86,97,111,138,138,38,38,49,49,59,84,102,102,102,102],"floor_reached":33,"playtime":1116,"items_purged":["Strike_R","Strike_R"],"score":894,"play_id":"c1753aae-1702-4f26-bd0e-3c79829c016c","local_time":"20201222120040","is_ascension_mode":true,"campfire_choices":[{"data":"1","floor":7.0,"key":"LIFT"},{"data":"2","floor":10.0,"key":"LIFT"},{"data":"3","floor":12.0,"key":"LIFT"},{"data":"Cleave","floor":15.0,"key":"SMITH"},{"data":"Sword Boomerang","floor":24.0,"key":"SMITH"},{"data":"Sword Boomerang","floor":28.0,"key":"SMITH"},{"data":"Feed","floor":32,"key":"SMITH"}],"circlet_count":0,"master_deck":["AscendersBane","Strike_R","Strike_R","Strike_R","Defend_R","Defend_R","Defend_R","Defend_R","Bash+1","Blind+1","Feed+1","Cleave+1","Sword Boomerang+1","Sword Boomerang+1","True Grit+1"],"relics":["Burning Blood","Incense Burner","Torii","Boot","Girya","Juzu Bracelet","vexMod:PaidLearning","Bronze Scales","MealTicket","hubris:BottledRain","King of Hearts","halation:YellowSoulGem","energizedSpire:DeadBattery","halation:Thesaurus","White Beast Statue","conspire:DeflatedDodgeball","HornCleat","Akabeko"],"acts_visited":["Exordium","TheCity"],"potions_floor_usage":[30,30,33,33],"damage_taken":[{"damage":0.0,"enemies":"2 Louse","floor":1.0,"turns":1.0},{"damage":0.0,"enemies":"Cultist","floor":2.0,"turns":3.0},{"damage":0.0,"enemies":"Small Slimes","floor":5.0,"turns":3.0},{"damage":11.0,"enemies":"Gremlin Nob","floor":6.0,"turns":4.0},{"damage":1.0,"enemies":"3 Louse","floor":8.0,"turns":2.0},{"damage":20.0,"enemies":"3 Sentries","floor":11.0,"turns":7.0},{"damage":2.0,"enemies":"Large Slime","floor":14.0,"turns":4.0},{"damage":24.0,"enemies":"Hexaghost","floor":16.0,"turns":10.0},{"damage":19.0,"enemies":"Spheric Guardian","floor":18.0,"turns":4.0},{"damage":5.0,"enemies":"3 Byrds","floor":21.0,"turns":3.0},{"damage":27.0,"enemies":"Cultist and Chosen","floor":22.0,"turns":4.0},{"damage":0.0,"enemies":"conspire:Head Lice","floor":23.0,"turns":5.0},{"damage":12.0,"enemies":"Sentry and Sphere","floor":27.0,"turns":5.0},{"damage":18.0,"enemies":"Shelled Parasite and Fungi","floor":29.0,"turns":4.0},{"damage":1,"enemies":"Gremlin Leader","floor":30,"turns":4},{"damage":0,"enemies":"Snecko","floor":31,"turns":3},{"damage":109,"enemies":"bossMod:newChamp","floor":33,"turns":9}],"seed_played":"-1891469748391731134","potions_obtained":[{"floor":5.0,"key":"Reflective Coating"},{"floor":11.0,"key":"DuplicationPotion"},{"floor":18.0,"key":"Milkshake"},{"floor":22.0,"key":"jedi:tentaclejuice"},{"floor":23.0,"key":"SteroidPotion"},{"floor":27.0,"key":"SteroidPotion"},{"floor":30,"key":"Energy Potion"},{"floor":31,"key":"AttackPotion"}],"is_trial":false,"path_per_floor":["M","M","?","?","M","E","R","M","T","R","E","R","?","M","R","B",null,"M","$","?","M","M","E","R","$","T","M","R","M","E","M","R","B"],"character_chosen":"IRONCLAD","items_purchased":["Incense Burner","Torii","Boot","Blind","Girya","Juzu Bracelet","hubris:CrystalStatue","vexMod:PaidLearning","Bronze Scales","AttackPotion","Adrenaline Potion","halation:Thesaurus","Sword Boomerang"],"campfire_rested":0,"item_purchase_floors":[0,0,0,0,0,0,0,0,0,0,0,19,19],"current_hp_per_floor":[27,33,33,38,47,42,42,50,50,50,39,39,39,46,46,31,79,69,84,84,88,70,79,79,94,94,91,91,82,90,96,96,0,0],"gold":102,"neow_bonus":"","is_daily":false,"chose_seed":false,"campfire_upgraded":4,"win_rate":0.0,"timestamp":1608656440,"path_taken":["M","M","?","?","M","E","R","M","T","R","E","R","?","M","R","BOSS","M","$","?","M","M","E","R","?","T","M","R","M","E","M","R","BOSS"],"items_purchased_type":["Relic","Relic","Relic","Card","Relic","Relic","Relic","Relic","Relic","Potion","Potion","Relic","Card"],"build_version":"2020-12-13","purchased_purges":2,"victory":false,"max_hp_per_floor":[75,75,75,80,83,83,83,86,86,86,89,89,89,92,92,95,95,98,98,98,101,104,107,107,107,107,110,110,113,116,116,116,116,116],"card_choices":[{"not_picked":["Warcry","Thunderclap","Heavy Blade"],"picked":"SKIP","floor":1.0},{"not_picked":["Anger","ReplayTheSpireMod:Strike From Hell","Wild Strike"],"picked":"SKIP","floor":2.0},{"not_picked":["Intimidate","Rage","Carnage"],"picked":"SKIP","floor":5.0},{"not_picked":["Inflame","jedi:controlledanger"],"picked":"Cleave","floor":6.0},{"not_picked":["ReplayReversal","jedi:fear","BarbarianYell"],"picked":"SKIP","floor":8.0},{"not_picked":["True Grit","Juggernaut","Flex"],"picked":"SKIP","floor":11.0},{"not_picked":["ReplayTheSpireMod:Strike From Hell","Shockwave","Flex"],"picked":"SKIP","floor":14.0},{"not_picked":["infinitespire:OneForAll","Clothesline","jedi:fear"],"picked":"SKIP","floor":18.0},{"not_picked":["Iron Wave+1","Invigoration","jedi:fear"],"picked":"SKIP","floor":21.0},{"not_picked":["Havoc","Feel No Pain"],"picked":"True Grit+1","floor":22.0},{"not_picked":["Anger","Perfected Strike","ReplayTheSpireMod:Muscle Training"],"picked":"SKIP","floor":23.0},{"not_picked":["Power Through","Iron Wave","Clothesline"],"picked":"SKIP","floor":27.0},{"not_picked":["Body Slam","Clash","Warcry"],"picked":"SKIP","floor":29.0},{"not_picked":["ReplayReversal","Barricade","Shrug It Off"],"picked":"SKIP","floor":30},{"not_picked":["Anger","jedi:fear","Run Through"],"picked":"SKIP","floor":31}],"player_experience":1199508,"relics_obtained":[{"floor":6.0,"key":"MealTicket"},{"floor":9.0,"key":"hubris:BottledRain"},{"floor":11.0,"key":"King of Hearts"},{"floor":23.0,"key":"conspire:DeflatedDodgeball"},{"floor":26.0,"key":"HornCleat"},{"floor":30,"key":"Akabeko"}],"event_choices":[{"damage_healed":0.0,"max_hp_gain":0.0,"max_hp_loss":0.0,"gold_gain":0.0,"event_name":"Match and Keep!","player_choice":"1 cards matched","floor":3.0,"gold_loss":0.0,"damage_taken":0.0,"cards_obtained":["Feed"]},{"damage_healed":0.0,"max_hp_gain":5.0,"max_hp_loss":0.0,"gold_gain":0.0,"event_name":"Big Fish","player_choice":"Donut","floor":4.0,"gold_loss":0.0,"damage_taken":0.0},{"damage_healed":0.0,"max_hp_gain":0.0,"max_hp_loss":0.0,"gold_gain":0.0,"event_name":"The Library","player_choice":"Read","floor":20.0,"gold_loss":0.0,"damage_taken":0.0,"cards_obtained":["Sword Boomerang"]}],"is_beta":false,"boss_relics":[{"not_picked":["ReplayTheSpireMod:SealedPack","aspiration:DefectSkillbook"],"picked":"energizedSpire:DeadBattery"}],"items_purged_floors":[0,25],"is_endless":false,"potions_floor_spawned":[5,11,18,21,22,23,27,29,30,31],"killed_by":"bossMod:newChamp","ascension_level":20}}