{"host":"vjff2xj95zxi2vsi","time":1608665296,"event":{"mods":["2.2 Compatiblity","AchievementEnabler","Act Like it!","Ascension Reborn","Aspiration","BaseMod","Beaked The Cultist","Better Altar","Better Match","Better Sensory Stone","Better Skull","Better Third Choice","Challenge The Spire","ChefMod","Clockwork Mod","Conspire","Downfall","Elementarium","Energized Spire","Gensokyo","GifTheSpireLib","Gremlin Mod","Gremlin Skip","Halation","Hallownest","Hermit","Hubris","Infinite Spire","Jess\u0027s Bottle","Jorbs\u0027s Wanderer Trilogy","Marisa????????","Marked Mod","Menagerie","Minty Spire (QoL Compilation)","Permanent Neow","Replay The Spire","Robot Space Explorer","SCP261 Mod","Somnambulant","Spikes Relics","StSLib","Stuff the Spire","The Blackbeard","The Blue Laboratory","The Cursed","The Dragon Tamer","The Elementalist","The Gatherer","The Hayseed","The Hierophant","The Marked","The Runesmith","The Sage","The Servant 0.9.4","The Valiant","The Vixen","Trackpad","Yuri Mod","vexMod"],"gold_per_floor":[488,20,54,81,116,116,61,61,87,120,149,149,149,149,178,209,241,267],"floor_reached":19,"playtime":2417,"items_purged":[],"score":320,"play_id":"538715fc-5a54-417b-a71e-dfd1e5cc6d66","local_time":"20201222142816","daily_mods":["challengethespire:Silver Difficulty","challengethespire:Modded Elite Rush","Uncertain Future"],"is_ascension_mode":true,"campfire_choices":[{"floor":8,"key":"REST"},{"floor":13,"key":"REST"}],"circlet_count":0,"master_deck":["sneckomod:Strike","sneckomod:Strike","sneckomod:Strike+1","sneckomod:Defend","sneckomod:Defend","sneckomod:Defend","sneckomod:TailWhip","sneckomod:SnekBite","sneckomod:Unknown+1","sneckomod:Unknown","Enlightenment","sneckomod:UnknownClassBLESSING","sneckomod:SlitherStrike+1","sneckomod:CheapStock","Discovery","sneckomod:ImprovisedGuard","sneckomod:Restock","sneckomod:UnknownRarePower","sneckomod:UnknownBlock","sneckomod:CheapStock+1","sneckomod:Unknown0Cost","sneckomod:UnknownClassUrban Legend","sneckomod:SlitherStrike","sneckomod:UnknownClassCULL_RED_COLOR","sneckomod:UnknownStrike","sneckomod:UnknownClassHEXA_GHOST_PURPLE","sneckomod:UnknownClassBLESSING","sneckomod:UnknownClassBEAKED_YELLOW","sneckomod:UnknownClassTHE_VIXEN_ORANGE"],"relics":["sneckomod:SneckoSoul","Black Star","Sling","PreservedInsect","halation:AfternoonTea","SpikesRelics:DaevaFist","RetroEgg","Gambling Chip","Gremlin Food","hubris:GlazedTorus","trackpad:GuardianSpirit","Prayer Beads","aspiration:RunicSpoon","sagemod:Singing_Vial","Eternal Feather","aspiration:EmptySkull","Oddly Smooth Stone","halation:PrussianBluePaint","Replay:Multitool","aspiration:MobileForge","StuffTheSpire:SapphireSignet","halation:PromiseList","trackpad:FieryHotPepper","Calipers","Pear","Strawberry","MiniBlackHole","FossilizedHelix"],"acts_visited":["Gensokyo:Gensokyo"],"potions_floor_usage":[17],"damage_taken":[{"damage":14,"enemies":"Gremlin Nob","floor":3,"turns":3},{"damage":18,"enemies":"Replay:BlueRogue","floor":4,"turns":7},{"damage":28,"enemies":"3 Sentries","floor":5,"turns":9},{"damage":22,"enemies":"Replay:Snechameleon","floor":9,"turns":3},{"damage":30,"enemies":"conspire:SneckoGhost","floor":10,"turns":12},{"damage":22,"enemies":"conspire:Head Lice","floor":11,"turns":7},{"damage":110,"enemies":"beaked:SuperParasite","floor":15,"turns":11},{"damage":3,"enemies":"Giant Head","floor":16,"turns":5},{"damage":27,"enemies":"Nemesis","floor":17,"turns":3},{"damage":116,"enemies":"Shield and Spear","floor":18,"turns":8}],"seed_played":"-1728935436387285409","potions_obtained":[{"floor":4,"key":"Doom Potion"},{"floor":15,"key":"SCP261:EnergyGasPotion"}],"is_trial":true,"path_per_floor":["$","$","E","E","E","T","$","R","E","E","E","T","R","R","E","E","E","E",null],"character_chosen":"THE_SNECKO","items_purchased":["Enlightenment","sneckomod:UnknownClassBLESSING","conspire:TimeTravelPotion","conspire:TimeTravelPotion","sneckomod:SlitherStrike","sneckomod:CheapStock","halation:AfternoonTea","Discovery","sneckomod:ImprovisedGuard","SpikesRelics:DaevaFist","sneckomod:CheapStock+1"],"campfire_rested":2,"item_purchase_floors":[1,1,1,1,1,1,2,2,2,2,7],"current_hp_per_floor":[91,91,77,60,33,33,33,60,48,22,29,29,69,85,29,27,47,9],"gold":267,"neow_bonus":"","is_daily":false,"chose_seed":false,"campfire_upgraded":0,"win_rate":0.0,"timestamp":1608665296,"path_taken":["$","$","E","E","E","T","$","R","E","E","E","T","R","R","E","E","E","E"],"items_purchased_type":["Card","Card","Potion","Potion","Card","Card","Relic","Card","Card","Relic","Card"],"build_version":"2020-12-13","purchased_purges":0,"victory":true,"max_hp_per_floor":[91,91,91,92,93,93,93,93,94,94,95,95,95,96,97,98,116,116],"card_choices":[],"player_experience":226656,"relics_obtained":[{"floor":3,"key":"RetroEgg"},{"floor":3,"key":"Gambling Chip"},{"floor":4,"key":"Gremlin Food"},{"floor":4,"key":"hubris:GlazedTorus"},{"floor":5,"key":"trackpad:GuardianSpirit"},{"floor":5,"key":"Prayer Beads"},{"floor":9,"key":"sagemod:Singing_Vial"},{"floor":9,"key":"Eternal Feather"},{"floor":10,"key":"aspiration:EmptySkull"},{"floor":10,"key":"Oddly Smooth Stone"},{"floor":11,"key":"halation:PrussianBluePaint"},{"floor":11,"key":"Replay:Multitool"},{"floor":15,"key":"StuffTheSpire:SapphireSignet"},{"floor":15,"key":"halation:PromiseList"},{"floor":16,"key":"trackpad:FieryHotPepper"},{"floor":16,"key":"Calipers"},{"floor":17,"key":"Pear"},{"floor":17,"key":"Strawberry"},{"floor":18,"key":"MiniBlackHole"},{"floor":18,"key":"FossilizedHelix"}],"event_choices":[],"is_beta":false,"boss_relics":[{"not_picked":["hubris:Backtick","energizedSpire:OgreHead"],"picked":"aspiration:RunicSpoon"},{"not_picked":["beaked:SacredDeck","halation:CatFaceCupcake"],"picked":"aspiration:MobileForge"}],"items_purged_floors":[],"is_endless":false,"potions_floor_spawned":[4,5,10,15],"ascension_level":0}}