{"host":"na09lpbrez4gbfiz","time":1608604555,"event":{"mods":["Act Like it!","BaseMod","BetterRewards","Colored Map","Colored Powertips","DeckTracker","Googly Eyes","Highlight Path","Minty Spire (QoL Compilation)","StSLib","Synergy Search"],"gold_per_floor":[115,115,129,0,12,12,23,48,74,74,87,87,107,119,119,220,220,175,175,175,175,75,75,75,75,75,75,75,27,27,27,27,27,27,27,27,27,27,27],"floor_reached":38,"playtime":1904,"items_purged":["Injury","Strike_R"],"score":613,"play_id":"3c448bfb-3334-4cb3-b288-406838e15a32","local_time":"20201222033555","is_ascension_mode":true,"campfire_choices":[{"data":"Armaments","floor":6,"key":"SMITH"},{"floor":10,"key":"REST"},{"data":"Seeing Red","floor":15,"key":"SMITH"},{"data":"Limit Break","floor":25,"key":"SMITH"},{"floor":27,"key":"REST"},{"floor":32,"key":"REST"}],"circlet_count":0,"master_deck":["Strike_R","Strike_R","Strike_R","Strike_R","Defend_R","Defend_R+1","Defend_R","Defend_R+1","Bash","Flex","Cleave","Armaments+1","Sword Boomerang","Sever Soul","Seeing Red+1","Battle Trance","Reaper","Limit Break+1","Rampage+1","Flex","Heavy Blade","Limit Break+1","Disarm","Demon Form","CurseOfTheBell","Metallicize","Fiend Fire"],"relics":["Burning Blood","Torii","War Paint","Ancient Tea Set","Lantern","Ectoplasm","Blood Vial","Regal Pillow","Mercury Hourglass","Calling Bell","PreservedInsect","Pear","Du-Vu Doll"],"acts_visited":["Exordium","TheCity","TheBeyond"],"potions_floor_usage":[11,13,14,16,21,23,31,33,33,36],"damage_taken":[{"damage":17,"enemies":"Small Slimes","floor":1,"turns":4},{"damage":0,"enemies":"Cultist","floor":3,"turns":3},{"damage":1,"enemies":"Jaw Worm","floor":5,"turns":4},{"damage":1,"enemies":"Red Slaver","floor":7,"turns":5},{"damage":52,"enemies":"Lagavulin","floor":8,"turns":7},{"damage":7,"enemies":"Exordium Thugs","floor":11,"turns":5},{"damage":0,"enemies":"Lots of Slimes","floor":13,"turns":1},{"damage":0,"enemies":"3 Louse","floor":14,"turns":2},{"damage":18,"enemies":"Slime Boss","floor":16,"turns":7},{"damage":23,"enemies":"2 Thieves","floor":18,"turns":3},{"damage":1,"enemies":"3 Byrds","floor":20,"turns":5},{"damage":14,"enemies":"Centurion and Healer","floor":21,"turns":2},{"damage":40,"enemies":"Gremlin Leader","floor":23,"turns":7},{"damage":10,"enemies":"Snecko","floor":24,"turns":3},{"damage":23,"enemies":"Cultist and Chosen","floor":28,"turns":6},{"damage":38,"enemies":"Slavers","floor":31,"turns":5},{"damage":72,"enemies":"Champ","floor":33,"turns":10},{"damage":54,"enemies":"3 Darklings","floor":35,"turns":5},{"damage":31,"enemies":"3 Shapes","floor":36,"turns":3},{"damage":38,"enemies":"Sphere and 2 Shapes","floor":37,"turns":5},{"damage":25,"enemies":"4 Shapes","floor":38,"turns":3}],"seed_played":"-2120222572074122968","potions_obtained":[{"floor":3,"key":"BloodPotion"},{"floor":5,"key":"Strength Potion"},{"floor":7,"key":"Explosive Potion"},{"floor":11,"key":"Explosive Potion"},{"floor":18,"key":"BlessingOfTheForge"},{"floor":19,"key":"SteroidPotion"},{"floor":19,"key":"ElixirPotion"},{"floor":24,"key":"BloodPotion"},{"floor":31,"key":"Fruit Juice"},{"floor":35,"key":"SteroidPotion"}],"is_trial":false,"path_per_floor":["M","?","M","$","M","R","M","E","T","R","M","?","M","M","R","B",null,"M","?","M","M","$","E","M","R","T","R","M","$","?","E","R","B",null,"M","M","M","M"],"character_chosen":"IRONCLAD","items_purchased":["Cleave","Weak Potion"],"campfire_rested":3,"item_purchase_floors":[4,29],"current_hp_per_floor":[61,61,67,67,72,72,77,31,31,55,70,70,76,80,80,68,77,60,60,73,65,65,47,45,45,45,80,63,63,63,38,78,36,83,49,40,20,0,0],"gold":27,"neow_bonus":"ONE_RARE_RELIC","is_daily":false,"chose_seed":false,"campfire_upgraded":3,"win_rate":0.0,"timestamp":1608604555,"path_taken":["M","?","?","$","M","R","M","E","T","R","M","?","M","?","R","BOSS","M","?","M","?","$","E","M","R","T","R","M","?","?","E","R","BOSS","M","?","M","M"],"items_purchased_type":["Card","Potion"],"build_version":"2020-12-13","purchased_purges":2,"victory":false,"max_hp_per_floor":[80,80,80,80,80,80,80,80,80,80,80,80,80,80,80,80,80,80,80,80,80,80,80,80,80,80,80,80,80,80,85,85,85,95,95,95,95,95,95],"card_choices":[{"not_picked":["Searing Blow","Metallicize"],"picked":"Pummel","floor":1},{"not_picked":["Wild Strike","Burning Pact"],"picked":"Flex","floor":3},{"not_picked":["Clothesline","Perfected Strike"],"picked":"Armaments","floor":5},{"not_picked":["Perfected Strike","Battle Trance"],"picked":"Sword Boomerang","floor":7},{"not_picked":["Wild Strike","Double Tap","Hemokinesis"],"picked":"SKIP","floor":8},{"not_picked":["Headbutt","Reckless Charge"],"picked":"Sever Soul","floor":11},{"not_picked":["Clothesline","Dual Wield"],"picked":"Battle Trance","floor":13},{"not_picked":["Thunderclap","Headbutt"],"picked":"Reaper","floor":14},{"not_picked":["Juggernaut","Bludgeon"],"picked":"Limit Break","floor":16},{"not_picked":["Iron Wave","Wild Strike+1"],"picked":"Rampage+1","floor":18},{"not_picked":["Headbutt","Clash","Dark Embrace"],"picked":"SKIP","floor":20},{"not_picked":["Cleave+1","Intimidate"],"picked":"Flex","floor":21},{"not_picked":["Twin Strike","Power Through+1"],"picked":"Heavy Blade","floor":23},{"not_picked":["Cleave","Clash+1","Seeing Red"],"picked":"SKIP","floor":24},{"not_picked":["Anger","Dual Wield+1","Pommel Strike"],"picked":"SKIP","floor":28},{"not_picked":["Clash","Thunderclap"],"picked":"Disarm","floor":31},{"not_picked":["Reaper","Bludgeon"],"picked":"Demon Form","floor":33},{"not_picked":["Clash+1","Shrug It Off+1","Anger"],"picked":"SKIP","floor":35},{"not_picked":["Havoc+1","Armaments+1"],"picked":"Metallicize","floor":36},{"not_picked":["Seeing Red","Hemokinesis"],"picked":"Fiend Fire","floor":37}],"player_experience":224427,"relics_obtained":[{"floor":8,"key":"Ancient Tea Set"},{"floor":9,"key":"Lantern"},{"floor":23,"key":"Blood Vial"},{"floor":26,"key":"Regal Pillow"},{"floor":31,"key":"Mercury Hourglass"},{"floor":34,"key":"PreservedInsect"},{"floor":34,"key":"Pear"},{"floor":34,"key":"Du-Vu Doll"}],"event_choices":[{"cards_removed":["Pummel"],"damage_healed":0,"gold_gain":0,"player_choice":"Gave Card","damage_taken":0,"relics_obtained":["War Paint"],"max_hp_gain":0,"max_hp_loss":0,"event_name":"WeMeetAgain","floor":2,"gold_loss":0},{"damage_healed":0,"gold_gain":0,"player_choice":"1 cards matched","damage_taken":0,"max_hp_gain":0,"max_hp_loss":0,"event_name":"Match and Keep!","floor":12,"gold_loss":0,"cards_obtained":["Seeing Red"]},{"damage_healed":0,"gold_gain":0,"player_choice":"Got Potions","damage_taken":0,"max_hp_gain":0,"max_hp_loss":0,"event_name":"Lab","floor":19,"gold_loss":0},{"damage_healed":0,"gold_gain":0,"player_choice":"Copied","damage_taken":0,"max_hp_gain":0,"max_hp_loss":0,"event_name":"Duplicator","floor":30,"gold_loss":0,"cards_obtained":["Limit Break"]}],"is_beta":false,"boss_relics":[{"not_picked":["Runic Dome","Snecko Eye"],"picked":"Ectoplasm"},{"not_picked":["Coffee Dripper","Black Star"],"picked":"Calling Bell"}],"items_purged_floors":[4,22],"is_endless":false,"potions_floor_spawned":[3,5,7,11,18,24,31,35],"killed_by":"4 Shapes","ascension_level":8}}