{"host":"93x13jgem5w43hjr","time":1608604817,"event":{"mods":["AchievementEnabler","BaseMod","Colored Map","Colored Powertips","Downfall","Minty Spire (QoL Compilation)","Remilia??????","StSLib","The Animator","The Hierophant"],"gold_per_floor":[109,125,125,200,231,231,257,257,282,292,16,28,28,38,38,141,141,157,177,3,21,21,21,33,33,33],"floor_reached":25,"playtime":2254,"items_purged":["animator:Verdia"],"score":203,"play_id":"f3fc2347-5d4c-43fe-9c74-da61880d2633","local_time":"20201221194017","is_ascension_mode":false,"campfire_choices":[{"data":"animator:Layla","floor":6,"key":"SMITH"},{"floor":12,"key":"REST"},{"data":"animator:Aqua","floor":15,"key":"SMITH"},{"data":"animator:Demiurge","floor":23,"key":"SMITH"}],"circlet_count":0,"master_deck":["animator:Defend_Konosuba","animator:Defend","animator:Defend","animator:Defend","animator:Kazuma","animator:Aqua+1","animator:Hans","animator:Eris","animator:Layla+1","animator:Gillette","animator:Vanir","animator:Megumin+4","animator:AcuraAkari","animator:Aqua","animator:YunYun","animator:Fredrika","animator:Demiurge+1","animator:Eris"],"relics":["animator:LivingPicture","animator:TheMissingPiece","Dream Catcher","animator:ShionDessert","Membership Card","Question Card","Regal Pillow","Coffee Dripper","ClockworkSouvenir"],"acts_visited":["Exordium","TheCity"],"potions_floor_usage":[19,21,25],"damage_taken":[{"damage":0,"enemies":"2 Louse","floor":1,"turns":8},{"damage":0,"enemies":"Jaw Worm","floor":2,"turns":4},{"damage":1,"enemies":"Small Slimes","floor":5,"turns":5},{"damage":17,"enemies":"3 Sentries","floor":7,"turns":13},{"damage":0,"enemies":"Blue Slaver","floor":10,"turns":3},{"damage":7,"enemies":"2 Fungi Beasts","floor":14,"turns":3},{"damage":28,"enemies":"Hexaghost","floor":16,"turns":9},{"damage":9,"enemies":"Spheric Guardian","floor":18,"turns":3},{"damage":13,"enemies":"2 Thieves","floor":19,"turns":3},{"damage":19,"enemies":"Shelled Parasite and Fungi","floor":21,"turns":5},{"damage":12,"enemies":"Cultist and Chosen","floor":24,"turns":5},{"damage":67,"enemies":"Book of Stabbing","floor":25,"turns":7}],"seed_played":"-6884080846037062113","potions_obtained":[{"floor":1,"key":"Explosive Potion"},{"floor":7,"key":"Strength Potion"},{"floor":16,"key":"Regen Potion"},{"floor":18,"key":"Guardian:BlockOnCardUsePotion"},{"floor":21,"key":"EssenceOfSteel"},{"floor":24,"key":"EssenceOfSteel"}],"is_trial":false,"path_per_floor":["M","M","?","?","M","R","E","?","T","M","$","R","?","M","R","B",null,"M","M","$","M","?","R","M","E"],"character_chosen":"THE_ANIMATOR","items_purchased":["Membership Card","Question Card","animator:YunYun","animator:Fredrika","ClockworkSouvenir"],"campfire_rested":1,"item_purchase_floors":[11,11,20,20,20],"current_hp_per_floor":[53,58,51,40,44,44,33,33,33,38,38,58,58,56,56,34,67,58,51,51,55,55,55,51,0,0],"gold":33,"neow_bonus":"TRANSFORM_TWO_CARDS","is_daily":false,"chose_seed":false,"campfire_upgraded":3,"win_rate":0.0,"timestamp":1608604817,"path_taken":["M","M","?","?","M","R","E","?","T","M","$","R","?","M","R","BOSS","M","?","$","?","?","R","M","E"],"items_purchased_type":["Relic","Relic","Card","Card","Relic"],"build_version":"2020-12-13","purchased_purges":1,"victory":false,"max_hp_per_floor":[66,66,66,66,66,66,67,67,67,67,67,67,67,67,67,67,67,67,67,67,67,67,67,67,67,67],"card_choices":[{"not_picked":["animator:Shion","animator:PandorasActor"],"picked":"animator:Layla","floor":1},{"not_picked":["animator:Shichika","animator:ChaikaBohdan"],"picked":"animator:Gillette","floor":2},{"not_picked":["animator:Viivi","animator:Sebas"],"picked":"animator:Verdia","floor":5},{"not_picked":["animator:Mitsurugi","animator:Chris"],"picked":"animator:Vanir","floor":7},{"not_picked":["animator:Shalltear","animator:Yuuichirou","animator:TukaLunaMarceau"],"picked":"SKIP","floor":10},{"not_picked":["animator:Shichika","animator:Shuna","animator:Kuribayashi"],"picked":"animator:Megumin","floor":12},{"not_picked":["animator:Shinoa","animator:Togame","animator:Arpeggio"],"picked":"animator:AcuraAkari","floor":14},{"not_picked":["animator:Kuribayashi","animator:Mitsuba","animator:Azekura","animator:Entoma"],"picked":"SKIP","floor":18},{"not_picked":["animator:Kazuma","animator:Mitsurugi","animator:Verdia"],"picked":"animator:Aqua","floor":19},{"not_picked":["animator:NarberalGamma+1","animator:Togame","animator:Tyuule"],"picked":"animator:Demiurge","floor":21},{"not_picked":["animator:CrowleyEusford","animator:PandorasActor","animator:Millim"],"picked":"animator:Eris","floor":24}],"player_experience":172382,"relics_obtained":[{"floor":7,"key":"Dream Catcher"},{"floor":9,"key":"animator:ShionDessert"}],"event_choices":[{"cards_removed":["animator:Strike_Konosuba"],"damage_healed":0,"gold_gain":0,"player_choice":"Card Removal","damage_taken":7,"max_hp_gain":0,"max_hp_loss":0,"event_name":"Golden Wing","floor":3,"gold_loss":0},{"damage_healed":0,"gold_gain":75,"player_choice":"Gather Gold","damage_taken":11,"max_hp_gain":0,"max_hp_loss":0,"event_name":"World of Goop","floor":4,"gold_loss":0},{"cards_removed":["animator:Strike"],"damage_healed":0,"gold_gain":0,"player_choice":"Forget","damage_taken":0,"max_hp_gain":0,"max_hp_loss":0,"event_name":"Living Wall","floor":8,"gold_loss":0},{"damage_healed":0,"gold_gain":0,"player_choice":"Gave Potion","damage_taken":0,"relics_obtained":["Regal Pillow"],"max_hp_gain":0,"max_hp_loss":0,"event_name":"WeMeetAgain","floor":13,"gold_loss":0},{"damage_healed":0,"gold_gain":0,"player_choice":"Ignored","damage_taken":0,"max_hp_gain":0,"max_hp_loss":0,"event_name":"Vampires","floor":22,"gold_loss":0}],"is_beta":false,"boss_relics":[{"not_picked":["Ectoplasm","Busted Crown"],"picked":"Coffee Dripper"}],"items_purged_floors":[20],"is_endless":false,"potions_floor_spawned":[1,7,16,18,21,24],"killed_by":"Book of Stabbing","ascension_level":0}}