{"host":"95wyl20yxqdpjbr6","time":1608657140,"event":{"mods":["2.2 Compatiblity","Act Like it!","BaseMod","Better Third Choice","BetterRewards","Colored Map","Conspire","Downfall","Gensokyo","Hallownest","Hermit","Highlight Path","Hubris","Infinite Spire","Jorbs\u0027s Wanderer Trilogy","Marisa????????","Minty Spire (QoL Compilation)","Rare Cards Sparkle","Replay The Spire","StSLib","The Construct","The Cursed","The Disciple","The Hierophant","The Runesmith"],"gold_per_floor":[99,119,137,148,148,148,148,148],"floor_reached":6,"playtime":592,"items_purged":[],"score":36,"play_id":"42b4bd33-1b38-4114-8ac5-4c184ae726b0","local_time":"20201222181220","is_ascension_mode":false,"campfire_choices":[{"data":"champ:Taunt","floor":1,"key":"SMITH"}],"circlet_count":0,"master_deck":["champ:Strike","champ:Strike","champ:Strike","champ:Strike","champ:Defend","champ:Defend","champ:Defend","champ:Defend","champ:Execute","champ:Taunt+1","champ:FlashCut","champ:EnragedBash","champ:Lariat","Regret"],"relics":["champ:ChampionCrown","Peace Pipe"],"acts_visited":["Exordium"],"potions_floor_usage":[],"damage_taken":[{"damage":22,"enemies":"Cultist","floor":2,"turns":5},{"damage":0,"enemies":"Small Slimes","floor":3,"turns":3},{"damage":2,"enemies":"2 Louse","floor":4,"turns":4},{"damage":99,"enemies":"Replay:BlueRogue","floor":6,"turns":13}],"seed_played":"-6985079068432244441","potions_obtained":[{"floor":3,"key":"BlessingOfTheForge"}],"is_trial":false,"path_per_floor":["R","M","M","M","?","E"],"character_chosen":"THE_CHAMP","items_purchased":[],"campfire_rested":0,"item_purchase_floors":[],"current_hp_per_floor":[99,87,87,87,87,0,0,0],"gold":148,"neow_bonus":"TEN_PERCENT_HP_BONUS","is_daily":false,"chose_seed":false,"campfire_upgraded":1,"win_rate":0.0,"timestamp":1608657140,"path_taken":["R","M","M","?","?","E"],"items_purchased_type":[],"build_version":"2020-12-13","purchased_purges":0,"victory":false,"max_hp_per_floor":[99,99,99,99,99,99,99,99],"card_choices":[{"not_picked":["champ:Backstep","champ:GladiatorsShout"],"picked":"champ:FlashCut","floor":2},{"not_picked":["champ:TornadoPunch","champ:BerserkersShout"],"picked":"champ:EnragedBash","floor":3},{"not_picked":["champ:ShieldThrow","champ:Haymaker"],"picked":"champ:Lariat","floor":4}],"player_experience":491347,"relics_obtained":[],"event_choices":[{"damage_healed":0,"gold_gain":0,"player_choice":"Box","damage_taken":0,"relics_obtained":["Peace Pipe"],"max_hp_gain":0,"max_hp_loss":0,"event_name":"Big Fish","floor":5,"gold_loss":0,"cards_obtained":["Regret"]}],"is_beta":false,"boss_relics":[],"items_purged_floors":[],"is_endless":false,"potions_floor_spawned":[3],"killed_by":"Replay:BlueRogue","ascension_level":0}}