{"host":"Fun","time":1608672325,"event":{"mods":["BaseMod","Colored Map","Filter the Spire","Minty Spire (QoL Compilation)","Relic Stats","StSLib"],"gold_per_floor":[113,28,28,38,213,213,229,85,108,136,171,186,205,17,17,119,119,132,149,163,163,163,163,176,194,264,264,264,264,336,349,349,453,453,464,63,74,84,84,84,110,110,110,138,138,169,169,44,44,44],"floor_reached":51,"playtime":1988,"items_purged":["Doubt","Combust","Strike_R+1"],"score":1222,"play_id":"1ebfb557-2fbe-4b66-a2d4-6e4c9e27c237","local_time":"20201222162525","is_ascension_mode":true,"campfire_choices":[{"data":"Flex","floor":6,"key":"SMITH"},{"data":"Barricade","floor":15,"key":"SMITH"},{"floor":23,"key":"REST"},{"floor":27,"key":"REST"},{"data":"Entrench","floor":29,"key":"SMITH"},{"floor":32,"key":"REST"},{"floor":40,"key":"REST"},{"floor":42,"key":"REST"},{"data":"Demon Form","floor":49,"key":"SMITH"}],"circlet_count":0,"master_deck":["AscendersBane","Strike_R+1","Strike_R+1","Strike_R+1","Defend_R+1","Defend_R+1","Defend_R+1","Defend_R+1","Bash","Swift Strike","Sword Boomerang","Flex+1","Metallicize","Pommel Strike","Burning Pact","Dual Wield","True Grit","Barricade+1","Demon Form+1","Shrug It Off","Seeing Red+1","Havoc","Entrench+1","Flame Barrier","True Grit","Infernal Blade+1","Sword Boomerang","Immolate","Entrench+1","Shrug It Off","Dark Embrace","Havoc","Shrug It Off","Shrug It Off","Body Slam","Disarm","Purity"],"relics":["Burning Blood","WarpedTongs","Dream Catcher","Blood Vial","Odd Mushroom","Blue Candle","Philosopher\u0027s Stone","Strawberry","Mummified Hand","Meat on the Bone","Busted Crown","DollysMirror","Potion Belt","Ornamental Fan","Omamori","Pantograph"],"acts_visited":["Exordium","TheCity","TheBeyond"],"potions_floor_usage":[13,16,38,44],"damage_taken":[{"damage":7,"enemies":"Jaw Worm","floor":1,"turns":3},{"damage":0,"enemies":"2 Louse","floor":4,"turns":4},{"damage":1,"enemies":"Cultist","floor":7,"turns":3},{"damage":26,"enemies":"The Mushroom Lair","floor":10,"turns":4},{"damage":34,"enemies":"Gremlin Nob","floor":11,"turns":4},{"damage":12,"enemies":"Red Slaver","floor":12,"turns":3},{"damage":9,"enemies":"Gremlin Gang","floor":13,"turns":5},{"damage":23,"enemies":"Hexaghost","floor":16,"turns":14},{"damage":25,"enemies":"3 Byrds","floor":18,"turns":6},{"damage":2,"enemies":"Spheric Guardian","floor":19,"turns":2},{"damage":42,"enemies":"Snake Plant","floor":20,"turns":4},{"damage":10,"enemies":"Snecko","floor":24,"turns":6},{"damage":16,"enemies":"Centurion and Healer","floor":25,"turns":6},{"damage":47,"enemies":"Chosen and Byrds","floor":31,"turns":8},{"damage":40,"enemies":"Automaton","floor":33,"turns":15},{"damage":0,"enemies":"3 Shapes","floor":35,"turns":1},{"damage":46,"enemies":"3 Darklings","floor":37,"turns":13},{"damage":58,"enemies":"Spire Growth","floor":38,"turns":7},{"damage":44,"enemies":"Nemesis","floor":41,"turns":7},{"damage":13,"enemies":"Reptomancer","floor":44,"turns":9},{"damage":8,"enemies":"Nemesis","floor":46,"turns":9},{"damage":73,"enemies":"Donu and Deca","floor":50,"turns":11}],"seed_played":"5015382184110602787","potions_obtained":[{"floor":1,"key":"SpeedPotion"},{"floor":4,"key":"FairyPotion"},{"floor":12,"key":"Regen Potion"},{"floor":16,"key":"SpeedPotion"},{"floor":35,"key":"BloodPotion"},{"floor":41,"key":"AttackPotion"}],"is_trial":false,"path_per_floor":["M","$","?","M","?","R","M","$","T","?","E","M","M","$","R","B",null,"M","M","M","?","?","R","M","M","T","R","?","R","T","M","R","B",null,"M","$","M","M","?","R","E","R","T","E","?","E","?","$","R","B",null],"character_chosen":"IRONCLAD","items_purchased":["Flex","Metallicize","Combust","Barricade","SkillPotion","Shrug It Off","Dark Embrace","Havoc","DollysMirror"],"campfire_rested":5,"item_purchase_floors":[2,2,8,14,14,36,36,36,36],"current_hp_per_floor":[71,71,64,70,70,70,75,75,75,57,31,27,40,40,40,25,66,49,55,21,21,28,54,52,44,44,70,53,53,53,26,53,33,77,85,85,59,39,39,65,41,67,67,62,62,62,62,62,62,32],"gold":44,"neow_bonus":"RANDOM_COLORLESS","is_daily":false,"chose_seed":false,"campfire_upgraded":4,"win_rate":0.0,"timestamp":1608672325,"path_taken":["M","$","?","M","?","R","M","$","T","?","E","?","?","?","R","BOSS","M","M","?","?","?","R","M","?","T","R","?","R","?","M","R","BOSS","M","$","M","M","?","R","E","R","T","E","?","E","?","?","R","BOSS"],"items_purchased_type":["Card","Card","Card","Card","Potion","Card","Card","Card","Relic"],"build_version":"2020-12-18","purchased_purges":3,"victory":true,"max_hp_per_floor":[80,80,80,80,80,80,80,80,80,80,80,80,80,80,80,80,80,80,80,80,80,87,87,87,87,87,87,92,92,92,92,92,92,92,92,92,92,92,87,87,87,87,87,87,87,87,87,87,87,87],"relic_stats":{"Blood Vial":36,"Dream Catcher":5,"Busted Crown":18,"counters":[22,144],"Mummified Hand":[37],"Ornamental Fan":[28],"Blue Candle":[1],"Pantograph":25,"obtain_stats":[{"Potion Belt":41,"Blue Candle":11,"Omamori":44,"Odd Mushroom":10,"Burning Blood":0,"WarpedTongs":1,"Blood Vial":9,"Dream Catcher":3,"Busted Crown":34,"Mummified Hand":26,"DollysMirror":36,"Ornamental Fan":43,"Strawberry":22,"Pantograph":46,"Philosopher\u0027s Stone":17,"Meat on the Bone":30},{"Potion Belt":19,"Blue Candle":5,"Omamori":20,"Odd Mushroom":4,"Burning Blood":0,"WarpedTongs":1,"Blood Vial":3,"Dream Catcher":1,"Busted Crown":15,"Mummified Hand":13,"DollysMirror":16,"Ornamental Fan":19,"Strawberry":11,"Pantograph":21,"Philosopher\u0027s Stone":8,"Meat on the Bone":13},{"Potion Belt":115,"Blue Candle":18,"Omamori":124,"Odd Mushroom":14,"Burning Blood":0,"WarpedTongs":1,"Blood Vial":10,"Dream Catcher":3,"Busted Crown":87,"Mummified Hand":64,"DollysMirror":88,"Ornamental Fan":115,"Strawberry":52,"Pantograph":133,"Philosopher\u0027s Stone":40,"Meat on the Bone":64}],"Burning Blood":132,"WarpedTongs":[137],"Meat on the Bone":72},"card_choices":[{"not_picked":["Forethought","Enlightenment"],"picked":"Swift Strike","floor":0},{"not_picked":["Battle Trance","Flame Barrier"],"picked":"Sword Boomerang","floor":1},{"not_picked":["Rupture","Anger"],"picked":"Pommel Strike","floor":4},{"not_picked":["Pommel Strike","Body Slam","Perfected Strike"],"picked":"SKIP","floor":7},{"not_picked":["Headbutt","Cleave"],"picked":"Burning Pact","floor":10},{"not_picked":["Battle Trance","Thunderclap"],"picked":"Dual Wield","floor":11},{"not_picked":["Dual Wield","Sentinel","Twin Strike"],"picked":"SKIP","floor":12},{"not_picked":["Twin Strike","Dropkick"],"picked":"True Grit","floor":13},{"not_picked":["Exhume","Juggernaut"],"picked":"Demon Form","floor":16},{"not_picked":["Pommel Strike","Warcry"],"picked":"Shrug It Off","floor":18},{"not_picked":["Headbutt","Perfected Strike+1"],"picked":"Seeing Red+1","floor":19},{"not_picked":["Sword Boomerang","Rupture+1"],"picked":"Havoc","floor":20},{"not_picked":["Iron Wave","Power Through"],"picked":"Entrench","floor":23},{"not_picked":["Heavy Blade+1","Combust+1"],"picked":"Flame Barrier","floor":24},{"not_picked":["Twin Strike","Dual Wield"],"picked":"True Grit","floor":25},{"not_picked":["Spot Weakness","Headbutt"],"picked":"Infernal Blade+1","floor":31},{"not_picked":["Inflame","Iron Wave"],"picked":"Sword Boomerang","floor":32},{"not_picked":["Demon Form","Brutality"],"picked":"Immolate","floor":33},{"not_picked":[],"picked":"Entrench+1","floor":35},{"not_picked":["Thunderclap+1"],"picked":"SKIP","floor":37},{"not_picked":[],"picked":"Shrug It Off","floor":38},{"not_picked":[],"picked":"Body Slam","floor":40},{"not_picked":["Bloodletting"],"picked":"SKIP","floor":41},{"not_picked":[],"picked":"Disarm","floor":42},{"not_picked":["Armaments"],"picked":"SKIP","floor":44},{"not_picked":["Anger+1"],"picked":"SKIP","floor":46},{"not_picked":[],"picked":"Purity","floor":47}],"player_experience":90306,"relics_obtained":[{"floor":9,"key":"Blood Vial"},{"floor":10,"key":"Odd Mushroom"},{"floor":11,"key":"Blue Candle"},{"floor":22,"key":"Strawberry"},{"floor":26,"key":"Mummified Hand"},{"floor":30,"key":"Meat on the Bone"},{"floor":41,"key":"Potion Belt"},{"floor":43,"key":"Ornamental Fan"},{"floor":44,"key":"Omamori"},{"floor":46,"key":"Pantograph"}],"event_choices":[{"damage_healed":0,"gold_gain":0,"player_choice":"Success","damage_taken":7,"relics_obtained":["Dream Catcher"],"max_hp_gain":0,"max_hp_loss":0,"event_name":"Scrap Ooze","floor":3,"gold_loss":0},{"damage_healed":0,"gold_gain":175,"player_choice":"AGREE","damage_taken":0,"max_hp_gain":0,"max_hp_loss":0,"event_name":"Liars Game","floor":5,"gold_loss":0,"cards_obtained":["Doubt"]},{"damage_healed":0,"gold_gain":0,"player_choice":"Fought Mushrooms","damage_taken":0,"max_hp_gain":0,"max_hp_loss":0,"event_name":"Mushrooms","floor":10,"gold_loss":0},{"damage_healed":0,"gold_gain":0,"player_choice":"Simplicity","damage_taken":0,"max_hp_gain":0,"max_hp_loss":0,"event_name":"Back to Basics","floor":21,"gold_loss":0,"cards_upgraded":["Strike_R","Strike_R","Strike_R","Strike_R","Strike_R","Defend_R","Defend_R","Defend_R","Defend_R"]},{"damage_healed":0,"gold_gain":0,"player_choice":"Relic","damage_taken":0,"max_hp_gain":0,"max_hp_loss":0,"event_name":"Wheel of Change","floor":22,"gold_loss":0},{"damage_healed":0,"gold_gain":0,"player_choice":"Shed Blood","damage_taken":22,"max_hp_gain":5,"max_hp_loss":0,"event_name":"Forgotten Altar","floor":28,"gold_loss":0},{"damage_healed":0,"gold_gain":0,"player_choice":"Max HP","damage_taken":0,"max_hp_gain":0,"max_hp_loss":5,"event_name":"Winding Halls","floor":39,"gold_loss":0},{"cards_removed":["Strike_R"],"damage_healed":0,"gold_gain":0,"player_choice":"Removed Attack","damage_taken":0,"max_hp_gain":0,"max_hp_loss":0,"event_name":"Falling","floor":45,"gold_loss":0},{"damage_healed":0,"gold_gain":0,"player_choice":"Memory 1","damage_taken":0,"max_hp_gain":0,"max_hp_loss":0,"event_name":"SensoryStone","floor":47,"gold_loss":0}],"is_beta":true,"boss_relics":[{"not_picked":["Runic Dome","SlaversCollar"],"picked":"Philosopher\u0027s Stone"},{"not_picked":["Runic Cube","Tiny House"],"picked":"Busted Crown"}],"items_purged_floors":[8,36,48],"is_endless":false,"potions_floor_spawned":[1,4,12,16,18,20,35,41],"ascension_level":11}}