{"host":"ormi09wwzv7sq47a","time":1608661421,"event":{"mods":["2.2 Compatiblity","AchievementEnabler","Act Like it!","BaseMod","Bestiary","Better Note","Better Sensory Stone","Better Skull","Better Vampires","Colored Map","Colored Powertips","Curses Come First","DeckTracker","Downfall","Highlight Path","Minty Spire (QoL Compilation)","Permanent Neow","Quick Restart","Rare Cards Sparkle","Relic Stats","Shop Mod","StSLib","The Jungle"],"gold_per_floor":[112,112,112,127,127,127,138,138,161,181,181,194,65,15,15,114,114,124,124,124,141,156,156,166,180,180,180,199,218,238,249,249,344,344,364,382,382,127,145,145,177,177,177,197,197,231,231,251,251,251],"floor_reached":51,"playtime":2917,"items_purged":["Slimebound:Tackle","Slimebound:Strike_Slimebound"],"score":974,"play_id":"bbe04d51-b18b-4487-9296-b2e4cbbbee0e","local_time":"20201222162341","is_ascension_mode":true,"campfire_choices":[{"data":"Slimebound:LeechLife","floor":6.0,"key":"SMITH"},{"data":"Slimebound:Split","floor":8.0,"key":"SMITH"},{"data":"Slimebound:RainOfGoop","floor":11.0,"key":"SMITH"},{"data":"Slimebound:PrepareCrush","floor":15.0,"key":"SMITH"},{"data":"Slimebound:CorrosiveSpit","floor":23.0,"key":"SMITH"},{"data":"Slimebound:GoopSpray","floor":27.0,"key":"SMITH"},{"data":"Slimebound:LeechLife","floor":32,"key":"SMITH"},{"data":"Slimebound:SelfFormingGoo","floor":40,"key":"SMITH"},{"data":"Slimebound:SlimeSlap","floor":42,"key":"SMITH"},{"data":"Slimebound:SlimeSpikes","floor":45,"key":"SMITH"},{"data":"Slimebound:SlimeSpikes","floor":49,"key":"SMITH"}],"circlet_count":0,"master_deck":["Slimebound:Strike_Slimebound","Slimebound:Defend_Slimebound","Slimebound:Defend_Slimebound","Slimebound:Defend_Slimebound","Slimebound:Split+1","Slimebound:CorrosiveSpit+1","Slimebound:LeechLife+1","Slimebound:GoopSpray+1","Slimebound:RainOfGoop+1","Slimebound:PrepareCrush+1","Slimebound:SlimeSpikes+1","Slimebound:LeechLife+1","Slimebound:SlimeSpikes+1","Slimebound:Recollect","Slimebound:ProtectTheBoss+1","Slimebound:SplitMire+1","Slimebound:Equalize+1","Slimebound:SelfFormingGoo+1","Slimebound:GoopSpray+1","Slimebound:SlimeSlap+1","Slimebound:Icky"],"relics":["Slimebound:AbsorbEndCombat","InkBottle","Guardian:PocketSentry","Cursed Key","Pantograph","Busted Crown","Bag of Preparation","Slimebound:SlimedTailRelic","Ornamental Fan"],"acts_visited":["Exordium","TheCity","TheBeyond"],"potions_floor_usage":[31,35,46,50],"damage_taken":[{"damage":5.0,"enemies":"Cultist","floor":1.0,"turns":4.0},{"damage":4.0,"enemies":"2 Louse","floor":4.0,"turns":2.0},{"damage":7.0,"enemies":"Small Slimes","floor":7.0,"turns":2.0},{"damage":17.0,"enemies":"2 Fungi Beasts","floor":10.0,"turns":4.0},{"damage":17.0,"enemies":"Red Slaver","floor":12.0,"turns":2.0},{"damage":23.0,"enemies":"Slime Boss","floor":16.0,"turns":7.0},{"damage":24.0,"enemies":"Shell Parasite","floor":18.0,"turns":4.0},{"damage":22.0,"enemies":"2 Thieves","floor":21.0,"turns":3.0},{"damage":27.0,"enemies":"Shelled Parasite and Fungi","floor":22.0,"turns":3.0},{"damage":16.0,"enemies":"Cultist and Chosen","floor":24.0,"turns":6.0},{"damage":12.0,"enemies":"Snake Plant","floor":25.0,"turns":3.0},{"damage":24.0,"enemies":"Centurion and Healer","floor":28.0,"turns":3.0},{"damage":24.0,"enemies":"Shelled Parasite and Fungi","floor":29.0,"turns":4.0},{"damage":22.0,"enemies":"Snecko","floor":30.0,"turns":3.0},{"damage":24,"enemies":"Snake Plant","floor":31,"turns":3},{"damage":70,"enemies":"Collector","floor":33,"turns":8},{"damage":55,"enemies":"3 Darklings","floor":35,"turns":6},{"damage":22,"enemies":"3 Shapes","floor":36,"turns":3},{"damage":20,"enemies":"3 Darklings","floor":39,"turns":5},{"damage":113,"enemies":"Reptomancer","floor":41,"turns":8},{"damage":33,"enemies":"Maw","floor":44,"turns":6},{"damage":63,"enemies":"Nemesis","floor":46,"turns":7},{"damage":12,"enemies":"Jaw Worm Horde","floor":48,"turns":3},{"damage":103,"enemies":"Time Eater","floor":50,"turns":9}],"seed_played":"-2145692721744664031","potions_obtained":[{"floor":4.0,"key":"Regen Potion"},{"floor":10.0,"key":"sneckomod:MuddlingPotion"},{"floor":16.0,"key":"FairyPotion"},{"floor":18.0,"key":"Explosive Potion"},{"floor":22.0,"key":"Fire Potion"},{"floor":24.0,"key":"champ:CounterPotion"},{"floor":39,"key":"SteroidPotion"},{"floor":41,"key":"Fire Potion"},{"floor":44,"key":"Slimebound:SlimyTonguePotion"},{"floor":46,"key":"EssenceOfSteel"}],"is_trial":false,"path_per_floor":["M","T","?","M","?","R","M","R","T","M","R","M","$","?","R","B",null,"M","?","?","M","M","R","M","M","T","R","M","M","M","M","R","B",null,"M","M","?","$","M","R","E","R","T","M","R","E","?","M","R","B",null],"character_chosen":"SLIMEBOUND","items_purchased":["Slimebound:SlimeSpikes","Slimebound:SlimeSlap"],"campfire_rested":0,"item_purchase_floors":[13,38],"current_hp_per_floor":[60,60,65,65,65,65,64,64,64,65,65,58,58,58,58,65,65,65,65,65,65,65,65,63,65,65,65,65,61,65,41,41,65,65,65,65,65,65,65,65,22,22,22,54,54,65,62,62,62,35],"gold":251,"neow_bonus":"ONE_RANDOM_RARE_CARD","is_daily":false,"chose_seed":false,"campfire_upgraded":11,"win_rate":0.0,"timestamp":1608661421,"path_taken":["M","?","?","M","?","R","M","R","T","M","R","M","$","?","R","BOSS","M","?","?","M","M","R","?","M","T","R","M","?","M","?","R","BOSS","M","M","?","$","M","R","E","R","T","?","R","E","?","M","R","BOSS"],"items_purchased_type":["Card","Card"],"build_version":"2020-12-13","purchased_purges":2,"victory":true,"max_hp_per_floor":[60,60,65,65,65,65,65,65,65,65,65,65,65,65,65,65,65,65,65,65,65,65,65,65,65,65,65,65,65,65,65,65,65,65,65,65,65,65,65,65,65,65,65,65,65,65,62,62,62,62],"relic_stats":{"Busted Crown":14,"counters":[24,106],"Ornamental Fan":[0],"Pantograph":24,"Bag of Preparation":[8],"Cursed Key":2,"obtain_stats":[{"Busted Crown":34,"Ornamental Fan":46,"Pantograph":26,"Slimebound:AbsorbEndCombat":0,"Guardian:PocketSentry":9,"Bag of Preparation":41,"Cursed Key":17,"InkBottle":2,"Slimebound:SlimedTailRelic":43},{"Busted Crown":16,"Ornamental Fan":22,"Pantograph":11,"Slimebound:AbsorbEndCombat":0,"Guardian:PocketSentry":3,"Bag of Preparation":20,"Cursed Key":6,"InkBottle":1,"Slimebound:SlimedTailRelic":20},{"Busted Crown":59,"Ornamental Fan":94,"Pantograph":39,"Slimebound:AbsorbEndCombat":0,"Guardian:PocketSentry":8,"Bag of Preparation":81,"Cursed Key":21,"InkBottle":4,"Slimebound:SlimedTailRelic":81}],"InkBottle":[37]},"card_choices":[{"not_picked":["Slimebound:RollThrough","Slimebound:SplitBruiser"],"picked":"Slimebound:GoopSpray","floor":1.0},{"not_picked":["Slimebound:FinishingTackle","Slimebound:GoopSpray"],"picked":"Slimebound:RainOfGoop","floor":4.0},{"not_picked":["Slimebound:SlimeBrawl","Slimebound:GoopSpray","Slimebound:SplitAcid"],"picked":"SKIP","floor":7.0},{"not_picked":["Slimebound:SplitAcid","Slimebound:ViciousTackle","Slimebound:HungryTackle"],"picked":"SKIP","floor":10.0},{"not_picked":["Slimebound:SplitAcid","Slimebound:ViciousTackle"],"picked":"Slimebound:PrepareCrush","floor":12.0},{"not_picked":["Slimebound:MassRepurpose","Slimebound:MinionMaster"],"picked":"Slimebound:LeechLife","floor":16.0},{"not_picked":["Slimebound:ProtectTheBoss+1","Slimebound:HungryTackle"],"picked":"Slimebound:SlimeSpikes","floor":18.0},{"not_picked":["Slimebound:GoopTackle","Slimebound:SplitAcid"],"picked":"Slimebound:ProtectTheBoss+1","floor":21.0},{"not_picked":["Slimebound:SplitBruiser","Slimebound:ViciousTackle","Slimebound:GoopSpray"],"picked":"SKIP","floor":22.0},{"not_picked":["Slimebound:WasteNot","Slimebound:LeechEnergy+1"],"picked":"Slimebound:SplitMire+1","floor":24.0},{"not_picked":["Slimebound:Schlurp","Slimebound:SplitAcid","Slimebound:GrowthPunch"],"picked":"SKIP","floor":25.0},{"not_picked":["Slimebound:GrowthPunch+1","Slimebound:SplitAcid","Slimebound:RollThrough+1"],"picked":"SKIP","floor":28.0},{"not_picked":["Slimebound:SplitMire","Slimebound:RollThrough"],"picked":"Slimebound:Equalize+1","floor":29.0},{"not_picked":["Slimebound:SplitMire+1","Slimebound:PressTheAttack","Slimebound:SlimeSpikes"],"picked":"SKIP","floor":30.0},{"not_picked":["Slimebound:SplitAcid","Slimebound:SplitLeeching+1","Slimebound:SamplingLick"],"picked":"SKIP","floor":31},{"not_picked":["Slimebound:LeechLife","Slimebound:WasteNot"],"picked":"Slimebound:SelfFormingGoo","floor":33},{"not_picked":[],"picked":"Slimebound:GoopSpray+1","floor":35},{"not_picked":["Slimebound:Equalize"],"picked":"SKIP","floor":36},{"not_picked":["Slimebound:Chomp+1"],"picked":"SKIP","floor":39},{"not_picked":["Slimebound:ComboTackle+1"],"picked":"SKIP","floor":41},{"not_picked":["Slimebound:SplitLeeching+1"],"picked":"SKIP","floor":44},{"not_picked":["Slimebound:PressTheAttack"],"picked":"SKIP","floor":46},{"not_picked":["Slimebound:FlameTackle+1"],"picked":"SKIP","floor":48}],"player_experience":717346,"relics_obtained":[{"floor":2.0,"key":"InkBottle"},{"floor":9.0,"key":"Guardian:PocketSentry"},{"floor":26.0,"key":"Pantograph"},{"floor":41,"key":"Bag of Preparation"},{"floor":43,"key":"Slimebound:SlimedTailRelic"},{"floor":46,"key":"Ornamental Fan"}],"event_choices":[{"damage_healed":0.0,"max_hp_gain":5.0,"max_hp_loss":0.0,"gold_gain":0.0,"event_name":"Big Fish","player_choice":"Donut","floor":3.0,"gold_loss":0.0,"damage_taken":0.0},{"damage_healed":0.0,"max_hp_gain":0.0,"max_hp_loss":0.0,"gold_gain":0.0,"event_name":"Liars Game","player_choice":"Ignored","floor":5.0,"gold_loss":0.0,"damage_taken":0.0},{"cards_removed":["Slimebound:Strike_Slimebound"],"damage_healed":0.0,"max_hp_gain":0.0,"max_hp_loss":0.0,"gold_gain":0.0,"event_name":"The Cleric","player_choice":"Card Removal","floor":14.0,"gold_loss":50.0,"damage_taken":0.0},{"damage_healed":0.0,"max_hp_gain":0.0,"max_hp_loss":0.0,"gold_gain":0.0,"event_name":"The Library","player_choice":"Read","floor":19.0,"gold_loss":0.0,"damage_taken":0.0,"cards_obtained":["Slimebound:Recollect"]},{"cards_removed":["Slimebound:Defend_Slimebound"],"damage_healed":0.0,"max_hp_gain":0.0,"max_hp_loss":0.0,"gold_gain":0.0,"event_name":"Bonfire Elementals","player_choice":"Offered Basic","floor":20.0,"gold_loss":0.0,"damage_taken":0.0},{"cards_removed":["Shame"],"damage_healed":0,"gold_gain":0,"player_choice":"Removed Curses","damage_taken":0,"max_hp_gain":0,"max_hp_loss":0,"event_name":"Fountain of Cleansing","floor":37,"gold_loss":0},{"damage_healed":0,"gold_gain":0,"player_choice":"Max HP","damage_taken":0,"max_hp_gain":0,"max_hp_loss":3,"event_name":"Winding Halls","floor":47,"gold_loss":0}],"is_beta":false,"boss_relics":[{"not_picked":["Tiny House","Astrolabe"],"picked":"Cursed Key"},{"not_picked":["Runic Dome","Fusion Hammer"],"picked":"Busted Crown"}],"items_purged_floors":[13,38],"is_endless":false,"potions_floor_spawned":[4,10,16,18,22,24,25,39,41,44,46],"ascension_level":8}}