{"host":"kdt6w7ix8lwe69i9","time":1608651231,"event":{"mods":["Bartender","BaseMod","Downfall","Fiend Mod","Jorbs\u0027s Wanderer Trilogy","Minty Spire (QoL Compilation)","Reimu（博丽灵梦）","Robot Space Explorer","StSLib","The Cursed","The Disciple","The Dragon Tamer","The Druid","The Elementalist","The Forsaken","The Gatherer","The Judge","TheBandit"],"gold_per_floor":[110,164,164,164,339,352,69,98,121,121,132,132,9,28,28,133,133,144,16,16,35,47,82,82,82,82,82,82,110,125,145,145,145,145],"floor_reached":33,"playtime":2483,"items_purged":[],"score":283,"play_id":"94542106-3957-4e5e-8375-f667c027dad0","local_time":"20201222103351","is_ascension_mode":false,"campfire_choices":[{"data":"RobotSpaceExplorer:LaserBurst","floor":15,"key":"SMITH"},{"data":"RobotSpaceExplorer:DualCore","floor":25,"key":"SMITH"},{"data":"RobotSpaceExplorer:MiniBoosters","floor":27,"key":"SMITH"},{"data":"RobotSpaceExplorer:DualCore","floor":32,"key":"SMITH"}],"circlet_count":0,"master_deck":["RobotSpaceExplorer:Strike","RobotSpaceExplorer:Strike","RobotSpaceExplorer:Strike","RobotSpaceExplorer:Strike","RobotSpaceExplorer:Defend","RobotSpaceExplorer:Defend","RobotSpaceExplorer:Defend","RobotSpaceExplorer:Defend","RobotSpaceExplorer:Scan","RobotSpaceExplorer:MiniLasers","RobotSpaceExplorer:DoubleFind","RobotSpaceExplorer:ScrapMissile","RobotSpaceExplorer:DualCore+1","RobotSpaceExplorer:GlueShot","RobotSpaceExplorer:MiniBoosters+1","RobotSpaceExplorer:ScrapMissile","RobotSpaceExplorer:LaserBurst+1","RobotSpaceExplorer:Pulsar","RobotSpaceExplorer:PowerCollector","RobotSpaceExplorer:Ammunition","RobotSpaceExplorer:StarDust","RobotSpaceExplorer:Pulsar","RobotSpaceExplorer:DoubleFind","RobotSpaceExplorer:ShovelStrike","RobotSpaceExplorer:DualCore+1","RobotSpaceExplorer:SurgingShield","RobotSpaceExplorer:FranticSearch+1","RobotSpaceExplorer:MakeshiftVolley+1","RobotSpaceExplorer:StunGrenade"],"relics":["Coffee Dripper","Toolbox","Omamori","Art of War","Eternal Feather","theForsaken:PaleLantern","theForsaken:Gavel","MealTicket","RuthlessExorcism:ReiMu","Unceasing Top","Boot"],"acts_visited":["Exordium","TheCity"],"potions_floor_usage":[16,18,18,29,29,29],"damage_taken":[{"damage":0,"enemies":"Cultist","floor":1,"turns":4},{"damage":2,"enemies":"2 Louse","floor":6,"turns":4},{"damage":1,"enemies":"Lagavulin","floor":8,"turns":6},{"damage":0,"enemies":"Small Slimes","floor":11,"turns":3},{"damage":23,"enemies":"Gremlin Gang","floor":14,"turns":4},{"damage":5,"enemies":"The Guardian","floor":16,"turns":8},{"damage":0,"enemies":"Chosen","floor":18,"turns":4},{"damage":16,"enemies":"Shell Parasite","floor":21,"turns":5},{"damage":4,"enemies":"3 Cultists","floor":22,"turns":5},{"damage":17,"enemies":"Book of Stabbing","floor":23,"turns":4},{"damage":20,"enemies":"Slavers","floor":29,"turns":4},{"damage":35,"enemies":"Shelled Parasite and Fungi","floor":30,"turns":5},{"damage":0,"enemies":"Cultist and Chosen","floor":31,"turns":4},{"damage":52,"enemies":"Automaton","floor":33,"turns":6}],"seed_played":"-4584185822730470037","potions_obtained":[{"floor":11,"key":"Swift Potion"},{"floor":14,"key":"Block Potion"},{"floor":16,"key":"Block Potion"},{"floor":22,"key":"ZuzhouPotion:ReiMu"},{"floor":23,"key":"sneckomod:MuddlingPotion"},{"floor":28,"key":"ColorlessPotion"},{"floor":28,"key":"Block Potion"},{"floor":31,"key":"Ancient Potion"}],"is_trial":false,"path_per_floor":["M","T","?","?","?","M","$","E","T","?","M","T","$","M","R","B",null,"M","$","?","M","M","E","?","R","T","R","?","E","M","M","R","B"],"character_chosen":"RobotSpaceExplorer","items_purchased":["Toolbox","RobotSpaceExplorer:DualCore","RobotSpaceExplorer:GlueShot","RobotSpaceExplorer:LaserBurst","RobotSpaceExplorer:Pulsar","RobotSpaceExplorer:StarDust","RobotSpaceExplorer:Pulsar"],"campfire_rested":0,"item_purchase_floors":[7,7,7,13,13,19,19],"current_hp_per_floor":[75,75,75,75,75,73,73,72,72,72,72,72,72,49,58,53,75,75,75,75,59,55,38,38,53,53,68,68,48,13,13,28,0,0],"gold":145,"neow_bonus":"BOSS_RELIC","is_daily":false,"chose_seed":false,"campfire_upgraded":4,"win_rate":0.0,"timestamp":1608651231,"path_taken":["M","?","?","?","?","M","$","E","T","?","?","?","$","M","R","BOSS","M","$","?","?","M","E","?","R","T","R","?","E","M","M","R","BOSS"],"items_purchased_type":["Relic","Card","Card","Card","Card","Card","Card"],"build_version":"2020-12-13","purchased_purges":0,"victory":false,"max_hp_per_floor":[75,75,75,75,75,75,75,75,75,75,75,75,75,75,75,75,75,75,75,75,75,75,75,75,75,75,75,75,75,75,75,75,75,75],"card_choices":[{"not_picked":["RobotSpaceExplorer:GlueShot","RobotSpaceExplorer:GearShield"],"picked":"RobotSpaceExplorer:DoubleFind","floor":1},{"not_picked":["RobotSpaceExplorer:GlueSpray","RobotSpaceExplorer:ScrapShield"],"picked":"RobotSpaceExplorer:ScrapMissile","floor":6},{"not_picked":["RobotSpaceExplorer:MetalStrike","RobotSpaceExplorer:SlimeMissile"],"picked":"RobotSpaceExplorer:MiniBoosters","floor":8},{"not_picked":["RobotSpaceExplorer:DoubleBlock","RobotSpaceExplorer:ToxicBomb"],"picked":"RobotSpaceExplorer:ScrapMissile","floor":11},{"not_picked":["RobotSpaceExplorer:MetalStrike","RobotSpaceExplorer:RigExplosive"],"picked":"RobotSpaceExplorer:PowerCollector","floor":14},{"not_picked":["RobotSpaceExplorer:Autoloader","RobotSpaceExplorer:ShockMissile"],"picked":"RobotSpaceExplorer:Exploration","floor":16},{"not_picked":["RobotSpaceExplorer:SlimeMissile","RobotSpaceExplorer:FrostMissile"],"picked":"RobotSpaceExplorer:Ammunition","floor":18},{"not_picked":["RobotSpaceExplorer:SwiftStep","RobotSpaceExplorer:ImprovisedAttack"],"picked":"RobotSpaceExplorer:ShovelStrike","floor":21},{"not_picked":["RobotSpaceExplorer:Pulsar+1","RobotSpaceExplorer:StarLightning+1"],"picked":"RobotSpaceExplorer:DualCore","floor":22},{"not_picked":["RobotSpaceExplorer:Asteroid","RobotSpaceExplorer:ShockKick"],"picked":"RobotSpaceExplorer:SurgingShield","floor":23},{"not_picked":["RobotSpaceExplorer:FrostMissile","RobotSpaceExplorer:ToxicBomb"],"picked":"RobotSpaceExplorer:FranticSearch+1","floor":29},{"not_picked":["RobotSpaceExplorer:Electropulse","RobotSpaceExplorer:Asteroid"],"picked":"RobotSpaceExplorer:MakeshiftVolley+1","floor":30},{"not_picked":["RobotSpaceExplorer:Electroshield","RobotSpaceExplorer:SurgingStrike"],"picked":"RobotSpaceExplorer:StunGrenade","floor":31}],"player_experience":1569476,"relics_obtained":[{"floor":8,"key":"Omamori"},{"floor":9,"key":"Art of War"},{"floor":12,"key":"Eternal Feather"},{"floor":18,"key":"theForsaken:Gavel"},{"floor":23,"key":"MealTicket"},{"floor":26,"key":"Unceasing Top"},{"floor":29,"key":"Boot"}],"event_choices":[{"damage_healed":0,"gold_gain":0,"player_choice":"Ignored","damage_taken":0,"max_hp_gain":0,"max_hp_loss":0,"event_name":"Golden Wing","floor":4,"gold_loss":0},{"damage_healed":0,"gold_gain":175,"player_choice":"AGREE","damage_taken":0,"max_hp_gain":0,"max_hp_loss":0,"event_name":"Liars Game","floor":5,"gold_loss":0,"cards_obtained":["Doubt"]},{"cards_removed":["Doubt"],"damage_healed":0,"gold_gain":0,"player_choice":"Purged","damage_taken":0,"max_hp_gain":0,"max_hp_loss":0,"event_name":"Purifier","floor":10,"gold_loss":0},{"damage_healed":0,"gold_gain":0,"player_choice":"Copied","damage_taken":0,"max_hp_gain":0,"max_hp_loss":0,"event_name":"Duplicator","floor":20,"gold_loss":0,"cards_obtained":["RobotSpaceExplorer:DoubleFind"]},{"damage_healed":0,"gold_gain":0,"player_choice":"Stole Relic","damage_taken":0,"relics_obtained":["RuthlessExorcism:ReiMu"],"max_hp_gain":0,"max_hp_loss":0,"event_name":"Addict","floor":24,"gold_loss":0,"cards_obtained":["Shame"]},{"damage_healed":0,"gold_gain":0,"player_choice":"Got Potions","damage_taken":0,"max_hp_gain":0,"max_hp_loss":0,"event_name":"Lab","floor":28,"gold_loss":0}],"is_beta":false,"boss_relics":[{"not_picked":["Cursed Key","Busted Crown"],"picked":"theForsaken:PaleLantern"}],"items_purged_floors":[],"is_endless":false,"potions_floor_spawned":[11,14,16,22,23,31],"killed_by":"Automaton","ascension_level":0}}