{"host":"4b06nrmhsmzqjm1r","time":1608644258,"event":{"mods":["2.2 Compatiblity","AchievementEnabler","BaseMod","BetterRewards","Colored Map","Colored Powertips","Downfall","Hermit","Highlight Path","Marisa????????","Minty Spire (QoL Compilation)","StSLib","The Animator","The Cursed","The Hierophant","The Servant 0.9.4"],"gold_per_floor":[119,119,133,55,93,85,85],"floor_reached":6,"playtime":1592,"items_purged":["hierophant:Strike_Hierophant","hierophant:Defend_Hierophant"],"score":36,"play_id":"c8b04f37-b3d1-4edd-aeac-c9c936c48e78","local_time":"20201222143738","is_ascension_mode":false,"campfire_choices":[],"circlet_count":0,"master_deck":["hierophant:Strike_Hierophant","hierophant:Strike_Hierophant","hierophant:Strike_Hierophant","hierophant:Punish","hierophant:Defend_Hierophant","hierophant:Defend_Hierophant","hierophant:Defend_Hierophant","hierophant:ChurchCoffers","hierophant:MorningPrayer","hierophant:OrnateBuckler","hierophant:OrnateBuckler","hierophant:Smite","hierophant:Encroach","hierophant:Smite","hierophant:Sermon","hierophant:Doubloon","hierophant:CursedGold","hierophant:Doubloon","hierophant:ConvertCurrency","hierophant:Patience","hierophant:Sermon"],"relics":["hierophant:PropheticMaskRelic","Frozen Eye"],"acts_visited":["Exordium"],"potions_floor_usage":[6,6],"damage_taken":[{"damage":0,"enemies":"Small Slimes","floor":1,"turns":1},{"damage":0,"enemies":"Jaw Worm","floor":3,"turns":4},{"damage":2,"enemies":"Cultist","floor":5,"turns":4},{"damage":81,"enemies":"Gremlin Nob","floor":6,"turns":5}],"seed_played":"4288684598861465381","potions_obtained":[{"floor":3,"key":"champ:CounterPotion"},{"floor":5,"key":"EssenceOfSteel"}],"is_trial":false,"path_per_floor":["M","?","M","$","M","E"],"character_chosen":"HIEROPHANT","items_purchased":["hierophant:MorningPrayer","hierophant:OrnateBuckler","Frozen Eye","hierophant:OrnateBuckler","hierophant:Smite","hierophant:Encroach","hierophant:Smite","hierophant:Sermon","hierophant:Patience"],"campfire_rested":0,"item_purchase_floors":[0,0,0,0,0,0,0,0,4],"current_hp_per_floor":[40,65,65,65,63,0,0],"gold":85,"neow_bonus":"","is_daily":false,"chose_seed":false,"campfire_upgraded":0,"win_rate":0.0,"timestamp":1608644258,"path_taken":["M","?","M","$","M","E"],"items_purchased_type":["Card","Card","Relic","Card","Card","Card","Card","Card","Card"],"build_version":"2020-12-13","purchased_purges":2,"victory":false,"max_hp_per_floor":[75,75,75,75,75,75,75],"card_choices":[{"not_picked":["hierophant:Shelter","hierophant:RustyCrate"],"picked":"hierophant:CursedGold","floor":1},{"not_picked":["hierophant:Dazzle","hierophant:SealAway"],"picked":"hierophant:ConvertCurrency","floor":3},{"not_picked":["hierophant:SealAway","hierophant:Rebuild"],"picked":"hierophant:Sermon","floor":5}],"player_experience":206117,"relics_obtained":[],"event_choices":[{"damage_healed":25,"gold_gain":0,"player_choice":"Banana","damage_taken":0,"max_hp_gain":0,"max_hp_loss":0,"event_name":"Big Fish","floor":2,"gold_loss":0}],"is_beta":false,"boss_relics":[],"items_purged_floors":[0,0],"is_endless":false,"potions_floor_spawned":[3,5],"killed_by":"Gremlin Nob","ascension_level":0}}