{"host":"rmsq46plbpwfbxcc","time":1608636076,"event":{"mods":["AchievementEnabler","BaseMod","Colored Map","DeckTracker","Minty Spire (QoL Compilation)","Permanent Neow","SuperFastMode"],"gold_per_floor":[111,128,144,50,70,70,98,98,98,116,116,116,132,163,163,234,234,245,235,235,235],"floor_reached":20,"playtime":577,"items_purged":[],"score":335,"play_id":"57400d57-efde-497d-a5d4-b598fb6efb1f","local_time":"20201222202116","is_ascension_mode":true,"campfire_choices":[{"data":"Neutralize","floor":6.0,"key":"SMITH"},{"data":"Trip","floor":8.0,"key":"SMITH"},{"data":"Dash","floor":11.0,"key":"SMITH"},{"data":"Noxious Fumes","floor":15,"key":"SMITH"}],"circlet_count":0,"master_deck":["AscendersBane","Strike_G","Strike_G","Strike_G","Strike_G","Strike_G","Defend_G","Defend_G","Defend_G","Defend_G","Defend_G","Survivor","Neutralize+1","Dash+1","Trip+1","Backflip","Finisher","Noxious Fumes+1"],"relics":["WristBlade","Pear","Meat on the Bone","Juzu Bracelet","HoveringKite"],"acts_visited":["Exordium","TheCity"],"potions_floor_usage":[14,19,20],"damage_taken":[{"damage":3.0,"enemies":"Cultist","floor":1.0,"turns":5.0},{"damage":7.0,"enemies":"2 Louse","floor":2.0,"turns":3.0},{"damage":1.0,"enemies":"Jaw Worm","floor":3.0,"turns":4.0},{"damage":0.0,"enemies":"Exordium Wildlife","floor":5.0,"turns":4.0},{"damage":9.0,"enemies":"Gremlin Nob","floor":7.0,"turns":5.0},{"damage":4.0,"enemies":"3 Louse","floor":10.0,"turns":5.0},{"damage":0,"enemies":"Looter","floor":13,"turns":3},{"damage":7,"enemies":"Lagavulin","floor":14,"turns":8},{"damage":2,"enemies":"The Guardian","floor":16,"turns":12},{"damage":26,"enemies":"Spheric Guardian","floor":18,"turns":8},{"damage":1,"enemies":"2 Thieves","floor":19,"turns":4},{"damage":48,"enemies":"Snake Plant","floor":20,"turns":5}],"seed_played":"-1093246289550214665","potions_obtained":[{"floor":1.0,"key":"Fruit Juice"},{"floor":3.0,"key":"Block Potion"},{"floor":10.0,"key":"CultistPotion"},{"floor":14,"key":"Energy Potion"},{"floor":18,"key":"SkillPotion"}],"is_trial":false,"path_per_floor":["M","M","M","$","M","R","E","R","T","M","R","?","M","E","R","B",null,"M","M","M"],"character_chosen":"THE_SILENT","items_purchased":["Trip"],"campfire_rested":0,"item_purchase_floors":[4],"current_hp_per_floor":[61,54,53,53,53,53,54,54,54,50,50,50,50,43,43,41,71,45,44,0,0],"gold":235,"neow_bonus":"BOSS_RELIC","is_daily":false,"chose_seed":false,"campfire_upgraded":4,"win_rate":0.0,"timestamp":1608636076,"path_taken":["M","M","?","$","M","R","E","R","T","M","R","?","M","E","R","BOSS","M","M","M"],"items_purchased_type":["Card"],"build_version":"2020-12-13","purchased_purges":0,"victory":false,"max_hp_per_floor":[71,71,71,71,71,71,81,81,81,81,81,81,81,81,81,81,81,81,81,81,81],"card_choices":[{"not_picked":["Noxious Fumes","Acrobatics","Bane"],"picked":"SKIP","floor":1.0},{"not_picked":["Slice","Concentrate"],"picked":"Dash","floor":2.0},{"not_picked":["Dagger Throw","Acrobatics","Quick Slash"],"picked":"SKIP","floor":3.0},{"not_picked":["Flying Knee","Caltrops","All Out Attack"],"picked":"SKIP","floor":5.0},{"not_picked":["Setup","Distraction"],"picked":"Backflip","floor":7.0},{"not_picked":["Poisoned Stab","Backflip","Slice"],"picked":"SKIP","floor":10.0},{"not_picked":["Burst","Deflect"],"picked":"Finisher","floor":13},{"not_picked":["Bane","Calculated Gamble"],"picked":"Noxious Fumes","floor":14},{"not_picked":["Backflip","Noxious Fumes+1","Dodge and Roll"],"picked":"SKIP","floor":18},{"not_picked":["Deadly Poison","Poisoned Stab","Backflip"],"picked":"SKIP","floor":19}],"player_experience":1355433,"relics_obtained":[{"floor":7.0,"key":"Pear"},{"floor":9.0,"key":"Meat on the Bone"},{"floor":14,"key":"Juzu Bracelet"}],"event_choices":[{"damage_healed":0,"gold_gain":0,"player_choice":"Ignored","damage_taken":0,"max_hp_gain":0,"max_hp_loss":0,"event_name":"Shining Light","floor":12,"gold_loss":0}],"is_beta":false,"boss_relics":[{"not_picked":["Empty Cage","Runic Pyramid"],"picked":"HoveringKite"}],"items_purged_floors":[],"is_endless":false,"potions_floor_spawned":[1,3,10,14,18],"killed_by":"Snake Plant","ascension_level":16}}