{"host":"28bpuzdckreop5i0","time":1608676044,"event":{"mods":["BaseMod","BetterRewards","Challenge The Spire","Defuse TimeMaze Blight","Energized Spire","Googly Eyes","Hubris","Lobotomy","Mimic Mod","Minty Spire (QoL Compilation)","Relic Stats","Spicy Shops","StSLib","The Awakened One except there are too many feathers","The Cursed","The Hierophant","The IronCluck","Thieving Mod","Transform Curses","Wandering Minibosses","slay the spire mod where everything is the same but ironclad has a cowboy hat"],"gold_per_floor":[117,292,292,292,292,325,21,21,21,21,21,21,34,34,34,137,137,155,155,80,30,40,40,40,40,89,89,103,116,126,126,126],"floor_reached":31,"playtime":1000,"items_purged":[],"score":258,"play_id":"42ab0453-a8db-4cf1-9f79-e524e9727fe0","local_time":"20201222162724","is_ascension_mode":false,"campfire_choices":[{"data":"Clash","floor":8,"key":"SMITH"},{"data":"Sever Soul","floor":15,"key":"SMITH"},{"data":"Ghostly","floor":23,"key":"SMITH"},{"data":"Ghostly","floor":25,"key":"SMITH"},{"data":"Ghostly","floor":27,"key":"SMITH"}],"circlet_count":0,"master_deck":["Strike_R","Strike_R","Strike_R","Strike_R","Defend_R","Defend_R","Defend_R","Defend_R","Bash","Clash+1","Scorched","BigBadWolf","Blood for Blood+1","LaLuna","Sever Soul+1","DreamingCurrent","CurseOfTheBell","BlackSwan","Ghostly","Ghostly","Ghostly+1","Ghostly+1","Clash","SnowQueen","HappyTeddy","CENSORED"],"relics":["Burning Blood","CogitoBucket","hubris:Icosahedron","hubris:Metronome","hubris:AstralHammer","Centennial Puzzle","Kunai","Bottled Lightning","Calling Bell","Potion Belt","hubris:IronBody","Ginger","HellTrain","WingedGreaves","Pen Nib"],"acts_visited":["Exordium","TheCity"],"potions_floor_usage":[22,31,31,31],"damage_taken":[{"damage":3,"enemies":"Small Slimes","floor":1,"turns":3},{"damage":6,"enemies":"Jaw Worm","floor":3,"turns":3},{"damage":0,"enemies":"2 Louse","floor":5,"turns":2},{"damage":14,"enemies":"Gremlin Nob","floor":6,"turns":4},{"damage":0,"enemies":"2 Fungi Beasts","floor":13,"turns":1},{"damage":66,"enemies":"Hexaghost","floor":16,"turns":9},{"damage":64,"enemies":"3 Byrds","floor":18,"turns":9},{"damage":16,"enemies":"Shell Parasite","floor":22,"turns":5},{"damage":3,"enemies":"Centurion and Healer","floor":28,"turns":5},{"damage":31,"enemies":"Shelled Parasite and Fungi","floor":29,"turns":5},{"damage":17,"enemies":"Cultist and Chosen","floor":30,"turns":7},{"damage":51,"enemies":"Snake Plant","floor":31,"turns":3}],"seed_played":"5409379924875016121","potions_obtained":[{"floor":1,"key":"Block Potion"},{"floor":3,"key":"BloodPotion"},{"floor":18,"key":"Swift Potion"},{"floor":22,"key":"SpeedPotion"},{"floor":29,"key":"LiquidBronze"}],"is_trial":false,"path_per_floor":["M","?","M","?","M","E","$","R","T","?","?","T","M","T","R","B",null,"M","?","?","$","M","R","T","R","T","R","M","M","M","M"],"character_chosen":"IRONCLAD","items_purchased":["hubris:AstralHammer","Clash"],"campfire_rested":0,"item_purchase_floors":[7,21],"current_hp_per_floor":[80,80,80,80,80,72,72,72,72,72,75,75,81,81,81,21,83,25,25,25,25,35,35,35,35,35,35,41,29,34,0,0],"gold":126,"neow_bonus":"","is_daily":false,"chose_seed":false,"campfire_upgraded":5,"win_rate":0.0,"timestamp":1608676044,"path_taken":["M","?","M","?","M","E","?","R","T","?","?","?","M","?","R","BOSS","M","?","?","$","M","R","?","R","T","R","M","M","M","M"],"items_purchased_type":["Relic","Card"],"build_version":"2020-12-13","purchased_purges":0,"victory":false,"max_hp_per_floor":[80,80,80,80,80,80,80,80,80,80,83,83,83,83,83,83,83,83,41,41,41,41,41,41,41,41,41,41,41,41,41,41],"relic_stats":{"Centennial Puzzle":[21],"counters":[14,58],"Pen Nib":[1],"Kunai":[3],"Ginger":[17],"obtain_stats":[{"Potion Belt":17,"hubris:Metronome":6,"Pen Nib":26,"Ginger":17,"Burning Blood":0,"Calling Bell":17,"CogitoBucket":0,"Centennial Puzzle":9,"hubris:Icosahedron":4,"hubris:AstralHammer":7,"hubris:IronBody":17,"WingedGreaves":24,"Kunai":12,"Bottled Lightning":14,"HellTrain":18},{"Potion Belt":6,"hubris:Metronome":4,"Pen Nib":9,"Ginger":6,"Burning Blood":0,"Calling Bell":6,"CogitoBucket":0,"Centennial Puzzle":4,"hubris:Icosahedron":2,"hubris:AstralHammer":4,"hubris:IronBody":6,"WingedGreaves":9,"Kunai":4,"Bottled Lightning":5,"HellTrain":8},{"Potion Belt":22,"hubris:Metronome":12,"Pen Nib":37,"Ginger":22,"Burning Blood":0,"Calling Bell":22,"CogitoBucket":0,"Centennial Puzzle":12,"hubris:Icosahedron":6,"hubris:AstralHammer":12,"hubris:IronBody":22,"WingedGreaves":37,"Kunai":12,"Bottled Lightning":13,"HellTrain":32}],"Burning Blood":51},"card_choices":[{"not_picked":["Mercenary","Porccubus","RedShoes"],"picked":"Singing Bowl","floor":1},{"not_picked":["Body Slam","Seeing Red"],"picked":"Clash","floor":1},{"not_picked":["PunishingBird","MHz","RedShoes"],"picked":"Singing Bowl","floor":3},{"not_picked":["Pommel Strike","Headbutt","Flame Barrier"],"picked":"SKIP","floor":3},{"not_picked":["NakedNest","FairyFestival","Murderer"],"picked":"Singing Bowl","floor":5},{"not_picked":["LittlePrince","OSAHOGD"],"picked":"Scorched","floor":5},{"not_picked":["Uppercut","Spot Weakness","Shrug It Off"],"picked":"SKIP","floor":5},{"not_picked":["PunishingBird","DespairKnight"],"picked":"BigBadWolf","floor":6},{"not_picked":["Havoc","Barricade"],"picked":"Blood for Blood","floor":6},{"not_picked":["CrumblingArmor","SpiderBud"],"picked":"LaLuna","floor":13},{"not_picked":["Armaments","Shockwave"],"picked":"Sever Soul","floor":13},{"not_picked":["SingingMachine","Woodsman"],"picked":"DreamingCurrent","floor":16},{"not_picked":["Offering","Immolate"],"picked":"Reaper","floor":16},{"not_picked":["Funeral","Variant"],"picked":"BlackSwan","floor":18},{"not_picked":["Flex","Warcry","Brutality"],"picked":"SKIP","floor":18},{"not_picked":["NakedNest","CrumblingArmor"],"picked":"Funeral","floor":22},{"not_picked":["hubris:ReadiedAction+1","Havoc","Intimidate"],"picked":"SKIP","floor":22},{"not_picked":["Alriune","MeatLantern","Yin"],"picked":"Singing Bowl","floor":28},{"not_picked":["GalaxyChild","Yin"],"picked":"SnowQueen","floor":28},{"not_picked":["Wild Strike","Intimidate","True Grit"],"picked":"SKIP","floor":28},{"not_picked":["Variant","Freischutz"],"picked":"HappyTeddy","floor":29},{"not_picked":["Flex","Wild Strike","Searing Blow"],"picked":"SKIP","floor":29},{"not_picked":["MeatLantern","Alriune","QueenBee"],"picked":"Singing Bowl","floor":30},{"not_picked":["Alriune","Bloodbath"],"picked":"CENSORED","floor":30},{"not_picked":["Cleave","Power Through","hubris:CleavingFinish"],"picked":"SKIP","floor":30},{"not_picked":["Cleave","Power Through","hubris:CleavingFinish"],"picked":"SKIP","floor":30}],"player_experience":698218,"relics_obtained":[{"floor":6,"key":"hubris:Metronome"},{"floor":9,"key":"Centennial Puzzle"},{"floor":12,"key":"Kunai"},{"floor":14,"key":"Bottled Lightning"},{"floor":17,"key":"Potion Belt"},{"floor":17,"key":"hubris:IronBody"},{"floor":17,"key":"Ginger"},{"floor":24,"key":"WingedGreaves"},{"floor":26,"key":"Pen Nib"}],"event_choices":[{"damage_healed":0,"gold_gain":175,"player_choice":"AGREE","damage_taken":0,"max_hp_gain":0,"max_hp_loss":0,"event_name":"Liars Game","floor":2,"gold_loss":0,"cards_obtained":["Doubt"]},{"damage_healed":0,"gold_gain":0,"player_choice":"Grow","damage_taken":0,"max_hp_gain":0,"max_hp_loss":0,"event_name":"Living Wall","floor":10,"gold_loss":0,"cards_upgraded":["Blood for Blood"]},{"damage_healed":0,"gold_gain":0,"player_choice":"Became a Ghost","damage_taken":0,"max_hp_gain":0,"max_hp_loss":42,"event_name":"Ghosts","floor":19,"gold_loss":0,"cards_obtained":["Ghostly","Ghostly","Ghostly","Ghostly","Ghostly"]},{"cards_removed":["Doubt"],"damage_healed":0,"gold_gain":0,"player_choice":"Gave Gold","damage_taken":0,"max_hp_gain":0,"max_hp_loss":0,"event_name":"Beggar","floor":20,"gold_loss":75}],"is_beta":false,"boss_relics":[{"not_picked":["Coffee Dripper","Empty Cage"],"picked":"Calling Bell"}],"items_purged_floors":[],"is_endless":false,"potions_floor_spawned":[1,3,13,16,18,22,29],"killed_by":"Snake Plant","ascension_level":0}}