{"host":"81h68oe4mr04pk3r","time":1608623211,"event":{"mods":["Act Like it!","Aspiration","BaseMod","BetterRewards","Colored Map","Colored Powertips","Conspire","Downfall","Hermit","Hubris","Infinite Spire","Jorbs\u0027s Wanderer Trilogy","Koishi","Lobotomy","LobotomyExtend","Marisa????????","Minty Spire (QoL Compilation)","Quick Restart","Reimu??????","Remilia??????","Replay The Spire","StSLib","The Bug Knight","The Construct","The Cursed","The Disciple","The Servant 0.9.4"],"gold_per_floor":[122,150,162,187,199,211,238,260,296,308,339,361,385,407,419,431,431],"floor_reached":16,"playtime":688,"items_purged":[],"score":98,"play_id":"b09234eb-1904-43b3-b50d-683f41e73096","local_time":"20201221234651","is_ascension_mode":false,"campfire_choices":[{"floor":6,"key":"REST"},{"floor":10,"key":"REST"},{"floor":15,"key":"REST"}],"circlet_count":0,"master_deck":["Koishi:BasicStrike","Koishi:BasicStrike","Koishi:BasicStrike","Koishi:BasicStrike","Koishi:BasicDefend","Koishi:BasicDefend","Koishi:BasicDefend","Koishi:Provoke","Koishi:HauntingSlash","Koishi:EmbryosDream","Koishi:DreadfulBlow+1","Koishi:StingingMind","Koishi:HeartStoppingHorror","Koishi:RacingHeart","Koishi:BloodcurdlingScream","Koishi:CatchAndRose","Koishi:StingingMind"],"relics":["Koishi:ImaginaryFriend","MawBank","LetterFromLob","aspiration:FrozenJewel","Blue Doll"],"acts_visited":["Exordium"],"potions_floor_usage":[16,16,16],"damage_taken":[{"damage":11,"enemies":"Jaw Worm","floor":1,"turns":4},{"damage":8,"enemies":"Cultist","floor":2,"turns":5},{"damage":0,"enemies":"Small Slimes","floor":4,"turns":3},{"damage":11,"enemies":"2 Fungi Beasts","floor":7,"turns":4},{"damage":2,"enemies":"Exordium Thugs","floor":8,"turns":5},{"damage":21,"enemies":"Gremlin Gang","floor":11,"turns":5},{"damage":14,"enemies":"Large Slime","floor":12,"turns":4},{"damage":23,"enemies":"Exordium Thugs","floor":13,"turns":5},{"damage":11,"enemies":"2 Fungi Beasts","floor":14,"turns":3},{"damage":42,"enemies":"The Guardian","floor":16,"turns":7}],"seed_played":"4094000954480292981","potions_obtained":[{"floor":2,"key":"champ:CounterPotion"},{"floor":4,"key":"Regen Potion"},{"floor":11,"key":"LiquidMemories"}],"is_trial":false,"path_per_floor":["M","M","?","M","T","R","M","M","T","R","M","M","M","M","R","B"],"character_chosen":"KOISHI","items_purchased":[],"campfire_rested":3,"item_purchase_floors":[],"current_hp_per_floor":[51,45,45,47,47,60,50,55,55,60,41,27,18,8,26,0,0],"gold":431,"neow_bonus":"RANDOM_COMMON_RELIC","is_daily":false,"chose_seed":false,"campfire_upgraded":0,"win_rate":0.0,"timestamp":1608623211,"path_taken":["M","M","?","M","?","R","M","M","T","R","M","M","M","?","R","BOSS"],"items_purchased_type":[],"build_version":"2020-12-13","purchased_purges":0,"victory":false,"max_hp_per_floor":[60,60,60,60,60,60,60,60,60,60,60,60,60,60,60,60,60],"card_choices":[{"not_picked":["Koishi:PhantomBarrier","Koishi:FleetingPhantom"],"picked":"Koishi:EmbryosDream","floor":1},{"not_picked":["Koishi:Bloodlust","Koishi:ReflexRadar","Koishi:PhantomStrike"],"picked":"SKIP","floor":2},{"not_picked":["Koishi:TraumaticStroke","Koishi:SpiritedAway"],"picked":"Koishi:StingingMind","floor":4},{"not_picked":["Koishi:FidgetySnatcher","Koishi:SubterraneanRose"],"picked":"Koishi:HeartStoppingHorror","floor":7},{"not_picked":["Koishi:ParalyzingFear","Koishi:FidgetySnatcher"],"picked":"Koishi:RacingHeart","floor":8},{"not_picked":["Koishi:LastRemote","Koishi:UnconsciousUprising","Koishi:EmbersOfLove"],"picked":"SKIP","floor":11},{"not_picked":["Koishi:UnseenTerror","Koishi:PhantomStrike"],"picked":"Koishi:BloodcurdlingScream","floor":12},{"not_picked":["Koishi:StingingMind","Koishi:PhilosophyOfTheDespised"],"picked":"Koishi:CatchAndRose","floor":13},{"not_picked":["Koishi:DNAsFlaw","Koishi:EmbryosDream"],"picked":"Koishi:StingingMind","floor":14}],"player_experience":157007,"relics_obtained":[{"floor":1,"key":"LetterFromLob"},{"floor":5,"key":"aspiration:FrozenJewel"},{"floor":9,"key":"Blue Doll"}],"event_choices":[],"is_beta":false,"boss_relics":[],"items_purged_floors":[],"is_endless":false,"potions_floor_spawned":[2,4,11,12],"killed_by":"The Guardian","ascension_level":0}}