{"host":"cojowzl7ldeir62o","time":1608619595,"event":{"mods":["BaseMod","Downfall","Lobotomy","LobotomyExtend","Marisa£®ÏF”Í°°ƒß¿Ì…≥£©","Minty Spire (QoL Compilation)","Quick Restart","Reimu£®≤©¿ˆ¡È√Œ£©","Remilia£®¿Ÿ√◊¿Ú—«£©","StSLib"],"gold_per_floor":[271,283,358,358,358,358,387,562,562,591,159,178,207,39,39,142,142,152,152,166,186,186,186,512,512,512,512,531,549,561,660,660,757,757,775,794,794,807,807,842,842,853,853,853,903,903,928,947,947,947,947,947,947],"floor_reached":54,"playtime":2337,"items_purged":["Doubt","SpecialBullet"],"score":1075,"play_id":"2780e052-668c-4178-b719-db83973b2444","local_time":"20201222144635","is_ascension_mode":true,"campfire_choices":[],"circlet_count":0,"master_deck":["DespairKnight","CENSORED","Mercenary","SpecialBullet","SpecialBullet","SpecialBullet","SpecialBullet","SpecialBullet","SpecialBullet","SpecialBullet","RecordCode","InformationCode","TrainingCode","UniverseFragment","Galaxy+1","ShyLook","BloodyDesire+1","Wellcheers","CrimsonScar","Ecstasy","Moonlight","Penitence","SoundOfStar","Lamp+5","OldLady","ParadiseLost+1","OSAHOGD","Harvest+1","FieryBird","Beak+1","GreedKing","Heaven+1","GoldRush+1","GalaxyChild","CrimsonScar+1","LaLuna","WristCuter+1","WristCuter+1","ControlCode","TT2Protocol","Scorched","CENSORED_ego","Twilight+1","WristCuter+1","Twilight+1","Flash of Steel+1","BigBadWolf","Soda+1","ParadiseLost+1","RedEyes+1","NothingThere","GreenStem","SummonCall","RedEyes","Regret_ego+1","CentralCode","BlackArmy","SecurityCode"],"relics":["CogitoBucket","LetterFromLob","Blood Vial","Omamori","Happy Flower","Strawberry","Molten Egg 2","Philosopher\u0027s Stone","LuminousBracelet","Nloth\u0027s Gift","Old Coin","Mercury Hourglass","AspirationHeart","Fusion Hammer","HellTrain","Bottled Tornado","Letter Opener","Torii","PreservedInsect","WantedRequest","SolemnVow_r","CENSORED_r","SwordSharpenedByTears_r"],"acts_visited":["TheCity","TheBeyond"],"potions_floor_usage":[],"damage_taken":[{"damage":0.0,"enemies":"2 Louse","floor":1.0,"turns":2.0},{"damage":5.0,"enemies":"Jaw Worm","floor":2.0,"turns":2.0},{"damage":39.0,"enemies":"Lagavulin","floor":7.0,"turns":7.0},{"damage":16.0,"enemies":"Gremlin Nob","floor":10.0,"turns":5.0},{"damage":6.0,"enemies":"Cultist","floor":12.0,"turns":3.0},{"damage":0.0,"enemies":"Lagavulin","floor":13.0,"turns":5.0},{"damage":30.0,"enemies":"Slime Boss","floor":16.0,"turns":9.0},{"damage":70.0,"enemies":"2 Thieves","floor":18.0,"turns":7.0},{"damage":16.0,"enemies":"Chosen","floor":20.0,"turns":4.0},{"damage":0.0,"enemies":"Snake Plant","floor":21.0,"turns":3.0},{"damage":11.0,"enemies":"Gremlin Leader","floor":24.0,"turns":4.0},{"damage":0.0,"enemies":"Centurion and Healer","floor":28.0,"turns":2.0},{"damage":28.0,"enemies":"Chosen and Byrds","floor":29.0,"turns":5.0},{"damage":0.0,"enemies":"Snecko","floor":30.0,"turns":2.0},{"damage":37.0,"enemies":"Collector","floor":33.0,"turns":4.0},{"damage":6.0,"enemies":"3 Shapes","floor":35.0,"turns":2.0},{"damage":1.0,"enemies":"Orb Walker","floor":36.0,"turns":2.0},{"damage":113.0,"enemies":"Spire Growth","floor":38.0,"turns":3.0},{"damage":0.0,"enemies":"Reptomancer","floor":40.0,"turns":3.0},{"damage":13.0,"enemies":"3 Darklings","floor":42.0,"turns":1.0},{"damage":61.0,"enemies":"2 Orb Walkers","floor":45.0,"turns":2.0},{"damage":21.0,"enemies":"Giant Head","floor":47.0,"turns":5.0},{"damage":45.0,"enemies":"Transient","floor":48.0,"turns":4.0},{"damage":124.0,"enemies":"FixerMidnight","floor":50.0,"turns":6.0},{"damage":155.0,"enemies":"Malkuth","floor":51.0,"turns":5.0},{"damage":274.0,"enemies":"Hod","floor":52.0,"turns":9.0},{"damage":337.0,"enemies":"Chesed","floor":53.0,"turns":7.0},{"damage":713.0,"enemies":"Hokma","floor":53.0,"turns":14.0},{"damage":504,"enemies":"Angela","floor":54,"turns":10}],"seed_played":"-963274143897813757","potions_obtained":[{"floor":16.0,"key":"hexamod:EctoCoolerPotion"},{"floor":21.0,"key":"EntropicBrew"},{"floor":28.0,"key":"Swift Potion"},{"floor":33.0,"key":"GrandPatriotsElixir:ReiMu"},{"floor":48.0,"key":"GrandPatriotsElixir:ReiMu"}],"is_trial":false,"path_per_floor":["M","M","?","?","?","R","E","?","T","E","$","M","E","$","R","B",null,"M","?","M","M","?","R","E","R","T","R","M","M","M","?","R","B",null,"M","M","?","M","?","E","R","M","T","R","?","R","E","M","R","B",null,null,null,null,null,null,null],"character_chosen":"Angela","items_purchased":["Ecstasy","Moonlight","Strawberry","Penitence","Lamp+1"],"campfire_rested":0,"item_purchase_floors":[11,11,11,11,14],"current_hp_per_floor":[70,65,54,40,70,70,31,31,31,20,27,26,32,32,32,8,85,34,34,27,36,36,36,32,32,32,32,38,39,45,45,45,16,138,139,145,145,41,41,46,46,47,47,47,35,35,128,156,156,142,137,156,128],"gold":947,"neow_bonus":"ONE_RANDOM_RARE_CARD","is_daily":false,"chose_seed":false,"campfire_upgraded":0,"win_rate":0.0,"timestamp":1608619595,"path_taken":["M","M","?","?","?","R","E","?","T","E","$","M","E","$","R","BOSS","M","?","M","M","?","R","E","R","T","R","?","M","M","?","R","BOSS","M","M","?","M","?","E","R","M","T","R","?","R","E","M","R","BOSS"],"items_purchased_type":["Card","Card","Relic","Card","Card"],"build_version":"2020-12-13","purchased_purges":2,"victory":true,"max_hp_per_floor":[70,70,70,70,70,70,70,70,70,70,77,77,81,81,81,85,85,104,104,108,112,112,112,116,116,116,116,120,130,134,134,134,138,138,142,146,146,150,150,150,150,154,154,154,158,158,162,156,156,156,156,156,156],"card_choices":[{"not_picked":["Woodsman","CrumblingArmor"],"picked":"UniverseFragment","floor":1.0},{"not_picked":["Noise"],"picked":"Galaxy","floor":1.0},{"not_picked":["CherryBlossoms","DreamingCurrent"],"picked":"ShyLook","floor":2.0},{"not_picked":["Heaven"],"picked":"BloodyDesire","floor":2.0},{"not_picked":["OSAHOGD","HeroicMonk"],"picked":"Wellcheers","floor":7.0},{"not_picked":["Loneliness","TodaysExpression"],"picked":"SKIP","floor":7.0},{"not_picked":["Loneliness"],"picked":"CrimsonScar","floor":10.0},{"not_picked":["MagicBullet"],"picked":"Reverberation","floor":12.0},{"not_picked":["BlackSwan","Porccubus"],"picked":"DespairKnight","floor":13.0},{"not_picked":["InTheNameOfLoveAndHate"],"picked":"SoundOfStar","floor":13.0},{"not_picked":["Laetitia","BeautyBeast"],"picked":"OldLady","floor":16.0},{"not_picked":["Mimicry"],"picked":"ParadiseLost+1","floor":16.0},{"not_picked":["CherryBlossoms","WallGazer"],"picked":"OSAHOGD","floor":18.0},{"not_picked":["RapturousDream"],"picked":"Harvest+1","floor":18.0},{"not_picked":["MHz","Murderer"],"picked":"FieryBird","floor":20.0},{"not_picked":["TodaysExpression"],"picked":"Beak+1","floor":20.0},{"not_picked":["PunishingBird","Mercenary"],"picked":"GreedKing","floor":21.0},{"not_picked":["Penitence"],"picked":"Heaven+1","floor":21.0},{"not_picked":["CherryBlossoms","SingingMachine"],"picked":"Mercenary","floor":24.0},{"not_picked":["Harvest+1"],"picked":"GoldRush+1","floor":24.0},{"not_picked":["BeautyBeast","BigBadWolf"],"picked":"GalaxyChild","floor":28.0},{"not_picked":["Lantern+1","Loneliness"],"picked":"SKIP","floor":28.0},{"not_picked":["Tough+1","Hypocrisy"],"picked":"SKIP","floor":28.0},{"not_picked":["Noise"],"picked":"CrimsonScar+1","floor":29.0},{"not_picked":["Reverberation+1","Beak+1"],"picked":"SKIP","floor":29.0},{"not_picked":["WhitesApple","SingingMachine"],"picked":"LaLuna","floor":30.0},{"not_picked":["Amita+1"],"picked":"WristCuter+1","floor":30.0},{"not_picked":["FourthMatchFlame+1"],"picked":"WristCuter+1","floor":30.0},{"not_picked":["HeroicMonk","RedShoes"],"picked":"Scorched","floor":33.0},{"not_picked":["GoldRush+1"],"picked":"CENSORED_ego","floor":33.0},{"not_picked":["CENSORED_ego"],"picked":"Twilight+1","floor":33.0},{"not_picked":["DreamingCurrent","Alriune"],"picked":"QueenOfHatred","floor":35.0},{"not_picked":["Loneliness"],"picked":"WristCuter+1","floor":35.0},{"not_picked":["RapturousDream","BloodyDesire"],"picked":"SKIP","floor":35.0},{"not_picked":["LittlePrince","SpiderBud"],"picked":"MeltingLove","floor":36.0},{"not_picked":["CUTE"],"picked":"Twilight+1","floor":36.0},{"not_picked":["Horn+1","Loneliness+1"],"picked":"SKIP","floor":36.0},{"not_picked":["expansioncontent:YouAreMine"],"picked":"Flash of Steel+1","floor":37.0},{"not_picked":["BlackSwan","Woodsman"],"picked":"BigBadWolf","floor":38.0},{"not_picked":["Lantern+1"],"picked":"Soda+1","floor":38.0},{"not_picked":["WristCuter+1","RapturousDream"],"picked":"SKIP","floor":38.0},{"not_picked":["TheSmile"],"picked":"ParadiseLost+1","floor":40.0},{"not_picked":["Harvest+1"],"picked":"RedEyes+1","floor":40.0},{"not_picked":["Freischutz","LittlePrince"],"picked":"NothingThere","floor":42.0},{"not_picked":["Loneliness+1"],"picked":"GreenStem","floor":42.0},{"not_picked":["FourthMatchFlame+1","CherryBlossom+1"],"picked":"SKIP","floor":42.0},{"not_picked":["Murderer","Freischutz"],"picked":"CENSORED","floor":45.0},{"not_picked":["Horn+1"],"picked":"RedEyes","floor":45.0},{"not_picked":["Soda+1"],"picked":"Regret_ego+1","floor":45.0},{"not_picked":["BlackSwan","RedShoes"],"picked":"BlackArmy","floor":47.0},{"not_picked":["Hornet+1","BlackSwan_ego"],"picked":"SKIP","floor":47.0},{"not_picked":["SomewhereSpear+1","Ecstasy+1"],"picked":"SKIP","floor":47.0},{"not_picked":["Alriune","Yin"],"picked":"Funeral","floor":48.0},{"not_picked":["SomewhereSpear","CrimsonScar+1"],"picked":"SKIP","floor":48.0},{"not_picked":["Tough+1","BloodyDesire+1"],"picked":"SKIP","floor":48.0}],"player_experience":187152,"relics_obtained":[{"floor":1.0,"key":"LetterFromLob"},{"floor":7.0,"key":"Blood Vial"},{"floor":9.0,"key":"Omamori"},{"floor":10.0,"key":"Happy Flower"},{"floor":13.0,"key":"Molten Egg 2"},{"floor":24.0,"key":"Old Coin"},{"floor":26.0,"key":"Mercury Hourglass"},{"floor":40.0,"key":"Bottled Tornado"},{"floor":43.0,"key":"Letter Opener"},{"floor":45.0,"key":"Torii"},{"floor":47.0,"key":"PreservedInsect"}],"event_choices":[{"damage_healed":0.0,"max_hp_gain":0.0,"max_hp_loss":0.0,"gold_gain":75.0,"event_name":"World of Goop","player_choice":"Gather Gold","floor":3.0,"gold_loss":0.0,"damage_taken":11.0},{"damage_healed":0.0,"max_hp_gain":0.0,"max_hp_loss":0.0,"gold_gain":0.0,"event_name":"Shining Light","player_choice":"Entered Light","floor":4.0,"gold_loss":0.0,"damage_taken":14.0,"cards_upgraded":["Galaxy","BloodyDesire"]},{"damage_healed":0.0,"max_hp_gain":0.0,"max_hp_loss":0.0,"gold_gain":175.0,"event_name":"Liars Game","player_choice":"AGREE","floor":8.0,"gold_loss":0.0,"damage_taken":0.0,"cards_obtained":["Doubt"]},{"damage_healed":0.0,"max_hp_gain":0.0,"max_hp_loss":0.0,"gold_gain":0.0,"event_name":"The Mausoleum","player_choice":"Opened","floor":19.0,"gold_loss":0.0,"damage_taken":0.0,"relics_obtained":["Tiny Chest"]},{"damage_healed":0.0,"max_hp_gain":0.0,"max_hp_loss":0.0,"gold_gain":0.0,"event_name":"N\u0027loth","player_choice":"Traded Relic","floor":22.0,"relics_lost":["Tiny Chest"],"gold_loss":0.0,"damage_taken":0.0,"relics_obtained":["Nloth\u0027s Gift"]},{"damage_healed":0.0,"max_hp_gain":0.0,"max_hp_loss":0.0,"gold_gain":99.0,"event_name":"Nest","player_choice":"Stole From Cult","floor":31.0,"gold_loss":0.0,"damage_taken":0.0},{"damage_healed":0.0,"max_hp_gain":0.0,"max_hp_loss":0.0,"gold_gain":0.0,"event_name":"SensoryStone","player_choice":"Memory 1","floor":37.0,"gold_loss":0.0,"damage_taken":0.0},{"cards_removed":["Reverberation"],"damage_healed":0.0,"max_hp_gain":0.0,"max_hp_loss":0.0,"gold_gain":0.0,"event_name":"Falling","player_choice":"Removed Attack","floor":39.0,"gold_loss":0.0,"damage_taken":0.0},{"damage_healed":0.0,"max_hp_gain":0.0,"max_hp_loss":0.0,"gold_gain":0.0,"event_name":"Mysterious Sphere","player_choice":"Fight","floor":45.0,"gold_loss":0.0,"damage_taken":0.0}],"is_beta":false,"boss_relics":[{"not_picked":["Cursed Key","SlaversCollar"],"picked":"Philosopher\u0027s Stone"},{"not_picked":["Busted Crown","Tiny House"],"picked":"Fusion Hammer"}],"items_purged_floors":[11,14],"is_endless":false,"potions_floor_spawned":[16,21,28,33,35,48],"ascension_level":3}}