{"host":"jksa5rawk3m4gilz","time":1608642406,"event":{"mods":["BaseMod","Colored Map","Highlight Path","Minty Spire (QoL Compilation)","Quick Restart"],"gold_per_floor":[56,114,153,183,222,222,275,275,352,444,492,492,492,547,547,666,666,706,621,498,536,536,536,536],"floor_reached":23,"playtime":3808,"items_purged":["Strike_P"],"score":417,"play_id":"70a3b41e-f5b4-4d2c-a0c2-04e92178392a","local_time":"20201222140646","is_ascension_mode":true,"campfire_choices":[{"data":"ForeignInfluence","floor":6,"key":"SMITH"},{"floor":8,"key":"REST"},{"floor":12,"key":"REST"},{"floor":15,"key":"REST"}],"circlet_count":0,"master_deck":["AscendersBane","Strike_P","Strike_P","Strike_P","Defend_P","Defend_P","Defend_P","Defend_P","Eruption","Vigilance","HandOfGreed","WreathOfFlame","Crescendo","ForeignInfluence+1","SpiritShield","ClearTheMind","DeceiveReality","Collect","DevaForm","PathToVictory","Blind"],"relics":["PureWater","Torii","Eternal Feather","GoldenEye","Regal Pillow","Cursed Key","Happy Flower"],"acts_visited":["Exordium","TheCity"],"potions_floor_usage":[4,7,16],"damage_taken":[{"damage":0,"enemies":"2 Louse","floor":1,"turns":4},{"damage":7,"enemies":"Small Slimes","floor":2,"turns":4},{"damage":0,"enemies":"Jaw Worm","floor":3,"turns":2},{"damage":0,"enemies":"Exordium Thugs","floor":4,"turns":3},{"damage":11,"enemies":"Blue Slaver","floor":5,"turns":5},{"damage":15,"enemies":"3 Sentries","floor":7,"turns":5},{"damage":8,"enemies":"Lots of Slimes","floor":10,"turns":10},{"damage":17,"enemies":"Lagavulin","floor":11,"turns":8},{"damage":12,"enemies":"Exordium Wildlife","floor":14,"turns":7},{"damage":0,"enemies":"Slime Boss","floor":16,"turns":7},{"damage":9,"enemies":"Shell Parasite","floor":18,"turns":7},{"damage":10,"enemies":"3 Byrds","floor":21,"turns":9},{"damage":21,"enemies":"3 Cultists","floor":23,"turns":4}],"seed_played":"-5211118988377137032","potions_obtained":[{"floor":2,"key":"DistilledChaos"},{"floor":3,"key":"SkillPotion"},{"floor":4,"key":"Explosive Potion"},{"floor":10,"key":"Explosive Potion"},{"floor":18,"key":"BottledMiracle"}],"is_trial":false,"path_per_floor":["M","M","M","M","M","R","E","R","T","M","E","R","?","M","R","B",null,"M","?","$","M","?","M"],"character_chosen":"WATCHER","items_purchased":["PathToVictory"],"campfire_rested":3,"item_purchase_floors":[20],"current_hp_per_floor":[65,58,58,58,47,47,32,53,53,45,28,58,46,34,72,72,72,63,63,63,53,41,20,20],"gold":536,"neow_bonus":"RANDOM_COLORLESS_2","is_daily":false,"chose_seed":false,"campfire_upgraded":1,"win_rate":0.0,"timestamp":1608642406,"path_taken":["M","M","M","M","M","R","E","R","T","M","E","R","?","M","R","BOSS","M","?","$","M","?","M"],"items_purchased_type":["Card"],"build_version":"2020-12-13","purchased_purges":1,"victory":false,"max_hp_per_floor":[72,72,72,72,72,72,72,72,72,72,72,72,72,72,72,72,72,72,72,72,72,72,72,72],"card_choices":[{"not_picked":["The Bomb","Violence"],"picked":"HandOfGreed","floor":0},{"not_picked":["CutThroughFate","WindmillStrike"],"picked":"WreathOfFlame","floor":1},{"not_picked":["SashWhip","Evaluate"],"picked":"Crescendo","floor":2},{"not_picked":["JustLucky","Vengeance","Crescendo"],"picked":"SKIP","floor":3},{"not_picked":["PathToVictory","Prostrate","InnerPeace"],"picked":"SKIP","floor":4},{"not_picked":["Protect","CrushJoints"],"picked":"ForeignInfluence","floor":5},{"not_picked":["Wallop","Nirvana"],"picked":"SpiritShield","floor":7},{"not_picked":["WreathOfFlame","PathToVictory"],"picked":"ClearTheMind","floor":10},{"not_picked":["WindmillStrike","FollowUp"],"picked":"DeceiveReality","floor":11},{"not_picked":["Vengeance","FlurryOfBlows"],"picked":"Collect","floor":14},{"not_picked":["Devotion","Wish"],"picked":"DevaForm","floor":16},{"not_picked":["EmptyFist","JustLucky","DeceiveReality"],"picked":"SKIP","floor":18},{"not_picked":["EmptyFist","Halt","JustLucky"],"picked":"SKIP","floor":21}],"player_experience":2052616,"relics_obtained":[{"floor":7,"key":"Torii"},{"floor":9,"key":"Eternal Feather"},{"floor":11,"key":"GoldenEye"}],"event_choices":[{"damage_healed":0,"gold_gain":0,"player_choice":"Success","damage_taken":12,"relics_obtained":["Regal Pillow"],"max_hp_gain":0,"max_hp_loss":0,"event_name":"Scrap Ooze","floor":13,"gold_loss":0},{"damage_healed":0,"gold_gain":0,"player_choice":"Obtained Relic","damage_taken":0,"relics_obtained":["Happy Flower"],"max_hp_gain":0,"max_hp_loss":0,"event_name":"Addict","floor":19,"gold_loss":85},{"damage_healed":0,"gold_gain":0,"player_choice":"CARD ","damage_taken":12,"max_hp_gain":0,"max_hp_loss":0,"event_name":"Knowing Skull","floor":22,"potions_obtained":[],"gold_loss":0,"cards_obtained":["Blind"]}],"is_beta":false,"boss_relics":[{"not_picked":["Tiny House","Busted Crown"],"picked":"Cursed Key"}],"items_purged_floors":[20],"is_endless":false,"potions_floor_spawned":[2,3,4,10,18],"killed_by":"3 Cultists","ascension_level":13}}