{"host":"7t8rqoeeopyy0nh0","time":1608665864,"event":{"mods":["AchievementEnabler","BaseMod","Better Third Choice","BetterRewards","Colored Map","Colored Powertips","Downfall","Hubris","Infinite Spire","Marisa????????","Minty Spire (QoL Compilation)","Replay The Spire","StSLib","The Animator","The Cursed"],"gold_per_floor":[129,157,157,168,185,185,213,213,213,303,303,329,329,362,362,478,478,489,503,503,5,22,52,52,70,70,85,111,127,127,139,139,259,259,278,296,53,67,67],"floor_reached":38,"playtime":3362,"items_purged":["animator:Strike"],"score":437,"play_id":"522c810b-5cfb-4c7c-bebe-d98b061c5701","local_time":"20201222143744","is_ascension_mode":false,"campfire_choices":[{"data":"animator:Verdia","floor":6,"key":"SMITH"},{"data":"animator:Tyuule","floor":11,"key":"SMITH"},{"data":"animator:Kazuma","floor":13,"key":"SMITH"},{"data":"animator:Sora","floor":15,"key":"SMITH"},{"data":"animator:Viivi","floor":24,"key":"SMITH"},{"data":"animator:Melzalgald","floor":30,"key":"SMITH"},{"data":"animator:IchigoKurosaki","floor":32,"key":"SMITH"}],"circlet_count":0,"master_deck":["animator:Strike_Konosuba","animator:Defend_Konosuba","animator:Strike","animator:Strike","animator:Defend","animator:Defend","animator:Defend","animator:Kazuma+1","animator:Aqua","animator:Bozes+1","animator:Mitsurugi","animator:SilverFang","animator:Verdia+1","animator:Tyuule+1","animator:TukaLunaMarceau","animator:Sora+1","animator:Eris","CommonCold","animator:Vanir","animator:Konayuki","animator:IchigoKurosaki+1","animator:Viivi+1","animator:YachiyoNanami","animator:Melzalgald+1","animator:Hans","animator:Viivi"],"relics":["animator:LivingPicture","animator:TheMissingPiece","animator:PurgingStone","hubris:Metronome","Pet Ghost","White Beast Statue","CloakClasp","Orichalcum","Omamori","Replay:Ancient Bell","Replay:Wax Seal","Mercury Hourglass","TungstenRod","PreservedInsect","animator:EngravedStaff","HornCleat","Mark of Pain","hubris:Reverence"],"acts_visited":["Exordium","TheCity","TheBeyond"],"potions_floor_usage":[16,16,22,23,31,33],"damage_taken":[{"damage":0,"enemies":"Small Slimes","floor":1,"turns":5},{"damage":0,"enemies":"2 Louse","floor":2,"turns":4},{"damage":0,"enemies":"Cultist","floor":4,"turns":4},{"damage":0,"enemies":"3 Louse","floor":5,"turns":4},{"damage":4,"enemies":"Replay:BlueRogue","floor":7,"turns":10},{"damage":4,"enemies":"Lots of Slimes","floor":12,"turns":5},{"damage":3,"enemies":"3 Sentries","floor":14,"turns":6},{"damage":12,"enemies":"The Guardian","floor":16,"turns":14},{"damage":0,"enemies":"Chosen","floor":18,"turns":4},{"damage":0,"enemies":"3 Byrds","floor":19,"turns":5},{"damage":6,"enemies":"Snecko","floor":22,"turns":4},{"damage":0,"enemies":"Slavers","floor":23,"turns":3},{"damage":2,"enemies":"Chosen and Byrds","floor":25,"turns":6},{"damage":10,"enemies":"Shelled Parasite and Fungi","floor":27,"turns":4},{"damage":11,"enemies":"Snake Plant","floor":28,"turns":5},{"damage":0,"enemies":"Snecko","floor":29,"turns":5},{"damage":0,"enemies":"3 Cultists","floor":31,"turns":5},{"damage":41,"enemies":"Champ","floor":33,"turns":13},{"damage":2,"enemies":"Orb Walker","floor":35,"turns":3},{"damage":16,"enemies":"3 Darklings","floor":36,"turns":6},{"damage":23,"enemies":"Transient","floor":38,"turns":5}],"seed_played":"7196356355329584282","potions_obtained":[{"floor":12,"key":"Weak Potion"},{"floor":14,"key":"Slimebound:ThreeZeroPotion"},{"floor":16,"key":"Energy Potion"},{"floor":18,"key":"AttackPotion"},{"floor":19,"key":"ColorlessPotion"},{"floor":22,"key":"sneckomod:MuddlingPotion"},{"floor":23,"key":"EssenceOfSteel"},{"floor":25,"key":"Dexterity Potion"},{"floor":27,"key":"FearPotion"},{"floor":28,"key":"Fire Potion"},{"floor":31,"key":"Fire Potion"},{"floor":33,"key":"CultistPotion"},{"floor":35,"key":"Swift Potion"}],"is_trial":false,"path_per_floor":["M","M","?","M","M","R","E","?","T","?","R","M","R","E","R","B",null,"M","M","?","$","M","E","R","M","T","M","M","M","R","M","R","B",null,"M","M","$","M"],"character_chosen":"THE_ANIMATOR","items_purchased":["animator:EngravedStaff","animator:Konayuki","animator:IchigoKurosaki","hubris:Reverence"],"campfire_rested":0,"item_purchase_floors":[21,21,21,37],"current_hp_per_floor":[72,72,72,72,73,73,69,52,52,53,53,51,51,50,50,42,74,75,75,75,75,69,71,71,73,73,66,60,62,62,67,67,31,75,73,60,60,42,42],"gold":67,"neow_bonus":"TEN_PERCENT_HP_BONUS","is_daily":false,"chose_seed":false,"campfire_upgraded":7,"win_rate":0.0,"timestamp":1608665864,"path_taken":["M","M","?","M","M","R","E","?","T","?","R","?","R","E","R","BOSS","M","M","?","$","?","E","R","M","T","M","M","M","R","M","R","BOSS","M","M","$","M"],"items_purchased_type":["Relic","Card","Card","Relic"],"build_version":"2020-12-13","purchased_purges":1,"victory":false,"max_hp_per_floor":[72,72,72,72,73,73,73,73,73,74,74,74,74,74,74,74,74,75,75,75,75,75,75,75,75,75,75,75,75,75,75,75,75,75,75,75,75,75,75],"card_choices":[{"not_picked":["animator:DolaStephanie","animator:Guy"],"picked":"animator:Bozes","floor":1},{"not_picked":["animator:Tyuule","animator:Ain"],"picked":"animator:Mitsurugi","floor":2},{"not_picked":["animator:Tet","animator:AcuraTooru"],"picked":"animator:SilverFang","floor":4},{"not_picked":["animator:Aqua","animator:Vanir"],"picked":"animator:Verdia","floor":5},{"not_picked":["animator:Ain","animator:Add","animator:FielNirvalen"],"picked":"SKIP","floor":7},{"not_picked":["animator:Nanami","animator:IrohaTamaki"],"picked":"animator:Tyuule","floor":10},{"not_picked":["animator:Raven","animator:Add"],"picked":"animator:TukaLunaMarceau","floor":12},{"not_picked":["animator:Aisha","animator:FielNirvalen"],"picked":"animator:Sora","floor":14},{"not_picked":["animator:ChaikaTrabant","animator:MadokaKaname"],"picked":"animator:Eris","floor":16},{"not_picked":["hubris:Compulsion","Sickly"],"picked":"Delirium","floor":17},{"not_picked":["Parasite","Looming Evil"],"picked":"CommonCold","floor":17},{"not_picked":["ReplayTheSpireMod:Restless Dread","hubris:Sloth"],"picked":"CommonCold","floor":17},{"not_picked":["animator:Mitsurugi","animator:Verdia"],"picked":"animator:Vanir","floor":18},{"not_picked":["animator:Geryuganshoop","animator:TukaLunaMarceau","animator:Ciel"],"picked":"SKIP","floor":19},{"not_picked":["animator:Guy","animator:Tatsumaki","animator:SilverFang"],"picked":"SKIP","floor":22},{"not_picked":["animator:DolaRiku","animator:DolaSchwi"],"picked":"animator:Viivi","floor":23},{"not_picked":["animator:Cocytus","animator:Bozes","animator:DolaStephanie"],"picked":"SKIP","floor":27},{"not_picked":["animator:Jibril","animator:YuiTsuruno"],"picked":"animator:YachiyoNanami","floor":28},{"not_picked":["animator:Shalltear+1","animator:Elsword"],"picked":"animator:Melzalgald","floor":29},{"not_picked":["animator:Saitama","animator:Elesis"],"picked":"animator:Hans","floor":33},{"not_picked":["animator:Mitsurugi","animator:Genos+1"],"picked":"animator:Viivi","floor":35},{"not_picked":["animator:Genos","animator:YaoHaDucy","animator:Bozes+1"],"picked":"SKIP","floor":36},{"not_picked":["animator:Wiz","animator:Lu+1","animator:Fredrika+1"],"picked":"SKIP","floor":38}],"player_experience":359289,"relics_obtained":[{"floor":7,"key":"hubris:Metronome"},{"floor":9,"key":"CloakClasp"},{"floor":10,"key":"Orichalcum"},{"floor":14,"key":"Omamori"},{"floor":23,"key":"HornCleat"}],"event_choices":[{"damage_healed":0,"gold_gain":0,"player_choice":"Grow","damage_taken":0,"max_hp_gain":0,"max_hp_loss":0,"event_name":"Living Wall","floor":3,"gold_loss":0,"cards_upgraded":["animator:Bozes"]},{"damage_healed":0,"gold_gain":1,"player_choice":"Relic Relic ","damage_taken":17,"max_hp_gain":0,"max_hp_loss":0,"event_name":"betterThird:BetterScrap","floor":8,"gold_loss":0,"cards_obtained":["All For One"]},{"damage_healed":0,"gold_gain":0,"player_choice":"Gave Potion","damage_taken":0,"relics_obtained":["PreservedInsect"],"max_hp_gain":0,"max_hp_loss":0,"event_name":"WeMeetAgain","floor":20,"gold_loss":0}],"is_beta":false,"boss_relics":[{"not_picked":["Ring of Chaos","hubris:RunicObelisk"],"picked":"Replay:Ancient Bell"},{"not_picked":["Simple Rune","MawBank"],"picked":"Replay:Wax Seal"},{"not_picked":["hubris:DeckOfHolding","Matryoshka"],"picked":"Mercury Hourglass"},{"not_picked":["Counterbalance","hubris:Teleporter"],"picked":"TungstenRod"},{"not_picked":["hubris:ScarierMask","Fusion Hammer"],"picked":"Mark of Pain"}],"items_purged_floors":[21],"is_endless":false,"potions_floor_spawned":[12,14,16,18,19,22,23,25,27,28,29,31,33,35,36,38],"killed_by":"Transient","ascension_level":0}}