{"host":"igi9xpgoc000gxf5","time":1608672842,"event":{"mods":["BaseMod","Colored Powertips","Downfall","Googly Eyes","Minty Spire (QoL Compilation)","StSLib"],"gold_per_floor":[99,113,46,61,1,1,1,18,18,35,47,60,60,78,92,92,92,92],"floor_reached":16,"playtime":880,"items_purged":[],"score":96,"play_id":"88661a12-cc4f-4538-949e-bf9ca73d57b2","local_time":"20201222223402","is_ascension_mode":false,"campfire_choices":[{"floor":1,"key":"RECALL"},{"floor":6,"key":"REST"}],"circlet_count":0,"master_deck":["Slimebound:Strike_Slimebound","Slimebound:Strike_Slimebound","Slimebound:Strike_Slimebound","Slimebound:Tackle","Slimebound:Defend_Slimebound","Slimebound:Defend_Slimebound","Slimebound:Defend_Slimebound","Slimebound:Defend_Slimebound","Slimebound:Split","Slimebound:CorrosiveSpit","Slimebound:SplitBruiser","Slimebound:SplitLeeching","Slimebound:FinishingTackle","Slimebound:Darklings+1","Slimebound:MegaLick","Slimebound:GoopSpray","Slimebound:SlimeSpikes","Slimebound:LevelUp","Slimebound:LivingWall","Slimebound:MegaLick+1","Slimebound:AcidTongue","Slimebound:SplitMire"],"relics":["Slimebound:AbsorbEndCombat"],"acts_visited":["Exordium"],"potions_floor_usage":[11,12,15],"damage_taken":[{"damage":9,"enemies":"2 Louse","floor":2,"turns":3},{"damage":14,"enemies":"downfall:FleeingMerchant","floor":3,"turns":4},{"damage":14,"enemies":"Cultist","floor":4,"turns":2},{"damage":25,"enemies":"downfall:FleeingMerchant","floor":5,"turns":4},{"damage":20,"enemies":"Jaw Worm","floor":8,"turns":3},{"damage":29,"enemies":"Red Slaver","floor":10,"turns":3},{"damage":4,"enemies":"Gremlin Gang","floor":11,"turns":1},{"damage":34,"enemies":"Exordium Thugs","floor":12,"turns":5},{"damage":31,"enemies":"Exordium Wildlife","floor":14,"turns":4},{"damage":19,"enemies":"Blue Slaver","floor":15,"turns":2},{"damage":37,"enemies":"downfall:Ironclad","floor":16,"turns":6}],"seed_played":"4551859473345586046","potions_obtained":[{"floor":8,"key":"ColorlessPotion"},{"floor":10,"key":"Swift Potion"},{"floor":12,"key":"SmokeBomb"},{"floor":14,"key":"SkillPotion"}],"is_trial":false,"path_per_floor":["R","M","$","M","$","R","T","M","?","M","M","M","?","M","M","B"],"character_chosen":"SLIMEBOUND","items_purchased":["Slimebound:FinishingTackle","Slimebound:GoopSpray"],"campfire_rested":1,"item_purchase_floors":[3,5],"current_hp_per_floor":[66,63,61,57,50,66,66,58,58,53,59,41,41,32,31,0,0,0],"gold":92,"neow_bonus":"TEN_PERCENT_HP_BONUS","is_daily":false,"chose_seed":false,"campfire_upgraded":0,"win_rate":0.0,"timestamp":1608672842,"path_taken":["R","M","$","M","$","R","T","M","?","?","M","M","?","M","M","BOSS"],"items_purchased_type":["Card","Card"],"build_version":"2020-12-13","purchased_purges":0,"victory":false,"max_hp_per_floor":[66,66,66,66,66,66,66,66,66,66,66,66,66,66,66,66,66,66],"card_choices":[{"not_picked":["Slimebound:FinishingTackle","Slimebound:FirmFortitude"],"picked":"Slimebound:SplitBruiser","floor":2},{"not_picked":["Slimebound:DivideAndConquer","Slimebound:LeechEnergy"],"picked":"Slimebound:SplitLeeching","floor":3},{"not_picked":["Slimebound:SplitBruiser","Slimebound:ViciousTackle"],"picked":"Slimebound:Darklings","floor":4},{"not_picked":["Slimebound:LeechEnergy","Slimebound:LeadByExample"],"picked":"Slimebound:MegaLick","floor":5},{"not_picked":["Slimebound:ServeAndProtect","Slimebound:DivideAndConquer"],"picked":"Slimebound:SlimeSpikes","floor":8},{"not_picked":["Slimebound:CheckThePlaybook","Slimebound:LeadByExample"],"picked":"Slimebound:LevelUp","floor":10},{"not_picked":["Slimebound:SamplingLick","Slimebound:SplitLeeching"],"picked":"Slimebound:LivingWall","floor":11},{"not_picked":["Slimebound:SplitMire","Slimebound:GrowthPunch"],"picked":"Slimebound:MegaLick","floor":12},{"not_picked":["Slimebound:Schlurp","Slimebound:MegaLick"],"picked":"Slimebound:AcidTongue","floor":14},{"not_picked":["Slimebound:LeechingTouch","Slimebound:GrowthPunch"],"picked":"Slimebound:SplitMire","floor":15}],"player_experience":895821,"relics_obtained":[],"event_choices":[{"damage_healed":0,"gold_gain":0,"player_choice":"Upgraded","damage_taken":0,"max_hp_gain":0,"max_hp_loss":0,"event_name":"Upgrade Shrine","floor":9,"gold_loss":0,"cards_upgraded":["Slimebound:Darklings"]},{"damage_healed":0,"gold_gain":0,"player_choice":"Grow","damage_taken":0,"max_hp_gain":0,"max_hp_loss":0,"event_name":"Living Wall","floor":13,"gold_loss":0,"cards_upgraded":["Slimebound:MegaLick"]}],"is_beta":false,"boss_relics":[],"items_purged_floors":[],"is_endless":false,"potions_floor_spawned":[8,10,12,14],"killed_by":"downfall:Ironclad","ascension_level":0}}