{"host":"cjhtzh7tp54jdfyv","time":1608633489,"event":{"mods":["AchievementEnabler","BaseMod","Colored Map","Colored Powertips","Filter the Spire","Minty Spire (QoL Compilation)","RNG Fix","StSLib","ojb\u0027s Better Paths Mod","ojb\u0027s Info Mod"],"gold_per_floor":[119,134,147,14,30,59,74,74,74,74,74,88,131,12,12,94,94,120,138,97,119,144,144,179,203,203,203,203,230,210,242,242,327,327,339,390,45,68,0,0,19,19,46,84,98,125,125,148,148,148,148,148,148,40,74,74],"floor_reached":57,"playtime":5513,"items_purged":["Masterful Stab","Noxious Fumes","Quick Slash"],"score":2724,"play_id":"a045f613-22d1-48ab-9690-fe6dd43ab363","local_time":"20201222053809","is_ascension_mode":true,"campfire_choices":[{"floor":11.0,"key":"REST"},{"data":"Malaise","floor":15.0,"key":"SMITH"},{"data":"Burst","floor":23.0,"key":"SMITH"},{"data":"Catalyst","floor":28.0,"key":"SMITH"},{"data":"Acrobatics","floor":32.0,"key":"SMITH"},{"floor":40.0,"key":"RECALL"},{"data":"Acrobatics","floor":42.0,"key":"SMITH"},{"data":"Concentrate","floor":47.0,"key":"SMITH"},{"data":"Tactician","floor":49.0,"key":"SMITH"},{"data":"After Image","floor":53.0,"key":"SMITH"}],"circlet_count":0,"master_deck":["AscendersBane","Survivor","Neutralize","Burst+1","Noxious Fumes","Crippling Poison+1","Footwork","Distraction","After Image+1","Finisher","Dash","Deflect","Dash","Dodge and Roll+1","Blade Dance","Malaise+1","Heel Hook","Backflip","Corpse Explosion","Catalyst+1","Distraction","Deflect","PiercingWail+1","Acrobatics+1","Escape Plan+1","Concentrate+1","Heel Hook","Tactician+1","After Image","Sadistic Nature","Acrobatics+1","Prepared+1","Backflip","Backflip+1"],"relics":["Pandora\u0027s Box","Eternal Feather","Letter Opener","CeramicFish","Coffee Dripper","PreservedInsect","Nunchaku","SlaversCollar","Ginger","Red Mask","Orichalcum","White Beast Statue","Omamori","War Paint"],"acts_visited":["Exordium","TheCity","TheBeyond","TheEnding"],"potions_floor_usage":[56,56],"damage_taken":[{"damage":0.0,"enemies":"Cultist","floor":1.0,"turns":4.0},{"damage":9.0,"enemies":"Jaw Worm","floor":2.0,"turns":3.0},{"damage":0.0,"enemies":"Small Slimes","floor":3.0,"turns":2.0},{"damage":1.0,"enemies":"2 Fungi Beasts","floor":5.0,"turns":4.0},{"damage":14.0,"enemies":"Lagavulin","floor":6.0,"turns":5.0},{"damage":12.0,"enemies":"Lots of Slimes","floor":7.0,"turns":4.0},{"damage":8.0,"enemies":"Exordium Thugs","floor":12.0,"turns":3.0},{"damage":6.0,"enemies":"3 Sentries","floor":13.0,"turns":4.0},{"damage":1.0,"enemies":"Hexaghost","floor":16.0,"turns":10.0},{"damage":11.0,"enemies":"Chosen","floor":18.0,"turns":6.0},{"damage":0.0,"enemies":"3 Byrds","floor":21.0,"turns":2.0},{"damage":3.0,"enemies":"Shelled Parasite and Fungi","floor":22.0,"turns":4.0},{"damage":14.0,"enemies":"Gremlin Leader","floor":24.0,"turns":6.0},{"damage":11.0,"enemies":"Chosen and Byrds","floor":25.0,"turns":6.0},{"damage":0.0,"enemies":"Snake Plant","floor":29.0,"turns":5.0},{"damage":3.0,"enemies":"Book of Stabbing","floor":31.0,"turns":6.0},{"damage":18.0,"enemies":"Automaton","floor":33.0,"turns":9.0},{"damage":9.0,"enemies":"Orb Walker","floor":35.0,"turns":5.0},{"damage":15.0,"enemies":"2 Orb Walkers","floor":36.0,"turns":4.0},{"damage":0.0,"enemies":"3 Shapes","floor":38.0,"turns":3.0},{"damage":11.0,"enemies":"Jaw Worm Horde","floor":41.0,"turns":2.0},{"damage":10.0,"enemies":"Reptomancer","floor":44.0,"turns":4.0},{"damage":0.0,"enemies":"3 Darklings","floor":45.0,"turns":3.0},{"damage":13.0,"enemies":"Giant Head","floor":46.0,"turns":7.0},{"damage":0.0,"enemies":"Sphere and 2 Shapes","floor":48.0,"turns":4.0},{"damage":12.0,"enemies":"Awakened One","floor":50.0,"turns":16.0},{"damage":38.0,"enemies":"Time Eater","floor":51.0,"turns":11.0},{"damage":26.0,"enemies":"Shield and Spear","floor":55.0,"turns":5.0},{"damage":37,"enemies":"The Heart","floor":56,"turns":12}],"seed_played":"-8018742661499187810","potions_obtained":[{"floor":1.0,"key":"Swift Potion"},{"floor":2.0,"key":"DuplicationPotion"},{"floor":6.0,"key":"EntropicBrew"},{"floor":16.0,"key":"LiquidMemories"},{"floor":29.0,"key":"Ancient Potion"},{"floor":36.0,"key":"BlessingOfTheForge"},{"floor":38.0,"key":"Swift Potion"},{"floor":41.0,"key":"Strength Potion"},{"floor":45.0,"key":"Fire Potion"},{"floor":46.0,"key":"CultistPotion"},{"floor":55.0,"key":"Dexterity Potion"}],"is_trial":false,"path_per_floor":["M","M","M","$","M","E","M","?","T","?","R","M","E","$","R","B",null,"M","?","$","M","M","R","E","M","T","?","R","M","?","E","R","B",null,"M","?","$","M","?","R","M","R","T","E","M","E","R","M","R","B","B",null,"R","$","E","B",null],"character_chosen":"THE_SILENT","items_purchased":["Deflect","Backflip","PiercingWail","Sadistic Nature","Acrobatics","GhostInAJar"],"campfire_rested":1,"item_purchase_floors":[4,14,20,37,37,54],"current_hp_per_floor":[59,50,50,50,49,35,23,3,3,3,31,23,17,17,29,28,57,46,46,46,46,43,58,44,33,33,15,30,30,30,27,42,24,59,50,35,35,35,35,53,42,60,60,50,50,37,55,55,71,59,21,59,71,71,45,8],"gold":74,"neow_bonus":"BOSS_RELIC","is_daily":false,"chose_seed":false,"campfire_upgraded":8,"win_rate":0.0,"timestamp":1608633489,"path_taken":["M","M","M","$","M","E","M","?","T","?","R","M","E","$","R","BOSS","M","?","$","M","M","R","E","M","T","?","R","?","?","E","R","BOSS","M","?","$","M","?","R","M","R","T","E","M","E","R","?","R","BOSS","BOSS","R","$","E","BOSS"],"items_purchased_type":["Card","Card","Card","Card","Card","Potion"],"build_version":"2020-12-13","purchased_purges":3,"victory":true,"max_hp_per_floor":[66,66,66,66,66,66,66,66,66,66,66,66,66,66,66,66,66,66,66,66,66,66,66,66,66,66,71,71,71,71,71,71,71,71,71,71,71,71,71,71,71,71,71,71,71,71,71,71,71,71,71,71,71,71,71,71],"card_choices":[{"not_picked":["Tactician","Accuracy"],"picked":"Quick Slash","floor":1.0},{"not_picked":["Dagger Spray","Poisoned Stab"],"picked":"Dagger Throw","floor":2.0},{"not_picked":["Endless Agony","Heel Hook"],"picked":"Dash","floor":3.0},{"not_picked":["Dodge and Roll","Endless Agony"],"picked":"Dash","floor":5.0},{"not_picked":["Heel Hook","Sucker Punch"],"picked":"Dodge and Roll","floor":6.0},{"not_picked":["Poisoned Stab","Riddle With Holes"],"picked":"Blade Dance","floor":7.0},{"not_picked":["Endless Agony","Bane"],"picked":"Malaise","floor":12.0},{"not_picked":["Dagger Spray","Setup"],"picked":"Heel Hook","floor":13.0},{"not_picked":["Venomology","After Image"],"picked":"Corpse Explosion","floor":16.0},{"not_picked":["Dagger Spray","Slice"],"picked":"Catalyst","floor":18.0},{"not_picked":["Caltrops","Poisoned Stab"],"picked":"Acrobatics","floor":21.0},{"not_picked":["Flying Knee","Footwork"],"picked":"Escape Plan","floor":22.0},{"not_picked":["Bouncing Flask","Dash"],"picked":"Concentrate","floor":24.0},{"not_picked":["Dodge and Roll","Bouncing Flask"],"picked":"Heel Hook","floor":25.0},{"not_picked":["Concentrate","Skewer"],"picked":"Tactician","floor":29.0},{"not_picked":["Poisoned Stab","Terror","Dodge and Roll"],"picked":"SKIP","floor":31.0},{"not_picked":["Storm of Steel","Tools of the Trade"],"picked":"After Image","floor":33.0},{"not_picked":["Endless Agony+1","Deflect","Slice"],"picked":"SKIP","floor":35.0},{"not_picked":["Dagger Spray+1","Bouncing Flask"],"picked":"Prepared+1","floor":38.0},{"not_picked":["Deadly Poison","Tools of the Trade","Poisoned Stab"],"picked":"SKIP","floor":41.0},{"not_picked":["Predator+1","Poisoned Stab"],"picked":"Backflip","floor":44.0},{"not_picked":["Distraction+1","Backstab","Blade Dance+1"],"picked":"SKIP","floor":45.0},{"not_picked":["Choke","Quick Slash+1","A Thousand Cuts"],"picked":"SKIP","floor":46.0},{"not_picked":["Bane","Cloak And Dagger"],"picked":"Backflip+1","floor":48.0},{"not_picked":["Deadly Poison","Bouncing Flask","Footwork"],"picked":"SKIP","floor":55.0}],"player_experience":4355470,"relics_obtained":[{"floor":6.0,"key":"Eternal Feather"},{"floor":9.0,"key":"Letter Opener"},{"floor":13.0,"key":"CeramicFish"},{"floor":24.0,"key":"PreservedInsect"},{"floor":31.0,"key":"Nunchaku"},{"floor":36.0,"key":"Ginger"},{"floor":43.0,"key":"Orichalcum"},{"floor":44.0,"key":"White Beast Statue"},{"floor":46.0,"key":"Omamori"},{"floor":55.0,"key":"War Paint"}],"event_choices":[{"damage_healed":0.0,"max_hp_gain":0.0,"max_hp_loss":0.0,"gold_gain":0.0,"event_name":"Shining Light","player_choice":"Entered Light","floor":8.0,"gold_loss":0.0,"damage_taken":20.0,"cards_upgraded":["Dodge and Roll","Crippling Poison"]},{"damage_healed":0.0,"max_hp_gain":0.0,"max_hp_loss":0.0,"gold_gain":0.0,"event_name":"Liars Game","player_choice":"Ignored","floor":10.0,"gold_loss":0.0,"damage_taken":0.0},{"damage_healed":0.0,"max_hp_gain":0.0,"max_hp_loss":0.0,"gold_gain":0.0,"cards_transformed":["Dagger Throw","Eviscerate"],"event_name":"Drug Dealer","player_choice":"Became Test Subject","floor":19.0,"gold_loss":0.0,"damage_taken":0.0,"cards_obtained":["Distraction","Deflect"]},{"damage_healed":0.0,"max_hp_gain":5.0,"max_hp_loss":0.0,"gold_gain":0.0,"event_name":"Forgotten Altar","player_choice":"Shed Blood","floor":27.0,"gold_loss":0.0,"damage_taken":23.0},{"damage_healed":0.0,"max_hp_gain":0.0,"max_hp_loss":0.0,"gold_gain":0.0,"event_name":"The Woman in Blue","player_choice":"Bought 1 Potion","floor":30.0,"gold_loss":0.0,"damage_taken":0.0},{"damage_healed":0.0,"max_hp_gain":0.0,"max_hp_loss":0.0,"gold_gain":0.0,"event_name":"Mysterious Sphere","player_choice":"Fight","floor":36.0,"gold_loss":0.0,"damage_taken":0.0},{"damage_healed":0.0,"max_hp_gain":0.0,"max_hp_loss":0.0,"gold_gain":0.0,"event_name":"Tomb of Lord Red Mask","player_choice":"Paid","floor":39.0,"gold_loss":68.0,"damage_taken":0.0,"relics_obtained":["Red Mask"]}],"is_beta":false,"boss_relics":[{"not_picked":["Velvet Choker","SacredBark"],"picked":"Coffee Dripper"},{"not_picked":["Cursed Key","Sozu"],"picked":"SlaversCollar"}],"items_purged_floors":[4,14,37],"is_endless":false,"potions_floor_spawned":[1,2,6,16,22,24,29,33,36,38,41,45,46,48,55],"ascension_level":20}}