{"host":"0i8dz4ityulxi1rd","time":1608618890,"event":{"mods":["BaseMod","Colored Map","Colored Powertips","Custom Start","Highlight Path","Hubris","Keyboard Shortcuts","Minty Spire (QoL Compilation)","StSLib","SuperFastMode","The Runesmith"],"gold_per_floor":[114,126,126,126,137,137,156,185,234,66,66,79,90,140,140,140,140],"floor_reached":16,"playtime":517,"items_purged":[],"score":204,"play_id":"d8733fae-30ac-422a-adff-f9ccb45c1f14","local_time":"20201222153450","is_ascension_mode":true,"campfire_choices":[{"data":"Chaos","floor":6,"key":"SMITH"},{"floor":15,"key":"REST"}],"circlet_count":0,"master_deck":["AscendersBane","Strike_B","Strike_B","Strike_B","Defend_B","Defend_B","Defend_B","Zap","Dualcast","Conserve Battery","Cold Snap","Chaos+1","Aggregate","Barrage","hubris:SpecializedCircuitry","Conserve Battery"],"relics":["Cracked Core","NeowsBlessing","Symbiotic Virus","DataDisk","hubris:OldNail","Sundial"],"acts_visited":["Exordium"],"potions_floor_usage":[8,13],"damage_taken":[{"damage":0,"enemies":"2 Louse","floor":1,"turns":1},{"damage":0,"enemies":"Small Slimes","floor":2,"turns":1},{"damage":0,"enemies":"Cultist","floor":5,"turns":1},{"damage":7,"enemies":"3 Louse","floor":7,"turns":3},{"damage":27,"enemies":"Lagavulin","floor":8,"turns":8},{"damage":8,"enemies":"Blue Slaver","floor":12,"turns":3},{"damage":7,"enemies":"Exordium Thugs","floor":13,"turns":4},{"damage":38,"enemies":"The Guardian","floor":16,"turns":5}],"seed_played":"-8865519298943031549","potions_obtained":[{"floor":1,"key":"AttackPotion"},{"floor":8,"key":"Block Potion"},{"floor":12,"key":"Ancient Potion"}],"is_trial":false,"path_per_floor":["M","M","?","?","M","R","M","E","T","$","?","M","M","?","R","B"],"character_chosen":"DEFECT","items_purchased":["hubris:OldNail"],"campfire_rested":1,"item_purchase_floors":[10],"current_hp_per_floor":[64,64,64,64,64,64,57,30,30,30,19,11,4,4,25,0,0],"gold":140,"neow_bonus":"THREE_ENEMY_KILL","is_daily":false,"chose_seed":false,"campfire_upgraded":1,"win_rate":0.0,"timestamp":1608618890,"path_taken":["M","M","?","?","?","R","M","E","T","$","?","M","M","?","R","BOSS"],"items_purchased_type":["Relic"],"build_version":"2020-12-13","purchased_purges":0,"victory":false,"max_hp_per_floor":[71,71,71,71,71,71,71,71,71,71,71,71,71,71,71,71,71],"card_choices":[{"not_picked":["Coolheaded","Redo"],"picked":"Conserve Battery","floor":1},{"not_picked":["Leap","Coolheaded"],"picked":"Cold Snap","floor":2},{"not_picked":["Ball Lightning","Gash"],"picked":"Barrage","floor":5},{"not_picked":["Fusion","Hologram","Hyperbeam"],"picked":"SKIP","floor":7},{"not_picked":["Biased Cognition","Redo"],"picked":"hubris:SpecializedCircuitry","floor":8},{"not_picked":["Go for the Eyes","Gash"],"picked":"Conserve Battery","floor":12},{"not_picked":["Barrage","Steam","White Noise"],"picked":"SKIP","floor":13}],"player_experience":1265135,"relics_obtained":[{"floor":8,"key":"Symbiotic Virus"},{"floor":9,"key":"DataDisk"}],"event_choices":[{"damage_healed":0,"gold_gain":0,"cards_transformed":["Strike_B"],"player_choice":"Change","damage_taken":0,"max_hp_gain":0,"max_hp_loss":0,"event_name":"Living Wall","floor":3,"gold_loss":0,"cards_obtained":["Chaos"]},{"damage_healed":0,"gold_gain":0,"cards_transformed":["Defend_B"],"player_choice":"Transformed","damage_taken":0,"max_hp_gain":0,"max_hp_loss":0,"event_name":"Transmorgrifier","floor":4,"gold_loss":0,"cards_obtained":["Aggregate"]},{"damage_healed":0,"gold_gain":0,"player_choice":"Success","damage_taken":11,"relics_obtained":["Sundial"],"max_hp_gain":0,"max_hp_loss":0,"event_name":"Scrap Ooze","floor":11,"gold_loss":0},{"damage_healed":0,"gold_gain":50,"player_choice":"Pray","damage_taken":0,"max_hp_gain":0,"max_hp_loss":0,"event_name":"Golden Shrine","floor":14,"gold_loss":0}],"is_beta":false,"boss_relics":[],"items_purged_floors":[],"is_endless":false,"potions_floor_spawned":[1,8,12],"killed_by":"The Guardian","ascension_level":20}}