{"host":"porgtwlvhh3hs75v","time":1608613774,"event":{"mods":["ATMod(°¢èªMod)","Act Like it!","BaseMod","GifTheSpireLib","Minty Spire (QoL Compilation)","Replay The Spire","StSLib","The Cursed","The Servant 0.9.4"],"gold_per_floor":[113,181,198,215,234,234,252,279,279,289,289,314,324,324,324,324,324,397,397,408,472,472,3,52,52,79,79,79,105,119,168,238,313,313,445,445,464,165,206,246,114,169,213,213,265,432,135,135,210,280,280,310,340,340,340,66,92,92],"floor_reached":59,"playtime":2510,"items_purged":["Defend_P","Strike_P","Defend_P"],"score":2979,"play_id":"4a2d025e-7d82-4365-9fc2-30a82dca8b3a","local_time":"20201222130934","is_ascension_mode":true,"campfire_choices":[{"data":"Eruption","floor":6.0,"key":"SMITH"},{"data":"Replay:ManipulateFuture","floor":11.0,"key":"SMITH"},{"data":"CrushJoints","floor":25.0,"key":"SMITH"},{"data":"Defend_P","floor":27.0,"key":"PURGE"},{"data":"Replay:Battleflow","floor":34,"key":"SMITH"},{"floor":44,"key":"RECALL"},{"data":"TheCursedMod:Dregs","floor":48,"key":"PURGE"},{"data":"Strike_P","floor":51,"key":"PURGE"},{"data":"Strike_P","floor":55,"key":"PURGE"}],"circlet_count":0,"master_deck":["AscendersBane","Strike_P","Eruption+1","Vigilance","AT_KingSlayer+1","Scrawl+1","Replay:ManipulateFuture+1","CrushJoints+1","Replay:BluntJabs","AT_RealColorLess+1","Wish+1","Wallop","Omniscience","DeusExMachina","Replay:Battleflow+1","ConjureBlade","Adaptation+1","AT_ChampionStep+1","Adaptation+1","ForeignInfluence+1","TalkToTheHand+1","Parasite","Study+1","Evaluate+1"],"relics":["PureWater","AT_ATBox","Du-Vu Doll","Blue Doll","TungstenRod","Frozen Egg 2","Peace Pipe","Cursed Key","Strange Spoon","ReplayTheSpireMod:TigerMarble","Yang","Mummified Hand","Shuriken","AT_TrinityForce","Medical Kit","Gremlin Horn","Pet Ghost","InkBottle","Bottled Tornado"],"acts_visited":["Exordium","TheCity","TheBeyond","TheEnding"],"potions_floor_usage":[49,58],"damage_taken":[{"damage":0.0,"enemies":"2 Louse","floor":1.0,"turns":4.0},{"damage":4.0,"enemies":"Jaw Worm","floor":3.0,"turns":5.0},{"damage":0.0,"enemies":"Small Slimes","floor":4.0,"turns":2.0},{"damage":0.0,"enemies":"Red Slaver","floor":5.0,"turns":2.0},{"damage":0.0,"enemies":"Exordium Thugs","floor":7.0,"turns":1.0},{"damage":0.0,"enemies":"Gremlin Nob","floor":8.0,"turns":1.0},{"damage":0.0,"enemies":"Blue Slaver","floor":10.0,"turns":2.0},{"damage":0.0,"enemies":"Replay:BlueRogue","floor":12.0,"turns":1.0},{"damage":0.0,"enemies":"Looter","floor":13.0,"turns":2.0},{"damage":0.0,"enemies":"Slime Boss","floor":18.0,"turns":2.0},{"damage":0.0,"enemies":"2 Thieves","floor":20.0,"turns":1.0},{"damage":8.0,"enemies":"Chosen","floor":21.0,"turns":4.0},{"damage":0.0,"enemies":"Snake Plant","floor":24.0,"turns":1.0},{"damage":0.0,"enemies":"Slavers","floor":26.0,"turns":3.0},{"damage":0.0,"enemies":"Book of Stabbing","floor":29.0,"turns":1.0},{"damage":13.0,"enemies":"Centurion and Healer","floor":30.0,"turns":2.0},{"damage":0.0,"enemies":"Shelled Parasite and Fungi","floor":31.0,"turns":1.0},{"damage":0.0,"enemies":"Snake Plant","floor":32.0,"turns":1.0},{"damage":0,"enemies":"Snecko","floor":33,"turns":2},{"damage":11,"enemies":"Champ","floor":35,"turns":2},{"damage":0,"enemies":"Orb Walker","floor":37,"turns":1},{"damage":3,"enemies":"3 Shapes","floor":39,"turns":2},{"damage":0,"enemies":"Jaw Worm Horde","floor":40,"turns":2},{"damage":0,"enemies":"R_Hoarder","floor":42,"turns":1},{"damage":0,"enemies":"Writhing Mass","floor":43,"turns":2},{"damage":0,"enemies":"Transient","floor":46,"turns":6},{"damage":0,"enemies":"Spire Growth","floor":49,"turns":3},{"damage":18,"enemies":"Sphere and 2 Shapes","floor":50,"turns":1},{"damage":0,"enemies":"Time Eater","floor":52,"turns":1},{"damage":0,"enemies":"Replay:Hell Engine","floor":53,"turns":2},{"damage":0,"enemies":"Shield and Spear","floor":57,"turns":1},{"damage":0,"enemies":"The Heart","floor":58,"turns":4}],"seed_played":"-1681100118866163259","potions_obtained":[{"floor":1.0,"key":"Block Potion"},{"floor":2.0,"key":"Energy Potion"},{"floor":2.0,"key":"Cursed Concoction"},{"floor":7.0,"key":"Energy Potion"},{"floor":8.0,"key":"Strength Potion"},{"floor":21.0,"key":"ColorlessPotion"},{"floor":24.0,"key":"Venom Potion"},{"floor":30.0,"key":"Energy Potion"},{"floor":33,"key":"LifebloodPotion"},{"floor":35,"key":"Milkshake"},{"floor":46,"key":"Flashbang"}],"is_trial":false,"path_per_floor":["M","?","M","M","M","R","M","E","T","M","R","E","M","?","PTL","PTL","R","B",null,"M","M","?","$","M","R","E","R","T","E","M","M","M","M","R","B",null,"M","$","M","M","$","E","M","R","T","M","$","R","M","M","R","B","B",null,"R","$","E","B",null],"character_chosen":"WATCHER","items_purchased":["Omniscience","Strange Spoon","ReplayTheSpireMod:TigerMarble","Adaptation+1","Medical Kit","Adaptation+1","ForeignInfluence+1","Pet Ghost","InkBottle"],"campfire_rested":0,"item_purchase_floors":[23,23,23,38,38,41,41,47,56],"current_hp_per_floor":[43,43,39,39,39,39,39,39,39,39,39,39,39,20,20,20,20,20,56,56,48,48,48,48,48,48,48,48,48,35,35,35,35,35,24,57,57,57,54,54,54,54,54,54,54,54,54,54,54,36,36,36,36,60,60,60,60,60],"gold":92,"neow_bonus":"ONE_RARE_RELIC","is_daily":false,"chose_seed":false,"campfire_upgraded":4,"win_rate":0.0,"timestamp":1608613774,"path_taken":["M","?","M","M","M","R","M","E","T","M","R","E","M","?","PTL","PTL","R","BOSS","M","M","?","$","?","R","E","R","T","E","M","M","M","M","R","BOSS","M","$","M","M","$","E","M","R","T","M","$","R","M","M","R","BOSS","BOSS","R","$","E","BOSS"],"items_purchased_type":["Card","Relic","Relic","Card","Relic","Card","Card","Relic","Relic"],"build_version":"2020-12-13","purchased_purges":3,"victory":true,"max_hp_per_floor":[68,68,68,68,68,68,68,68,68,68,68,68,68,68,68,68,68,68,68,68,68,68,68,68,68,68,68,68,68,68,68,68,68,68,68,68,68,68,68,68,68,68,68,68,68,68,68,68,68,68,68,68,68,68,68,68,68,68],"card_choices":[{"not_picked":["DeceiveReality","WaveOfTheHand","Halt"],"picked":"SKIP","floor":1.0},{"not_picked":["CrushJoints","Nirvana"],"picked":"Scrawl","floor":3.0},{"not_picked":["Protect","Study","DeceiveReality"],"picked":"SKIP","floor":4.0},{"not_picked":["Protect","Halt"],"picked":"Replay:ManipulateFuture","floor":5.0},{"not_picked":["Conclude","Sanctity"],"picked":"CrushJoints","floor":7.0},{"not_picked":["SashWhip","Worship"],"picked":"Replay:BluntJabs","floor":8.0},{"not_picked":["SashWhip","CutThroughFate","Evaluate"],"picked":"SKIP","floor":10.0},{"not_picked":["WindmillStrike","Meditate"],"picked":"AT_RealColorLess+1","floor":12.0},{"not_picked":["EmptyMind","Crescendo","Protect"],"picked":"SKIP","floor":13.0},{"not_picked":["Judgement","Ragnarok"],"picked":"Wish","floor":18.0},{"not_picked":["Evaluate","CarveReality"],"picked":"Wallop","floor":20.0},{"not_picked":["FollowUp+1","ReachHeaven","JustLucky+1"],"picked":"SKIP","floor":21.0},{"not_picked":["Conclude","DeceiveReality","CutThroughFate"],"picked":"SKIP","floor":24.0},{"not_picked":["SignatureMove+1","Judgement","Consecrate"],"picked":"SKIP","floor":26.0},{"not_picked":["WheelKick","CutThroughFate","ThirdEye"],"picked":"SKIP","floor":29.0},{"not_picked":["JustLucky","Prostrate","FlurryOfBlows"],"picked":"SKIP","floor":30.0},{"not_picked":["EmptyBody","AT_RealFormLess"],"picked":"DeusExMachina","floor":31.0},{"not_picked":["ClearTheMind","Crescendo","FlyingSleeves+1"],"picked":"SKIP","floor":32.0},{"not_picked":["EmptyFist","AT_DivineConfetti"],"picked":"Replay:Battleflow","floor":33},{"not_picked":["Replay:AllIn","Brilliance"],"picked":"ConjureBlade","floor":35},{"not_picked":["Protect","EmptyFist","Replay:BluntJabs+1"],"picked":"SKIP","floor":37},{"not_picked":["WreathOfFlame","Halt"],"picked":"AT_ChampionStep+1","floor":39},{"not_picked":["FlurryOfBlows+1","Weave","CutThroughFate"],"picked":"SKIP","floor":40},{"not_picked":["FearNoEvil+1","ClearTheMind+1"],"picked":"TalkToTheHand","floor":42},{"not_picked":["EmptyFist","Halt","Alpha"],"picked":"SKIP","floor":43},{"not_picked":["EmptyBody","InnerPeace"],"picked":"Study+1","floor":46},{"not_picked":["Prostrate","BowlingBash+1","Evaluate+1"],"picked":"SKIP","floor":49},{"not_picked":["Prostrate","BowlingBash+1"],"picked":"Evaluate+1","floor":49},{"not_picked":["Replay:AtTheReady","FlyingSleeves","FollowUp"],"picked":"SKIP","floor":50},{"not_picked":["FlyingSleeves+1","Weave","Swivel"],"picked":"SKIP","floor":57}],"player_experience":517213,"relics_obtained":[{"floor":2.0,"key":"Blue Doll"},{"floor":8.0,"key":"TungstenRod"},{"floor":9.0,"key":"Frozen Egg 2"},{"floor":12.0,"key":"Peace Pipe"},{"floor":26.0,"key":"Yang"},{"floor":28.0,"key":"Mummified Hand"},{"floor":29.0,"key":"Shuriken"},{"floor":42,"key":"Gremlin Horn"},{"floor":57,"key":"Bottled Tornado"}],"event_choices":[{"damage_healed":0.0,"max_hp_gain":0.0,"max_hp_loss":0.0,"gold_gain":0.0,"event_name":"Shining Light","player_choice":"Entered Light","floor":14.0,"gold_loss":0.0,"damage_taken":20.0,"cards_upgraded":["Scrawl","AT_KingSlayer"]},{"damage_healed":0.0,"max_hp_gain":0.0,"max_hp_loss":0.0,"gold_gain":0.0,"event_name":"Upgrade Shrine","player_choice":"Upgraded","floor":22.0,"gold_loss":0.0,"damage_taken":0.0,"cards_upgraded":["Wish"]}],"is_beta":false,"boss_relics":[{"not_picked":["Fusion Hammer","Painkiller Herb"],"picked":"Cursed Key"},{"not_picked":["Snecko Eye","Runic Pyramid"],"picked":"AT_TrinityForce"}],"items_purged_floors":[23,38,47],"is_endless":false,"potions_floor_spawned":[1,7,8,12,13,21,24,30,33,35,39,42,46,57],"ascension_level":20}}