{"host":"lmshf3swj20gmdor","time":1608653622,"event":{"mods":["Aspiration","Astrologer","BaseMod","Conspire","Downfall","Hubris","Mad Scientist","Marisa????????","Minty Spire (QoL Compilation)","Replay The Spire","Spikes Relics","StSLib","Synergy Search","The Construct"],"gold_per_floor":[119,119,119,119,43,73,73,83,83,113,68,68,68],"floor_reached":12,"playtime":263,"items_purged":[],"score":138,"play_id":"b7f1948b-f366-4384-8627-0de34ec316bf","local_time":"20201222161342","is_ascension_mode":true,"campfire_choices":[{"floor":7,"key":"REST"}],"circlet_count":0,"master_deck":["conspire:GhostlyStrike","conspire:GhostlyStrike","conspire:GhostlyDefend","conspire:GhostlyDefend","conspire:GhostlyDefend","conspire:GhostlyDefend","Zap","Dualcast","hubris:DoWhile","Coolheaded","Loop","ReplayGash","Gash"],"relics":["Cracked Core","Blood Vial","LugNut","aspiration:FaultyCoupler"],"acts_visited":["Exordium"],"potions_floor_usage":[10],"damage_taken":[{"damage":6,"enemies":"Cultist","floor":1,"turns":4},{"damage":43,"enemies":"Lagavulin","floor":6,"turns":8},{"damage":17,"enemies":"Jaw Worm","floor":8,"turns":4},{"damage":22,"enemies":"Gremlin Nob","floor":10,"turns":3},{"damage":13,"enemies":"Lagavulin","floor":12,"turns":2}],"seed_played":"3379690409297473544","potions_obtained":[{"floor":6,"key":"SneckoOil"}],"is_trial":false,"path_per_floor":["M","?","?","?","$","E","R","M","T","E","$","E"],"character_chosen":"DEFECT","items_purchased":["Loop","Gash"],"campfire_rested":1,"item_purchase_floors":[5,11],"current_hp_per_floor":[62,67,67,60,60,17,41,26,26,6,6,0,0],"gold":68,"neow_bonus":"TRANSFORM_CARD","is_daily":false,"chose_seed":false,"campfire_upgraded":0,"win_rate":0.0,"timestamp":1608653622,"path_taken":["M","?","?","?","?","E","R","M","T","E","$","E"],"items_purchased_type":["Card","Card"],"build_version":"2020-12-13","purchased_purges":0,"victory":false,"max_hp_per_floor":[75,80,80,80,80,80,80,80,80,80,80,80,80],"card_choices":[{"not_picked":["Rebound","ReplayTheSpireMod:Reroute Power"],"picked":"Coolheaded","floor":1},{"not_picked":["hubris:SpecializedCircuitry","Cold Snap","Sweeping Beam"],"picked":"SKIP","floor":6},{"not_picked":["Stack","Consume"],"picked":"ReplayGash","floor":8},{"not_picked":["Beam Cell","Go for the Eyes","hubris:SpecializedCircuitry"],"picked":"SKIP","floor":10}],"player_experience":858136,"relics_obtained":[{"floor":6,"key":"Blood Vial"},{"floor":9,"key":"LugNut"},{"floor":10,"key":"aspiration:FaultyCoupler"}],"event_choices":[{"damage_healed":0,"gold_gain":0,"player_choice":"Donut","damage_taken":0,"max_hp_gain":5,"max_hp_loss":0,"event_name":"Big Fish","floor":2,"gold_loss":0},{"damage_healed":0,"gold_gain":0,"player_choice":"Agree","damage_taken":0,"max_hp_gain":0,"max_hp_loss":0,"event_name":"conspire:LoneGhost","floor":3,"gold_loss":0},{"cards_removed":["conspire:GhostlyStrike"],"damage_healed":0,"gold_gain":0,"player_choice":"Card Removal","damage_taken":7,"max_hp_gain":0,"max_hp_loss":0,"event_name":"Golden Wing","floor":4,"gold_loss":0}],"is_beta":false,"boss_relics":[],"items_purged_floors":[],"is_endless":false,"potions_floor_spawned":[6],"killed_by":"Lagavulin","ascension_level":7}}