{"host":"4b06nrmhsmzqjm1r","time":1608669038,"event":{"mods":["2.2 Compatiblity","AchievementEnabler","BaseMod","BetterRewards","Colored Map","Colored Powertips","Downfall","Hermit","Highlight Path","Marisa????????","Minty Spire (QoL Compilation)","StSLib","The Animator","The Cursed","The Hierophant","The Servant 0.9.4"],"gold_per_floor":[99,109,109,109,23,37,37,137,46,75,85,103,203,203,203,203],"floor_reached":14,"playtime":2776,"items_purged":[],"score":88,"play_id":"fd12e82b-0ae0-48ec-9501-15c4df00c355","local_time":"20201222213038","is_ascension_mode":false,"campfire_choices":[{"data":"Slimebound:Split","floor":1,"key":"SMITH"}],"circlet_count":0,"master_deck":["Slimebound:Strike_Slimebound","Slimebound:Tackle","Slimebound:Defend_Slimebound","Slimebound:Defend_Slimebound","Slimebound:Defend_Slimebound","Slimebound:Split+1","Slimebound:CorrosiveSpit","Slimebound:SplitMire","Slimebound:Nibble","Slimebound:PressTheAttack","Slimebound:ProtectTheBoss","Slimebound:SplitAcid+1","Slimebound:RollThrough","Slimebound:Schlurp","Slimebound:GrowthPunch","Slimebound:Overexert","Slimebound:FinishingTackle","Slimebound:LivingWall","Slimebound:LeechEnergy","Slimebound:RollThrough"],"relics":["Slimebound:AbsorbEndCombat","Eternal Feather","Ancient Tea Set","Bottled Tornado","downfall:CloakOfManyFaces","CultistMask","FaceOfCleric","NlothsMask","GremlinMask","SsserpentHead"],"acts_visited":["Exordium"],"potions_floor_usage":[2,5,8,12,13],"damage_taken":[{"damage":9,"enemies":"Cultist","floor":2,"turns":3},{"damage":17,"enemies":"downfall:FleeingMerchant","floor":5,"turns":4},{"damage":19,"enemies":"Small Slimes","floor":6,"turns":2},{"damage":40,"enemies":"downfall:Heads","floor":8,"turns":5},{"damage":21,"enemies":"downfall:FleeingMerchant","floor":9,"turns":4},{"damage":32,"enemies":"Lagavulin","floor":10,"turns":5},{"damage":10,"enemies":"Jaw Worm","floor":11,"turns":3},{"damage":22,"enemies":"Exordium Thugs","floor":12,"turns":3},{"damage":29,"enemies":"downfall:FaceTrader","floor":13,"turns":7},{"damage":17,"enemies":"3 Sentries","floor":14,"turns":2}],"seed_played":"-1137760730159569646","potions_obtained":[{"floor":2,"key":"EntropicBrew"},{"floor":10,"key":"Energy Potion"},{"floor":11,"key":"Weak Potion"}],"is_trial":false,"path_per_floor":["R","M","?","?","$","M","T","?","$","E","M","M","?","E"],"character_chosen":"SLIMEBOUND","items_purchased":["Slimebound:ProtectTheBoss","Slimebound:Overexert"],"campfire_rested":0,"item_purchase_floors":[5,9],"current_hp_per_floor":[66,66,59,59,62,59,59,37,40,32,26,22,17,0,0,0],"gold":203,"neow_bonus":"TEN_PERCENT_HP_BONUS","is_daily":false,"chose_seed":false,"campfire_upgraded":1,"win_rate":0.0,"timestamp":1608669038,"path_taken":["R","M","?","?","$","?","T","?","?","E","?","M","?","E"],"items_purchased_type":["Card","Card"],"build_version":"2020-12-13","purchased_purges":0,"victory":false,"max_hp_per_floor":[66,66,66,66,66,66,66,66,66,66,66,66,66,66,66,66],"card_choices":[{"not_picked":["Slimebound:SplitBruiser","Slimebound:PressTheAttack"],"picked":"Slimebound:SplitMire","floor":2},{"not_picked":["Slimebound:AcidTongue","Slimebound:Teamwork"],"picked":"Slimebound:PressTheAttack","floor":5},{"not_picked":["Slimebound:RollThrough","Slimebound:ForwardTackle"],"picked":"Slimebound:SplitAcid","floor":6},{"not_picked":["Slimebound:SamplingLick","Slimebound:Equalize"],"picked":"Slimebound:RollThrough","floor":8},{"not_picked":["Slimebound:SplitMire","Slimebound:PressTheAttack"],"picked":"Slimebound:GrowthPunch","floor":9},{"not_picked":["Slimebound:ComboTackle","Slimebound:GoopSpray"],"picked":"Slimebound:FinishingTackle","floor":10},{"not_picked":["Slimebound:ComboTackle","Slimebound:GrowthPunch"],"picked":"Slimebound:LivingWall","floor":11},{"not_picked":["Slimebound:GoopSpray","Slimebound:HauntingLick"],"picked":"Slimebound:LeechEnergy","floor":12},{"not_picked":["Slimebound:ForwardTackle","Slimebound:Teamwork"],"picked":"Slimebound:RollThrough","floor":13}],"player_experience":219368,"relics_obtained":[{"floor":7,"key":"Ancient Tea Set"},{"floor":10,"key":"Bottled Tornado"},{"floor":13,"key":"downfall:CloakOfManyFaces"}],"event_choices":[{"damage_healed":0,"gold_gain":0,"player_choice":"Success","damage_taken":7,"relics_obtained":["Eternal Feather"],"max_hp_gain":0,"max_hp_loss":0,"event_name":"Scrap Ooze","floor":3,"gold_loss":0},{"damage_healed":0,"gold_gain":0,"cards_transformed":["Slimebound:Defend_Slimebound"],"player_choice":"Transformed","damage_taken":0,"max_hp_gain":0,"max_hp_loss":0,"event_name":"Transmorgrifier","floor":4,"gold_loss":0,"cards_obtained":["Slimebound:Nibble"]}],"is_beta":false,"boss_relics":[],"items_purged_floors":[],"is_endless":false,"potions_floor_spawned":[2,10,11],"killed_by":"3 Sentries","ascension_level":0}}