{"host":"urcd10ipogtopotm","time":1608640113,"event":{"mods":["2.2 Compatiblity","AchievementEnabler","Act Like it!","Bard","BaseMod","Beaked The Cultist","Better Third Choice","Block Reminder","Colored Map","Colored Powertips","Downfall","Hallownest","Hermit","Highlight Path","Infinite Spire","Minty Spire (QoL Compilation)","Permanent Neow","Quick Restart","Random Character Button","Relic Stats","Replay The Spire","Shade Mod","Shop Mod","StSLib","The Blackbeard","The Bug Knight","The Construct","The Cursed","The Disciple","The Forsaken","The Hierophant","The Necromancer","The Runesmith","The Senshi","The Servant 0.9.4"],"gold_per_floor":[112,112,128,128,53,78,90,142,154,166,178,204,0,22,34,46,46],"floor_reached":16,"playtime":1343,"items_purged":[],"score":123,"play_id":"0e70bbf5-273a-41dc-9f9d-6aac7c124f70","local_time":"20201222072833","is_ascension_mode":false,"campfire_choices":[{"data":"Weave","floor":7,"key":"SMITH"},{"data":"Eruption","floor":10,"key":"SMITH"},{"data":"Nirvana","floor":15,"key":"SMITH"}],"circlet_count":1,"master_deck":["Strike_P","Strike_P","Strike_P","Strike_P","Defend_P","Defend_P","Defend_P","Defend_P","Eruption+1","Vigilance","Nirvana+1","Weave+1","Establishment","CutThroughFate"],"relics":["PureWater","Juzu Bracelet","Hallownest:DreamNailRelic","Circlet","Hallownest:BankAccountRelic","MawBank","Strawberry"],"acts_visited":["Hallownest:Greenpath"],"potions_floor_usage":[16,16],"damage_taken":[{"damage":4,"enemies":"2_ Uuma","floor":1,"turns":7},{"damage":2,"enemies":"Hallownest:2_MossCreeps","floor":3,"turns":4},{"damage":16,"enemies":"Hallownest:eliteMossKnight","floor":6,"turns":9},{"damage":0,"enemies":"Hallownest:monsterHuskWarrior","floor":12,"turns":2},{"damage":21,"enemies":"Hallownest:1_Ooma_and_2_Uuma","floor":14,"turns":9},{"damage":62,"enemies":"Hallownest:BossBrokenVessel","floor":16,"turns":11}],"seed_played":"-6376905759254715100","potions_obtained":[{"floor":3,"key":"Elixir"},{"floor":6,"key":"FearPotion"},{"floor":12,"key":"BlessingOfTheForge"}],"is_trial":false,"path_per_floor":["M","?","M","?","?","E","R","$","T","R","?","M","?","M","R","B"],"character_chosen":"WATCHER","items_purchased":[],"campfire_rested":0,"item_purchase_floors":[],"current_hp_per_floor":[68,68,66,66,66,50,50,50,50,50,59,59,66,45,45,0,0],"gold":46,"neow_bonus":"RANDOM_COMMON_RELIC","is_daily":false,"chose_seed":false,"campfire_upgraded":3,"win_rate":0.0,"timestamp":1608640113,"path_taken":["M","?","M","?","?","E","R","$","T","R","?","M","?","M","R","BOSS"],"items_purchased_type":[],"build_version":"2020-12-13","purchased_purges":0,"victory":false,"max_hp_per_floor":[72,72,72,72,72,72,72,72,72,72,81,81,88,88,88,88,88],"relic_stats":{"counters":[6,42],"Juzu Bracelet":1,"MawBank":120,"obtain_stats":[{"Hallownest:BankAccountRelic":5,"Strawberry":13,"Circlet":4,"Juzu Bracelet":0,"Hallownest:DreamNailRelic":2,"PureWater":0,"MawBank":6},{"Hallownest:BankAccountRelic":2,"Strawberry":4,"Circlet":2,"Juzu Bracelet":0,"Hallownest:DreamNailRelic":1,"PureWater":0,"MawBank":3},{"Hallownest:BankAccountRelic":11,"Strawberry":22,"Circlet":11,"Juzu Bracelet":0,"Hallownest:DreamNailRelic":7,"PureWater":0,"MawBank":20}]},"card_choices":[{"not_picked":["FlurryOfBlows","Replay:BluntJabs"],"picked":"Nirvana","floor":1},{"not_picked":["Consecrate","CrushJoints"],"picked":"Weave","floor":3},{"not_picked":["Worship","Crescendo"],"picked":"Establishment","floor":6},{"not_picked":["Swivel","PathToVictory"],"picked":"CutThroughFate","floor":12},{"not_picked":["WreathOfFlame","ClearTheMind","Replay:AtTheReady"],"picked":"SKIP","floor":14}],"player_experience":90507,"relics_obtained":[{"floor":6,"key":"MawBank"}],"event_choices":[],"is_beta":false,"boss_relics":[],"items_purged_floors":[],"is_endless":false,"potions_floor_spawned":[3,6,12],"killed_by":"Hallownest:BossBrokenVessel","ascension_level":0}}