{"host":"vc42n08di9czm3e7","time":1608598414,"event":{"mods":["AchievementEnabler","BaseMod","Colored Powertips","Duelist Mod","Friendly Minions","GifTheSpireLib","Jorbs\u0027s Wanderer Trilogy","Minty Spire (QoL Compilation)","Prisma Mod","Rare Cards Sparkle","StSLib","The Animator","The Bug Knight","The Wild Card"],"gold_per_floor":[17,17,37,53,66,66,99,99,122,145,123,123,123,21,21,146,146,162,176,176,190,1,1,14,34,34,52,66,91,91],"floor_reached":29,"playtime":1322,"items_purged":["Defend_G"],"score":231,"play_id":"27be0371-1175-4a90-bb44-ac657ff9d053","local_time":"20201221195334","is_ascension_mode":false,"campfire_choices":[{"data":"Caltrops","floor":6,"key":"SMITH"},{"data":"Backflip","floor":13,"key":"SMITH"},{"data":"Acrobatics","floor":15,"key":"SMITH"},{"floor":23,"key":"REST"}],"circlet_count":0,"master_deck":["Survivor","Neutralize","Sadistic Nature","Dash","Caltrops+1","Backflip+1","Flying Knee","PiercingWail","Acrobatics+1","Bane","Wraith Form v2","Slice","Reflex","Deflect","Slice","All Out Attack","Venomology","Outmaneuver","All Out Attack","Caltrops","Quick Slash+1","Strike_B","Night Terror","Grand Finale","Leg Sweep","Dagger Throw","Flying Knee+1","Calculated Gamble+1","Deflect","Riddle With Holes"],"relics":["Ring of the Snake","Vajra","Oddly Smooth Stone","Golden Idol","Pandora\u0027s Box","Pantograph"],"acts_visited":["Exordium","TheCity"],"potions_floor_usage":[16,16,19,21,27,27,28,28,29],"damage_taken":[{"damage":0,"enemies":"Cultist","floor":1,"turns":3},{"damage":0,"enemies":"Small Slimes","floor":3,"turns":2},{"damage":0,"enemies":"2 Louse","floor":4,"turns":2},{"damage":3,"enemies":"Large Slime","floor":5,"turns":7},{"damage":10,"enemies":"Gremlin Nob","floor":7,"turns":4},{"damage":0,"enemies":"Red Slaver","floor":10,"turns":3},{"damage":10,"enemies":"Hexaghost","floor":16,"turns":7},{"damage":16,"enemies":"Shell Parasite","floor":18,"turns":7},{"damage":6,"enemies":"Chosen","floor":19,"turns":5},{"damage":21,"enemies":"3 Cultists","floor":21,"turns":5},{"damage":32,"enemies":"Cultist and Chosen","floor":24,"turns":6},{"damage":6,"enemies":"Snake Plant","floor":25,"turns":4},{"damage":11,"enemies":"Chosen and Byrds","floor":27,"turns":4},{"damage":3,"enemies":"3 Cultists","floor":28,"turns":5},{"damage":15,"enemies":"Snecko","floor":29,"turns":7}],"seed_played":"17505944099805812","potions_obtained":[{"floor":5,"key":"LiquidBronze"},{"floor":7,"key":"CunningPotion"},{"floor":10,"key":"Fruit Juice"},{"floor":16,"key":"FearPotion"},{"floor":27,"key":"GhostInAJar"},{"floor":29,"key":"LiquidMemories"}],"is_trial":false,"path_per_floor":["M","?","M","M","M","R","E","?","T","M","?","?","R","$","R","B",null,"M","M","?","M","$","R","M","M","T","M","M","M"],"character_chosen":"THE_SILENT","items_purchased":["Bane","Grand Finale","Leg Sweep"],"campfire_rested":1,"item_purchase_floors":[14,22,22],"current_hp_per_floor":[70,63,63,63,60,60,50,50,50,50,50,50,50,50,50,40,65,49,48,48,27,27,48,16,10,10,21,18,3,3],"gold":91,"neow_bonus":"RANDOM_COLORLESS_2","is_daily":false,"chose_seed":false,"campfire_upgraded":3,"win_rate":0.0,"timestamp":1608598414,"path_taken":["M","?","M","M","M","R","E","?","T","M","?","?","R","$","R","BOSS","M","M","?","M","$","R","M","M","T","M","M","M"],"items_purchased_type":["Card","Card","Card"],"build_version":"2020-12-13","purchased_purges":1,"victory":false,"max_hp_per_floor":[70,70,70,70,70,70,70,65,65,65,65,65,65,65,65,65,65,65,70,70,70,70,70,70,70,70,70,70,70,70],"card_choices":[{"not_picked":["Secret Weapon","Chrysalis"],"picked":"Sadistic Nature","floor":0},{"not_picked":["Riddle With Holes","Flechettes"],"picked":"Dash","floor":1},{"not_picked":["Dagger Spray","Outmaneuver"],"picked":"Caltrops","floor":3},{"not_picked":["Acrobatics","Dagger Spray"],"picked":"Backflip","floor":4},{"not_picked":["Riddle With Holes","Dash"],"picked":"Flying Knee","floor":5},{"not_picked":["Flechettes","Prepared"],"picked":"PiercingWail","floor":7},{"not_picked":["Underhanded Strike","Escape Plan"],"picked":"Acrobatics","floor":10},{"not_picked":["Burst","Doppelganger"],"picked":"Wraith Form v2","floor":16},{"not_picked":["Dagger Throw","Poisoned Stab"],"picked":"Caltrops","floor":18},{"not_picked":["Cloak And Dagger","Blade Dance+1"],"picked":"Quick Slash+1","floor":19},{"not_picked":["Poisoned Stab","Underhanded Strike"],"picked":"Night Terror","floor":21},{"not_picked":["PiercingWail","Flechettes"],"picked":"Dagger Throw","floor":24},{"not_picked":["Slice+1","Quick Slash"],"picked":"Flying Knee+1","floor":25},{"not_picked":["Cloak And Dagger","PiercingWail"],"picked":"Calculated Gamble+1","floor":27},{"not_picked":["Deadly Poison","Acrobatics"],"picked":"Deflect","floor":28},{"not_picked":["Escape Plan","Well Laid Plans"],"picked":"Riddle With Holes","floor":29}],"player_experience":140145,"relics_obtained":[{"floor":7,"key":"Oddly Smooth Stone"},{"floor":26,"key":"Pantograph"}],"event_choices":[{"damage_healed":0,"gold_gain":0,"player_choice":"Success","damage_taken":7,"relics_obtained":["Vajra"],"max_hp_gain":0,"max_hp_loss":0,"event_name":"Scrap Ooze","floor":2,"gold_loss":0},{"damage_healed":0,"gold_gain":0,"player_choice":"Lose Max HP","damage_taken":0,"relics_obtained":["Golden Idol"],"max_hp_gain":0,"max_hp_loss":5,"event_name":"Golden Idol","floor":8,"gold_loss":0},{"damage_healed":0,"gold_gain":0,"player_choice":"Left Gold","damage_taken":0,"max_hp_gain":0,"max_hp_loss":0,"event_name":"World of Goop","floor":11,"gold_loss":22},{"damage_healed":0,"gold_gain":0,"player_choice":"Bought 0 Potions","damage_taken":0,"max_hp_gain":0,"max_hp_loss":0,"event_name":"The Woman in Blue","floor":12,"gold_loss":0},{"cards_removed":["Catalyst"],"damage_healed":0,"gold_gain":0,"player_choice":"Took Card","damage_taken":0,"max_hp_gain":0,"max_hp_loss":0,"event_name":"NoteForYourself","floor":20,"gold_loss":0,"cards_obtained":["Strike_B"]}],"is_beta":false,"boss_relics":[{"not_picked":["Ectoplasm","Black Star"],"picked":"Pandora\u0027s Box"}],"items_purged_floors":[14],"is_endless":false,"potions_floor_spawned":[5,7,10,16,25,27,29],"killed_by":"Snecko","ascension_level":0}}