{"host":"m6aaltr68g9tvoay","time":1608615401,"event":{"mods":["AchievementEnabler","BaseMod","Colored Map","Minty Spire (QoL Compilation)","StSLib"],"gold_per_floor":[114,133,133,82,99,99,129,129,129,42,55,70,70,70,70,143,143,155,169,9,9,9,9,9,27,53,53,53,66,84,99,99,99,99],"floor_reached":33,"playtime":1182,"items_purged":[],"score":469,"play_id":"fe8fa5de-33b2-4a90-b227-16cb3364c812","local_time":"20201221213641","is_ascension_mode":true,"campfire_choices":[{"data":"Genetic Algorithm","floor":6,"key":"SMITH"},{"floor":8,"key":"REST"},{"floor":15,"key":"REST"},{"data":"Buffer","floor":23,"key":"SMITH"},{"floor":27,"key":"REST"},{"floor":32,"key":"REST"}],"circlet_count":0,"master_deck":["AscendersBane","Strike_B","Strike_B","Strike_B","Strike_B","Defend_B","Defend_B","Defend_B","Defend_B","Zap","Dualcast","Gash","Genetic Algorithm+1","Streamline","Doom and Gloom","Glacier","Gash","Hologram","All For One","Auto Shields","Buffer+1","Sunder","Go for the Eyes","Capacitor","Tempest","Defragment","Writhe","Leap+1","Barrage","Consume","White Noise"],"relics":["FrozenCore","Dream Catcher","Gremlin Horn","Juzu Bracelet","PreservedInsect","Lee\u0027s Waffle","MutagenicStrength","Potion Belt","Happy Flower"],"acts_visited":["Exordium","TheCity"],"potions_floor_usage":[7,16,16,18,29,33],"damage_taken":[{"damage":3,"enemies":"2 Louse","floor":1,"turns":3},{"damage":6,"enemies":"Jaw Worm","floor":2,"turns":4},{"damage":10,"enemies":"Small Slimes","floor":5,"turns":3},{"damage":37,"enemies":"3 Sentries","floor":7,"turns":10},{"damage":6,"enemies":"Looter","floor":11,"turns":3},{"damage":0,"enemies":"2 Fungi Beasts","floor":12,"turns":2},{"damage":36,"enemies":"Slime Boss","floor":16,"turns":9},{"damage":9,"enemies":"2 Thieves","floor":18,"turns":4},{"damage":50,"enemies":"3 Byrds","floor":19,"turns":10},{"damage":16,"enemies":"Snecko","floor":25,"turns":5},{"damage":11,"enemies":"3 Cultists","floor":29,"turns":6},{"damage":25,"enemies":"Snake Plant","floor":30,"turns":9},{"damage":34,"enemies":"Chosen and Byrds","floor":31,"turns":8},{"damage":63,"enemies":"Champ","floor":33,"turns":14}],"seed_played":"2624798319508661250","potions_obtained":[{"floor":5,"key":"SpeedPotion"},{"floor":7,"key":"Regen Potion"},{"floor":11,"key":"SkillPotion"},{"floor":16,"key":"AttackPotion"},{"floor":25,"key":"Block Potion"},{"floor":29,"key":"SpeedPotion"}],"is_trial":false,"path_per_floor":["M","M","?","?","M","R","E","R","T","$","M","M","?","T","R","B",null,"M","M","$","?","$","R","?","M","T","R","?","M","M","M","R","B"],"character_chosen":"DEFECT","items_purchased":["Gash","Hologram","Lee\u0027s Waffle"],"campfire_rested":4,"item_purchase_floors":[10,10,20],"current_hp_per_floor":[61,55,60,60,50,50,13,35,35,35,29,29,29,29,51,30,65,56,6,83,83,83,83,83,67,67,83,83,72,47,13,37,0,0],"gold":99,"neow_bonus":"RANDOM_COMMON_RELIC","is_daily":false,"chose_seed":false,"campfire_upgraded":2,"win_rate":0.0,"timestamp":1608615401,"path_taken":["M","M","?","?","M","R","E","R","T","$","M","M","?","?","R","BOSS","M","M","$","?","$","R","?","M","T","R","?","M","M","M","R","BOSS"],"items_purchased_type":["Card","Card","Relic"],"build_version":"2020-12-13","purchased_purges":0,"victory":false,"max_hp_per_floor":[71,71,76,76,76,76,76,76,76,76,76,76,76,76,76,76,76,76,76,83,83,83,83,83,83,83,83,83,83,83,83,83,83,83],"card_choices":[{"not_picked":["Barrage","Steam Power"],"picked":"Gash","floor":1},{"not_picked":["Streamline","Go for the Eyes"],"picked":"Genetic Algorithm","floor":2},{"not_picked":["FTL","Beam Cell"],"picked":"Streamline","floor":5},{"not_picked":["Aggregate","Heatsinks"],"picked":"Doom and Gloom","floor":7},{"not_picked":["Coolheaded","FTL"],"picked":"Glacier","floor":8},{"not_picked":["Compile Driver","Go for the Eyes"],"picked":"All For One","floor":11},{"not_picked":["Beam Cell","Steam"],"picked":"Auto Shields","floor":12},{"not_picked":["Multi-Cast","Amplify"],"picked":"Buffer","floor":16},{"not_picked":["Hello World","Consume"],"picked":"Sunder","floor":18},{"not_picked":["Beam Cell","Leap"],"picked":"Go for the Eyes","floor":19},{"not_picked":["Conserve Battery","Sweeping Beam"],"picked":"Tempest","floor":25},{"not_picked":["Cold Snap","Hologram+1"],"picked":"Defragment","floor":27},{"not_picked":["Conserve Battery","Go for the Eyes+1"],"picked":"Leap+1","floor":29},{"not_picked":["Heatsinks","Ball Lightning"],"picked":"Barrage","floor":30},{"not_picked":["Compile Driver","Tempest"],"picked":"Consume","floor":31},{"not_picked":["Cold Snap","Beam Cell"],"picked":"White Noise","floor":32}],"player_experience":1284003,"relics_obtained":[{"floor":7,"key":"Gremlin Horn"},{"floor":9,"key":"Juzu Bracelet"},{"floor":14,"key":"PreservedInsect"},{"floor":26,"key":"Potion Belt"}],"event_choices":[{"damage_healed":0,"gold_gain":0,"player_choice":"Donut","damage_taken":0,"max_hp_gain":5,"max_hp_loss":0,"event_name":"Big Fish","floor":3,"gold_loss":0},{"damage_healed":0,"gold_gain":0,"player_choice":"Left Gold","damage_taken":0,"max_hp_gain":0,"max_hp_loss":0,"event_name":"World of Goop","floor":4,"gold_loss":51},{"damage_healed":0,"gold_gain":0,"player_choice":"Ignored","damage_taken":0,"max_hp_gain":0,"max_hp_loss":0,"event_name":"Shining Light","floor":13,"gold_loss":0},{"damage_healed":0,"gold_gain":0,"player_choice":"Inject Mutagens","damage_taken":0,"relics_obtained":["MutagenicStrength"],"max_hp_gain":0,"max_hp_loss":0,"event_name":"Drug Dealer","floor":21,"gold_loss":0},{"damage_healed":0,"gold_gain":0,"player_choice":"Read","damage_taken":0,"max_hp_gain":0,"max_hp_loss":0,"event_name":"The Library","floor":24,"gold_loss":0,"cards_obtained":["Capacitor"]},{"damage_healed":0,"gold_gain":0,"player_choice":"Opened","damage_taken":0,"relics_obtained":["Happy Flower"],"max_hp_gain":0,"max_hp_loss":0,"event_name":"The Mausoleum","floor":28,"gold_loss":0,"cards_obtained":["Writhe"]}],"is_beta":false,"boss_relics":[{"not_picked":["Tiny House","Cursed Key"],"picked":"FrozenCore"}],"items_purged_floors":[],"is_endless":false,"potions_floor_spawned":[5,7,11,12,16,25,29],"killed_by":"Champ","ascension_level":18}}