{"host":"69rply1jf2d1wbmp","time":1608663256,"event":{"mods":["BaseMod","Minty Spire (QoL Compilation)","Quick Restart"],"gold_per_floor":[119,119,119,129,141,171,188,205,205,205,205],"floor_reached":10,"playtime":269,"items_purged":[],"score":70,"play_id":"3c7e1f8f-099b-43c1-b96b-129a9d457b6d","local_time":"20201222135416","is_ascension_mode":false,"campfire_choices":[],"circlet_count":0,"master_deck":["Strike_R","Strike_R","Strike_R","Strike_R","Strike_R","Defend_R","Defend_R+1","Defend_R","Defend_R","Bash+1","Normality","The Bomb","Pommel Strike+1","Barricade","Pommel Strike","Spot Weakness"],"relics":["Burning Blood","Shuriken"],"acts_visited":["Exordium"],"potions_floor_usage":[10],"damage_taken":[{"damage":5,"enemies":"Small Slimes","floor":1,"turns":3},{"damage":7,"enemies":"2 Louse","floor":4,"turns":3},{"damage":0,"enemies":"Cultist","floor":5,"turns":2},{"damage":18,"enemies":"3 Sentries","floor":6,"turns":4},{"damage":22,"enemies":"Large Slime","floor":7,"turns":4},{"damage":12,"enemies":"Gremlin Gang","floor":8,"turns":3},{"damage":36,"enemies":"Lagavulin","floor":10,"turns":5}],"seed_played":"3843297133398322216","potions_obtained":[{"floor":5,"key":"LiquidBronze"},{"floor":8,"key":"PowerPotion"}],"is_trial":false,"path_per_floor":["M","?","?","M","M","E","M","M","T","E"],"character_chosen":"IRONCLAD","items_purchased":[],"campfire_rested":0,"item_purchase_floors":[],"current_hp_per_floor":[80,64,64,63,69,57,41,35,35,0,0],"gold":205,"neow_bonus":"RANDOM_COLORLESS_2","is_daily":false,"chose_seed":false,"campfire_upgraded":0,"win_rate":0.0,"timestamp":1608663256,"path_taken":["M","?","?","M","?","E","M","M","T","E"],"items_purchased_type":[],"build_version":"2020-12-13","purchased_purges":0,"victory":false,"max_hp_per_floor":[80,80,80,80,80,80,80,80,80,80,80],"card_choices":[{"not_picked":["Panache","Secret Weapon"],"picked":"The Bomb","floor":0},{"not_picked":["Dual Wield","Headbutt"],"picked":"Pommel Strike","floor":1},{"not_picked":["Twin Strike","Clothesline","Iron Wave"],"picked":"SKIP","floor":4},{"not_picked":["Thunderclap","Body Slam","Havoc"],"picked":"SKIP","floor":5},{"not_picked":["Burning Pact","Feel No Pain"],"picked":"Barricade","floor":6},{"not_picked":["Twin Strike","Uppercut"],"picked":"Pommel Strike","floor":7},{"not_picked":["Dark Embrace","Anger"],"picked":"Spot Weakness","floor":8}],"player_experience":382558,"relics_obtained":[{"floor":6,"key":"Shuriken"}],"event_choices":[{"damage_healed":0,"gold_gain":0,"player_choice":"Entered Light","damage_taken":16,"max_hp_gain":0,"max_hp_loss":0,"event_name":"Shining Light","floor":2,"gold_loss":0,"cards_upgraded":["Pommel Strike","Defend_R"]},{"damage_healed":0,"gold_gain":0,"player_choice":"Upgraded","damage_taken":0,"max_hp_gain":0,"max_hp_loss":0,"event_name":"Upgrade Shrine","floor":3,"gold_loss":0,"cards_upgraded":["Bash"]}],"is_beta":false,"boss_relics":[],"items_purged_floors":[],"is_endless":false,"potions_floor_spawned":[5,8],"killed_by":"Lagavulin","ascension_level":0}}