{"host":"we8ay8el3o9pwc2d","time":1608597659,"event":{"mods":["Act Like it!","Aspiration","BaseMod","BetterRewards","Colored Map","Conspire","Elementarium","GungeonMod","Minty Spire (QoL Compilation)","StSLib","The Jungle"],"gold_per_floor":[118,138,138,138,149,178,24,24,75,75,103,103,144,186,186,311,311,359,401,401,401,401],"floor_reached":21,"playtime":1706,"items_purged":[],"score":279,"play_id":"9ce8979e-e2a5-458f-83c0-14d849eb92ba","local_time":"20201221174059","is_ascension_mode":false,"campfire_choices":[{"floor":8,"key":"REST"},{"floor":10,"key":"REST"},{"floor":12,"key":"RECALL"},{"data":"Envenom","floor":15,"key":"SMITH"}],"circlet_count":0,"master_deck":["Strike_G","Strike_G","Strike_G","Strike_G","Strike_G","Defend_G","Defend_G","Defend_G","Defend_G","Defend_G","Survivor","Neutralize","DemoMod:Deposit","Quick Slash","Deadly Poison","Bane","Prepared","Envenom+1","Adrenaline","Cloak And Dagger","Pain"],"relics":["Ring of the Snake","Gremlin Horn","WingedGreaves","conspire:BottledYoYo","Tiny Chest","Odd Mushroom","WristBlade","WarpedTongs"],"acts_visited":["Exordium","TheCity"],"potions_floor_usage":[16,18,21],"damage_taken":[{"damage":0,"enemies":"conspire:RoseBush","floor":1,"turns":4},{"damage":2,"enemies":"Jaw Worm","floor":2,"turns":4},{"damage":0,"enemies":"Cultist","floor":5,"turns":3},{"damage":34,"enemies":"Gremlin Nob","floor":6,"turns":5},{"damage":7,"enemies":"The Mushroom Lair","floor":11,"turns":4},{"damage":6,"enemies":"2 Fungi Beasts","floor":13,"turns":4},{"damage":2,"enemies":"Blue Slaver","floor":14,"turns":4},{"damage":47,"enemies":"The Guardian","floor":16,"turns":11},{"damage":20,"enemies":"Shell Parasite","floor":18,"turns":7},{"damage":41,"enemies":"Spheric Guardian","floor":19,"turns":7},{"damage":15,"enemies":"Snake Plant","floor":21,"turns":2}],"seed_played":"6606747223321567772","potions_obtained":[{"floor":11,"key":"EssenceOfSteel"},{"floor":13,"key":"DistilledChaos"},{"floor":16,"key":"FearPotion"},{"floor":19,"key":"AttackPotion"}],"is_trial":false,"path_per_floor":["M","M","?","?","M","E","$","R","T","R","?","R","M","M","R","B",null,"M","M","?","M"],"character_chosen":"THE_SILENT","items_purchased":["Gremlin Horn","Tiny Chest"],"campfire_rested":2,"item_purchase_floors":[0,7],"current_hp_per_floor":[50,48,48,53,53,19,19,41,41,63,56,56,50,48,48,1,75,55,14,14,0,0],"gold":401,"neow_bonus":"","is_daily":false,"chose_seed":false,"campfire_upgraded":1,"win_rate":0.0,"timestamp":1608597659,"path_taken":["M","M","?","?","?","E","?","R","T","R","?","R","M","M","R","BOSS","M","M","?","?"],"items_purchased_type":["Relic","Relic"],"build_version":"2020-12-13","purchased_purges":0,"victory":false,"max_hp_per_floor":[70,70,70,75,75,75,75,75,75,75,75,75,75,75,75,75,75,75,75,75,75,75],"card_choices":[{"not_picked":["Deflect","Terror"],"picked":"Quick Slash","floor":1},{"not_picked":["Backflip","Masterful Stab"],"picked":"Deadly Poison","floor":2},{"not_picked":["Infinite Blades","Backflip"],"picked":"Bane","floor":5},{"not_picked":["Predator","Blade Dance","Eviscerate"],"picked":"SKIP","floor":6},{"not_picked":["Deflect","Acrobatics"],"picked":"Prepared","floor":13},{"not_picked":["Concentrate","Eviscerate"],"picked":"Envenom","floor":14},{"not_picked":["Grand Finale","Envenom"],"picked":"Adrenaline","floor":16},{"not_picked":["Acrobatics","Tactician","Heel Hook"],"picked":"SKIP","floor":18},{"not_picked":["Blade Dance","Concentrate"],"picked":"Cloak And Dagger","floor":19}],"player_experience":1776263,"relics_obtained":[{"floor":6,"key":"conspire:BottledYoYo"},{"floor":11,"key":"Odd Mushroom"}],"event_choices":[{"damage_healed":0,"gold_gain":0,"player_choice":"Leave","damage_taken":0,"max_hp_gain":0,"max_hp_loss":0,"event_name":"The Cleric","floor":3,"gold_loss":0},{"damage_healed":0,"gold_gain":0,"player_choice":"Donut","damage_taken":0,"max_hp_gain":5,"max_hp_loss":0,"event_name":"Big Fish","floor":4,"gold_loss":0},{"damage_healed":0,"gold_gain":0,"player_choice":"Fought Mushrooms","damage_taken":0,"max_hp_gain":0,"max_hp_loss":0,"event_name":"Mushrooms","floor":11,"gold_loss":0},{"damage_healed":0,"gold_gain":0,"player_choice":"Rummage","damage_taken":0,"relics_obtained":["WarpedTongs"],"max_hp_gain":0,"max_hp_loss":0,"event_name":"Accursed Blacksmith","floor":20,"gold_loss":0,"cards_obtained":["Pain"]}],"is_beta":false,"boss_relics":[{"not_picked":["Busted Crown","aspiration:RunicSpoon"],"picked":"WristBlade"}],"items_purged_floors":[],"is_endless":false,"potions_floor_spawned":[11,13,16,19],"killed_by":"Snake Plant","ascension_level":0}}