{"host":"hgkb2zpbo2dcws21","time":1608639005,"event":{"mods":["AchievementEnabler","BaseMod","Colored Map","Colored Powertips","Custom Start","DeckTracker","KOR Keyword Fix","Minty Spire (QoL Compilation)","Relic Stats","StSLib","SuperFastMode"],"gold_per_floor":[362,382,382,382,401,430,150,150,150,164,198,210,210,62,62,135,135,148,167,180,80,80,80],"floor_reached":22,"playtime":533,"items_purged":["Strike_P","Strike_P"],"score":333,"play_id":"2a1d528c-76b9-496c-89e6-83da7b40da23","local_time":"20201222211005","is_ascension_mode":true,"campfire_choices":[{"floor":8,"key":"REST"},{"floor":13,"key":"REST"},{"data":"Pray","floor":15,"key":"SMITH"}],"circlet_count":0,"master_deck":["AscendersBane","Strike_P","Defend_P","Defend_P","Eruption+1","Vigilance","Evaluate","Prostrate","FlurryOfBlows","EmptyFist","Pray+1","FearNoEvil","InnerPeace+1","Devotion+1","WindmillStrike+1","TalkToTheHand","Study","MentalFortress"],"relics":["PureWater","CaptainsWheel","Bag of Marbles","Question Card","Incense Burner","TheAbacus","Astrolabe"],"acts_visited":["Exordium","TheCity"],"potions_floor_usage":[11,16],"damage_taken":[{"damage":10.0,"enemies":"Jaw Worm","floor":1.0,"turns":6.0},{"damage":2.0,"enemies":"Cultist","floor":2.0,"turns":5.0},{"damage":0.0,"enemies":"2 Louse","floor":5.0,"turns":4.0},{"damage":18.0,"enemies":"Gremlin Nob","floor":6.0,"turns":4.0},{"damage":1,"enemies":"Looter","floor":10,"turns":4},{"damage":13,"enemies":"3 Sentries","floor":11,"turns":10},{"damage":1,"enemies":"2 Fungi Beasts","floor":12,"turns":3},{"damage":3,"enemies":"Slime Boss","floor":16,"turns":8},{"damage":22,"enemies":"2 Thieves","floor":18,"turns":3},{"damage":12,"enemies":"Shell Parasite","floor":19,"turns":3},{"damage":12,"enemies":"Shelled Parasite and Fungi","floor":20,"turns":4},{"damage":20,"enemies":"Snake Plant","floor":22,"turns":1}],"seed_played":"-2800855975479375122","potions_obtained":[{"floor":1.0,"key":"Swift Potion"},{"floor":5.0,"key":"LiquidMemories"},{"floor":10,"key":"Block Potion"},{"floor":12,"key":"BlessingOfTheForge"},{"floor":19,"key":"FearPotion"}],"is_trial":false,"path_per_floor":["M","M","?","?","M","E","$","R","T","M","E","M","R","$","R","B",null,"M","M","M","$","M"],"character_chosen":"WATCHER","items_purchased":["EmptyFist","Bag of Marbles","TheAbacus"],"campfire_rested":2,"item_purchase_floors":[7,7,14],"current_hp_per_floor":[33,31,31,31,31,13,13,33,33,32,19,18,38,38,38,35,60,38,26,14,14,0,0],"gold":80,"neow_bonus":"TWO_FIFTY_GOLD","is_daily":false,"chose_seed":false,"campfire_upgraded":1,"win_rate":0.0,"timestamp":1608639005,"path_taken":["M","M","?","?","M","E","$","R","T","M","E","M","R","?","R","BOSS","M","?","M","$","M"],"items_purchased_type":["Card","Relic","Relic"],"build_version":"2020-12-13","purchased_purges":2,"victory":false,"max_hp_per_floor":[68,68,68,68,68,68,68,68,68,68,68,68,68,68,68,68,68,68,68,68,68,68,68],"relic_stats":{"TheAbacus":[24],"counters":[12,55],"Astrolabe":["InnerPeace","Devotion","WindmillStrike"],"Question Card":7,"obtain_stats":[{"CaptainsWheel":6,"TheAbacus":14,"Astrolabe":17,"Bag of Marbles":7,"Incense Burner":11,"PureWater":0,"Question Card":9},{"CaptainsWheel":4,"TheAbacus":7,"Astrolabe":8,"Bag of Marbles":4,"Incense Burner":6,"PureWater":0,"Question Card":4},{"CaptainsWheel":19,"TheAbacus":36,"Astrolabe":44,"Bag of Marbles":19,"Incense Burner":33,"PureWater":0,"Question Card":19}]},"card_choices":[{"not_picked":["WaveOfTheHand","ReachHeaven"],"picked":"Evaluate","floor":1.0},{"not_picked":["Wireheading","SashWhip"],"picked":"Prostrate","floor":2.0},{"not_picked":["Nirvana","Evaluate"],"picked":"FlurryOfBlows","floor":5.0},{"not_picked":["WreathOfFlame","Fasting2","Halt"],"picked":"SKIP","floor":6.0},{"not_picked":["Consecrate","JustLucky","Prostrate"],"picked":"Pray","floor":10},{"not_picked":["Collect","Perseverance","Swivel"],"picked":"FearNoEvil","floor":11},{"not_picked":["BowlingBash","ThirdEye","SandsOfTime","Consecrate"],"picked":"SKIP","floor":12},{"not_picked":["FearNoEvil","BowlingBash","ClearTheMind"],"picked":"TalkToTheHand","floor":18},{"not_picked":["ForeignInfluence","ThirdEye","Weave+1"],"picked":"Study","floor":19},{"not_picked":["FlurryOfBlows","ClearTheMind","CutThroughFate"],"picked":"MentalFortress","floor":20}],"player_experience":1097331,"relics_obtained":[{"floor":6.0,"key":"CaptainsWheel"},{"floor":9,"key":"Question Card"},{"floor":11,"key":"Incense Burner"}],"event_choices":[{"damage_healed":0.0,"max_hp_gain":0.0,"max_hp_loss":0.0,"gold_gain":0.0,"event_name":"Living Wall","player_choice":"Grow","floor":3.0,"gold_loss":0.0,"damage_taken":0.0,"cards_upgraded":["Eruption"]},{"damage_healed":0.0,"max_hp_gain":0.0,"max_hp_loss":0.0,"gold_gain":0.0,"event_name":"Liars Game","player_choice":"Ignored","floor":4.0,"gold_loss":0.0,"damage_taken":0.0}],"is_beta":false,"boss_relics":[{"not_picked":["Fusion Hammer","Snecko Eye"],"picked":"Astrolabe"}],"items_purged_floors":[7,21],"is_endless":false,"potions_floor_spawned":[1,5,10,12,19,20],"killed_by":"Snake Plant","ascension_level":14}}