{"host":"gj32n68c553yo87c","time":1608673946,"event":{"mods":["BaseMod","Downfall","Minty Spire (QoL Compilation)","Replay The Spire","StSLib","The Exalted"],"gold_per_floor":[115,40,40,40,59,59,59,75,125,158,158,58,92,104,104,104,104],"floor_reached":16,"playtime":634,"items_purged":["Bromod:Strike_Bro","Bromod:Strike_Bro"],"score":108,"play_id":"35f91c16-a3d5-4405-8fe3-6551d39d27ce","local_time":"20201222135226","is_ascension_mode":false,"campfire_choices":[{"data":"Bromod:SlashDash","floor":6,"key":"SMITH"},{"floor":15,"key":"REST"}],"circlet_count":0,"master_deck":["Bromod:Defend_Bro","Bromod:Defend_Bro","Bromod:Defend_Bro","Bromod:Defend_Bro","Bromod:SlashDash","Bromod:SlashDash","Bromod:SlashDash+1","Bromod:PressurePoint"],"relics":["Bromod:Ordis","Bromod:AscarisDevice","NeowsBlessing","PrismaticShard","PreservedInsect","Chameleon Ring","Replay:Kaleidoscope"],"acts_visited":["Exordium"],"potions_floor_usage":[13],"damage_taken":[{"damage":0.0,"enemies":"Jaw Worm","floor":1.0,"turns":1.0},{"damage":0,"enemies":"Small Slimes","floor":5,"turns":1},{"damage":0,"enemies":"2 Louse","floor":8,"turns":1},{"damage":36,"enemies":"Lagavulin","floor":10,"turns":6},{"damage":20,"enemies":"3 Sentries","floor":13,"turns":9},{"damage":0,"enemies":"2 Fungi Beasts","floor":14,"turns":3},{"damage":59,"enemies":"Fading Forest","floor":16,"turns":7}],"seed_played":"-7354347069269928904","potions_obtained":[{"floor":1.0,"key":"Swift Potion"},{"floor":5,"key":"Swift Potion"},{"floor":10,"key":"BlessingOfTheForge"}],"is_trial":false,"path_per_floor":["M","$","?","?","M","R","?","M","T","E","?","$","E","M","R","B"],"character_chosen":"THE_EXALTED","items_purchased":[],"campfire_rested":1,"item_purchase_floors":[],"current_hp_per_floor":[75,75,80,80,80,80,80,80,80,44,44,44,24,24,48,0,0],"gold":104,"neow_bonus":"THREE_ENEMY_KILL","is_daily":false,"chose_seed":false,"campfire_upgraded":1,"win_rate":0.0,"timestamp":1608673946,"path_taken":["M","$","?","?","M","R","?","M","T","E","?","$","E","M","R","BOSS"],"items_purchased_type":[],"build_version":"2020-12-13","purchased_purges":2,"victory":false,"max_hp_per_floor":[75,75,80,80,80,80,80,80,80,80,80,80,80,80,80,80,80],"card_choices":[{"not_picked":["Bromod:SteelFiber","Bromod:OrganShatter","Bromod:FinishingTouch"],"picked":"SKIP","floor":1.0},{"not_picked":["Slimebound:GrowthPunch","sneckomod:Unknown1Cost","sneckomod:UnknownWeak"],"picked":"SKIP","floor":5},{"not_picked":["Bromod:TacticalPump","Sword Boomerang","Slimebound:LeechingTouch"],"picked":"SKIP","floor":8},{"not_picked":["Guardian:FloatingOrbs","Guardian:ShieldSpikes"],"picked":"Bromod:PressurePoint","floor":10},{"not_picked":["Heavy Blade","sneckomod:SoulDraw","Slimebound:DouseInSlime"],"picked":"SKIP","floor":13},{"not_picked":["Bromod:ShatteringImpact","Outmaneuver","Compile Driver"],"picked":"SKIP","floor":14}],"player_experience":37161,"relics_obtained":[{"floor":9,"key":"PreservedInsect"},{"floor":10,"key":"Chameleon Ring"},{"floor":13,"key":"Replay:Kaleidoscope"}],"event_choices":[{"damage_healed":0.0,"max_hp_gain":5.0,"max_hp_loss":0.0,"gold_gain":0.0,"event_name":"Big Fish","player_choice":"Donut","floor":3.0,"gold_loss":0.0,"damage_taken":0.0},{"cards_removed":["CommonCold"],"damage_healed":0,"gold_gain":0,"player_choice":"Forget","damage_taken":0,"max_hp_gain":0,"max_hp_loss":0,"event_name":"Living Wall","floor":11,"gold_loss":0}],"is_beta":false,"boss_relics":[],"items_purged_floors":[2,12],"is_endless":false,"potions_floor_spawned":[1,5,10],"killed_by":"Fading Forest","ascension_level":0}}