{"host":"30jsp143e4v19aze","time":1608671173,"event":{"mods":["BaseMod","Colored Map","Colored Powertips","Curses Come First","DeckTracker","Highlight Path","Minty Spire (QoL Compilation)","Quick Restart","Relic Stats","StSLib"],"gold_per_floor":[114,114,8,8,24,58,58,96,96,96,116,191,232,269,281,386,398,425,452,464,751,14,54,54,54,54,54,67,83,103,147,147,245,245,261,320,320,333,347,347,347,347],"floor_reached":41,"playtime":2953,"items_purged":["Regret"],"score":1023,"play_id":"5a3cd25c-f0a4-4fea-aaba-2b67e172176e","local_time":"20201222220613","is_ascension_mode":true,"campfire_choices":[{"data":"Dagger Spray","floor":7,"key":"SMITH"},{"floor":10,"key":"REST"},{"data":"Bouncing Flask","floor":15,"key":"SMITH"},{"floor":24,"key":"REST"},{"data":"Wraith Form v2","floor":27,"key":"SMITH"},{"floor":32,"key":"REST"},{"floor":40,"key":"REST"}],"circlet_count":0,"master_deck":["AscendersBane","Strike_G+1","Strike_G+1","Strike_G+1","Strike_G+1","Strike_G+1","Defend_G+1","Defend_G+1","Defend_G+1","Defend_G+1","Defend_G+1","Survivor","Neutralize","Dagger Spray+1","Bouncing Flask+1","Poisoned Stab","Leg Sweep","Die Die Die","Catalyst","Tools of the Trade","Leg Sweep+1","Footwork","Wraith Form v2+1","Concentrate","Master of Strategy","Catalyst","Bullet Time","Bouncing Flask","Catalyst","Tactician","Adrenaline","Bouncing Flask","Noxious Fumes","Writhe","Dodge and Roll+1","Corpse Explosion"],"relics":["Ring of the Snake","NeowsBlessing","Golden Idol","Question Card","Ancient Tea Set","Paper Crane","MawBank","Runic Pyramid","Regal Pillow","Pen Nib","Letter Opener","Molten Egg 2","Velvet Choker","Unceasing Top"],"acts_visited":["Exordium","TheCity","TheBeyond"],"potions_floor_usage":[8,19,23,23,41,41],"damage_taken":[{"damage":0,"enemies":"Jaw Worm","floor":1,"turns":1},{"damage":0,"enemies":"Small Slimes","floor":5,"turns":1},{"damage":0,"enemies":"3 Sentries","floor":6,"turns":1},{"damage":11,"enemies":"Gremlin Nob","floor":8,"turns":3},{"damage":0,"enemies":"2 Louse","floor":11,"turns":2},{"damage":9,"enemies":"Lagavulin","floor":13,"turns":7},{"damage":2,"enemies":"Large Slime","floor":14,"turns":5},{"damage":11,"enemies":"Slime Boss","floor":16,"turns":7},{"damage":13,"enemies":"Shell Parasite","floor":18,"turns":4},{"damage":6,"enemies":"2 Thieves","floor":19,"turns":4},{"damage":32,"enemies":"Slavers","floor":23,"turns":5},{"damage":17,"enemies":"Cultist and Chosen","floor":28,"turns":8},{"damage":0,"enemies":"Snecko","floor":29,"turns":6},{"damage":0,"enemies":"Centurion and Healer","floor":30,"turns":6},{"damage":16,"enemies":"Book of Stabbing","floor":31,"turns":4},{"damage":11,"enemies":"Champ","floor":33,"turns":6},{"damage":24,"enemies":"3 Darklings","floor":35,"turns":10},{"damage":24,"enemies":"2 Orb Walkers","floor":36,"turns":7},{"damage":6,"enemies":"Orb Walker","floor":38,"turns":3},{"damage":2,"enemies":"Sphere and 2 Shapes","floor":39,"turns":5},{"damage":10,"enemies":"Reptomancer","floor":41,"turns":2}],"seed_played":"2460880892417871291","potions_obtained":[{"floor":8,"key":"Fire Potion"},{"floor":16,"key":"Fruit Juice"},{"floor":23,"key":"SpeedPotion"},{"floor":31,"key":"Strength Potion"},{"floor":33,"key":"PowerPotion"}],"is_trial":false,"path_per_floor":["M","?","$","?","M","E","R","E","T","R","M","?","E","M","R","B",null,"M","M","?","?","$","E","R","$","T","R","M","M","M","E","R","B",null,"M","?","?","M","M","R","E"],"character_chosen":"THE_SILENT","items_purchased":["Fire Potion","Explosive Potion","Wraith Form v2","Regal Pillow","Concentrate","Master of Strategy","LiquidMemories"],"campfire_rested":4,"item_purchase_floors":[3,3,22,22,22,22,22],"current_hp_per_floor":[59,39,39,39,39,39,39,28,28,46,46,35,26,24,24,13,48,35,29,29,29,29,2,36,36,36,36,19,19,19,3,37,26,55,31,7,20,14,12,46,36,36],"gold":347,"neow_bonus":"THREE_ENEMY_KILL","is_daily":false,"chose_seed":false,"campfire_upgraded":3,"win_rate":0.0,"timestamp":1608671173,"path_taken":["M","?","$","?","M","E","R","E","T","R","M","?","E","?","R","BOSS","M","M","?","?","$","E","R","$","T","R","M","M","?","E","R","BOSS","M","?","?","M","M","R","E"],"items_purchased_type":["Potion","Potion","Card","Relic","Card","Card","Potion"],"build_version":"2020-12-13","purchased_purges":1,"victory":false,"max_hp_per_floor":[66,66,66,60,60,60,60,60,60,60,60,60,60,60,60,60,60,60,60,60,60,60,65,65,65,65,65,65,65,65,65,65,65,65,65,65,65,65,65,65,65,65],"relic_stats":{"Regal Pillow":45,"counters":[21,97],"Golden Idol":128,"Pen Nib":[6],"Letter Opener":[138],"Question Card":17,"MawBank":108,"obtain_stats":[{"Regal Pillow":22,"NeowsBlessing":0,"Golden Idol":4,"Velvet Choker":34,"Pen Nib":23,"Letter Opener":26,"Paper Crane":9,"Question Card":6,"Ancient Tea Set":8,"MawBank":13,"Molten Egg 2":31,"Unceasing Top":36,"Ring of the Snake":0,"Runic Pyramid":17},{"Regal Pillow":10,"NeowsBlessing":0,"Golden Idol":1,"Velvet Choker":16,"Pen Nib":11,"Letter Opener":11,"Paper Crane":4,"Question Card":3,"Ancient Tea Set":4,"MawBank":6,"Molten Egg 2":15,"Unceasing Top":18,"Ring of the Snake":0,"Runic Pyramid":8},{"Regal Pillow":35,"NeowsBlessing":0,"Golden Idol":1,"Velvet Choker":70,"Pen Nib":40,"Letter Opener":40,"Paper Crane":6,"Question Card":3,"Ancient Tea Set":6,"MawBank":15,"Molten Egg 2":64,"Unceasing Top":87,"Ring of the Snake":0,"Runic Pyramid":27}],"Unceasing Top":[0],"Ring of the Snake":[42]},"card_choices":[{"not_picked":["Bane","Acrobatics"],"picked":"Dagger Spray","floor":1},{"not_picked":["Deadly Poison","Cloak And Dagger"],"picked":"Bouncing Flask","floor":5},{"not_picked":["Infinite Blades","Finisher","Accuracy"],"picked":"SKIP","floor":6},{"not_picked":["PiercingWail","Flying Knee","Dagger Throw"],"picked":"Poisoned Stab","floor":8},{"not_picked":["Cloak And Dagger","Flying Knee","Dagger Spray"],"picked":"Leg Sweep","floor":11},{"not_picked":["Predator","Concentrate","Flechettes"],"picked":"Die Die Die","floor":13},{"not_picked":["Deflect","Slice","Backflip"],"picked":"Catalyst","floor":14},{"not_picked":["A Thousand Cuts","Phantasmal Killer","After Image"],"picked":"Tools of the Trade","floor":16},{"not_picked":["Dagger Spray","Acrobatics","Quick Slash"],"picked":"Leg Sweep+1","floor":18},{"not_picked":["Setup","Slice","Leg Sweep"],"picked":"Footwork","floor":19},{"not_picked":["Deadly Poison","Backflip","Outmaneuver"],"picked":"Catalyst","floor":23},{"not_picked":["Poisoned Stab","Catalyst","Dodge and Roll"],"picked":"Bullet Time","floor":28},{"not_picked":["Endless Agony","Underhanded Strike","Cloak And Dagger"],"picked":"Bouncing Flask","floor":29},{"not_picked":["Calculated Gamble","Bane","Dagger Throw"],"picked":"Catalyst","floor":30},{"not_picked":["Acrobatics","Eviscerate+1","Cloak And Dagger+1"],"picked":"Tactician","floor":31},{"not_picked":["Die Die Die+1","After Image","Phantasmal Killer"],"picked":"Adrenaline","floor":33},{"not_picked":["Outmaneuver","Blade Dance+1","Dodge and Roll"],"picked":"Bouncing Flask","floor":35},{"not_picked":["All Out Attack+1","Deadly Poison","Heel Hook+1"],"picked":"Noxious Fumes","floor":36},{"not_picked":["Poisoned Stab+1","Deflect","Dagger Spray+1"],"picked":"Dodge and Roll+1","floor":38},{"not_picked":["Deadly Poison","Noxious Fumes+1","Prepared"],"picked":"Corpse Explosion","floor":39}],"player_experience":3064217,"relics_obtained":[{"floor":6,"key":"Question Card"},{"floor":8,"key":"Ancient Tea Set"},{"floor":9,"key":"Paper Crane"},{"floor":13,"key":"MawBank"},{"floor":23,"key":"Pen Nib"},{"floor":26,"key":"Letter Opener"},{"floor":31,"key":"Molten Egg 2"},{"floor":36,"key":"Unceasing Top"}],"event_choices":[{"damage_healed":0,"gold_gain":0,"player_choice":"Entered Light","damage_taken":20,"max_hp_gain":0,"max_hp_loss":0,"event_name":"Shining Light","floor":2,"gold_loss":0,"cards_upgraded":["Strike_G","Defend_G"]},{"damage_healed":0,"gold_gain":0,"player_choice":"Lose Max HP","damage_taken":0,"relics_obtained":["Golden Idol"],"max_hp_gain":0,"max_hp_loss":6,"event_name":"Golden Idol","floor":4,"gold_loss":0},{"damage_healed":0,"gold_gain":75,"player_choice":"Gather Gold","damage_taken":11,"max_hp_gain":0,"max_hp_loss":0,"event_name":"World of Goop","floor":12,"gold_loss":0},{"damage_healed":0,"gold_gain":0,"player_choice":"Simplicity","damage_taken":0,"max_hp_gain":0,"max_hp_loss":0,"event_name":"Back to Basics","floor":20,"gold_loss":0,"cards_upgraded":["Strike_G","Strike_G","Strike_G","Strike_G","Defend_G","Defend_G","Defend_G","Defend_G"]},{"damage_healed":0,"gold_gain":275,"player_choice":"Desecrate","damage_taken":0,"max_hp_gain":0,"max_hp_loss":0,"event_name":"Golden Shrine","floor":21,"gold_loss":0,"cards_obtained":["Regret"]},{"damage_healed":0,"gold_gain":0,"player_choice":"Fight","damage_taken":0,"max_hp_gain":0,"max_hp_loss":0,"event_name":"Mysterious Sphere","floor":36,"gold_loss":0},{"damage_healed":13,"gold_gain":0,"player_choice":"Writhe","damage_taken":0,"max_hp_gain":0,"max_hp_loss":0,"event_name":"Winding Halls","floor":37,"gold_loss":0,"cards_obtained":["Writhe"]}],"is_beta":false,"boss_relics":[{"not_picked":["Empty Cage","Black Star"],"picked":"Runic Pyramid"},{"not_picked":["Pandora\u0027s Box","Fusion Hammer"],"picked":"Velvet Choker"}],"items_purged_floors":[22],"is_endless":false,"potions_floor_spawned":[8,14,16,23,31,33,36,38],"killed_by":"Reptomancer","ascension_level":19}}