{"host":"wonp23fsqqcu31ie","time":1608634409,"event":{"mods":["2.2 Compatiblity","AchievementEnabler","Aspiration","BaseMod","Bestiary","Better Altar","Better Match","Better Sensory Stone","Better Skull","Better Third Choice","BetterRewards","Block Reminder","Colored Map","Colored Powertips","Conspire","DeckTracker","Displayed Cursed Tome","Downfall","Hermit","Highlight Path","Hubris","Minty Spire (QoL Compilation)","Permanent Neow","Quick Restart","Rare Cards Sparkle","Relic Stats","Replay The Spire","Shade Mod","Shop Mod","StSLib","SuperFastMode","The Animator","The Cursed","The Dragon Tamer","The Gatherer","The Necromancer","The Runesmith","The Servant 0.9.4"],"gold_per_floor":[111,162,162,13,39,39,39],"floor_reached":6,"playtime":208,"items_purged":[],"score":39,"play_id":"d9cb2dc0-d0a6-47e0-8d78-3fe5cca618fe","local_time":"20201222215329","is_ascension_mode":true,"campfire_choices":[],"circlet_count":0,"master_deck":["animator:Strike_Konosuba","animator:Defend_Konosuba","animator:Strike","animator:Strike","animator:Strike","animator:Defend","animator:Defend","animator:Defend","animator:Kazuma","animator:Aqua","animator:Alexander","animator:Verdia","animator:ZankiKiguchi"],"relics":["animator:LivingPicture","animator:TheMissingPiece","Girya","Potion Belt","Ornamental Fan"],"acts_visited":["Exordium"],"potions_floor_usage":[],"damage_taken":[{"damage":1,"enemies":"Jaw Worm","floor":1,"turns":7},{"damage":37,"enemies":"conspire:MimicChest","floor":2,"turns":9},{"damage":3,"enemies":"2 Louse","floor":5,"turns":5},{"damage":26,"enemies":"Gremlin Nob","floor":6,"turns":4}],"seed_played":"1415055348210940207","potions_obtained":[{"floor":2,"key":"SpeedPotion"}],"is_trial":false,"path_per_floor":["M","?","T","?","M","E"],"character_chosen":"THE_ANIMATOR","items_purchased":[],"campfire_rested":0,"item_purchase_floors":[],"current_hp_per_floor":[60,25,25,25,24,0,0],"gold":39,"neow_bonus":"ONE_RARE_RELIC","is_daily":false,"chose_seed":false,"campfire_upgraded":0,"win_rate":0.0,"timestamp":1608634409,"path_taken":["M","?","?","?","?","E"],"items_purchased_type":[],"build_version":"2020-12-13","purchased_purges":0,"victory":false,"max_hp_per_floor":[60,60,60,60,60,60,60],"relic_stats":{"counters":[12,60],"Ornamental Fan":[12],"obtain_stats":[{"Potion Belt":2,"Girya":0,"Anchor":0,"Golden Idol":2,"aspiration:BabyByrd":14,"Ornamental Fan":4,"animator:TheMissingPiece":0,"Oddly Smooth Stone":13,"animator:LivingPicture":0,"Whetstone":9,"hubris:CrackedHourglass":17,"aspiration:RitualStick":21},{"Potion Belt":10,"Girya":8,"Anchor":0,"Golden Idol":1,"aspiration:BabyByrd":4,"Ornamental Fan":10,"animator:TheMissingPiece":0,"Oddly Smooth Stone":4,"animator:LivingPicture":0,"Whetstone":2,"hubris:CrackedHourglass":5,"aspiration:RitualStick":6},{"Potion Belt":51,"Girya":35,"Anchor":0,"Golden Idol":3,"aspiration:BabyByrd":14,"Ornamental Fan":51,"animator:TheMissingPiece":0,"Oddly Smooth Stone":14,"animator:LivingPicture":0,"Whetstone":6,"hubris:CrackedHourglass":22,"aspiration:RitualStick":26}]},"card_choices":[{"not_picked":["animator:ShinjiMatou","animator:ElricAlphonse"],"picked":"animator:Alexander","floor":1},{"not_picked":["animator:Assassin","animator:Rider"],"picked":"animator:Verdia","floor":2},{"not_picked":["animator:Caster","animator:Illya"],"picked":"animator:ZankiKiguchi","floor":5}],"player_experience":670560,"relics_obtained":[{"floor":2,"key":"Potion Belt"}],"event_choices":[{"damage_healed":0,"gold_gain":0,"player_choice":"Paid Gold","damage_taken":0,"relics_obtained":["Ornamental Fan"],"max_hp_gain":0,"max_hp_loss":0,"event_name":"WeMeetAgain","floor":4,"gold_loss":149}],"is_beta":false,"boss_relics":[],"items_purged_floors":[],"is_endless":false,"potions_floor_spawned":[2],"killed_by":"Gremlin Nob","ascension_level":3}}