{"host":"5ygm0jh81n7e92ft","time":1608667431,"event":{"mods":["AchievementEnabler","BaseMod","BetterRewards","Colored Map","Colored Powertips","Conspire","Duelist Mod","KomeijiMod","Minty Spire (QoL Compilation)","Quick Restart","StSLib","SuperFastMode","The Bug Knight"],"gold_per_floor":[111,111,11,11,25,25,44,56,56,68,96,96,127,139,139,239,239,259,259,184,194,194],"floor_reached":21,"playtime":2010,"items_purged":["Strike_Komeiji","Strike_Komeiji"],"score":266,"play_id":"6c14d313-35fb-4441-b891-49029ea0ccd9","local_time":"20201222150351","is_ascension_mode":false,"campfire_choices":[{"data":"VampireKiss","floor":6,"key":"SMITH"},{"data":"NingyouSP+1","floor":12,"key":"SWEEP"},{"data":"SenseofElegance","floor":15,"key":"SMITH"}],"circlet_count":0,"master_deck":["Strike_Komeiji","Strike_Komeiji","Defend_Komeiji","Defend_Komeiji","Defend_Komeiji","Dash_Komeiji","JyouchiJin+1","RikonNoKama+1","Mishyaguji+1","IceTornado","Dash_Komeiji","Enlightenment","VampireKiss+1","KeiseiJin+1","SenseofElegance+1","SeishiRoten+1","AbyssNova","NingyouSP+1","MunenMusou","RoshinSou+1","HisouTensoku","NingyouFukuhei+1","YoukiSo+1"],"relics":["KomeijisEye","SpellCardsRule","MusicBox","ColorfulQuillpen","Pocketwatch","conspire:TopHat","Gremlin Horn","PreservedInsect","CrystalOfMemory","Bottled Lightning","Velvet Choker"],"acts_visited":["Exordium","TheCity"],"potions_floor_usage":[],"damage_taken":[{"damage":4,"enemies":"conspire:RoseBush","floor":1,"turns":3},{"damage":0,"enemies":"Jaw Worm","floor":5,"turns":7},{"damage":0,"enemies":"2 Louse","floor":7,"turns":3},{"damage":16,"enemies":"Lots of Slimes","floor":8,"turns":3},{"damage":2,"enemies":"Looter","floor":10,"turns":3},{"damage":0,"enemies":"Lagavulin","floor":11,"turns":6},{"damage":2,"enemies":"3 Sentries","floor":13,"turns":4},{"damage":6,"enemies":"Exordium Wildlife","floor":14,"turns":3},{"damage":0,"enemies":"Slime Boss","floor":16,"turns":4},{"damage":0,"enemies":"Spheric Guardian","floor":18,"turns":3},{"damage":5,"enemies":"conspire:FuzzyDice","floor":21,"turns":5}],"seed_played":"-562496743357582531","potions_obtained":[{"floor":5,"key":"SteroidPotion"},{"floor":7,"key":"EssenceOfSteel"},{"floor":13,"key":"CalmPotion"},{"floor":18,"key":"LiquidBronze"}],"is_trial":false,"path_per_floor":["M","?","$","?","M","R","M","M","T","M","E","R","E","M","R","B",null,"M","T","?","M"],"character_chosen":"KomeijiSatori","items_purchased":["ColorfulQuillpen","NingyouShinki+1","conspire:TopHat","RikonNoKama+1"],"campfire_rested":0,"item_purchase_floors":[0,0,0,0],"current_hp_per_floor":[25,25,25,20,37,37,40,25,25,26,29,34,32,31,31,32,50,50,50,50,49,49],"gold":194,"neow_bonus":"","is_daily":false,"chose_seed":false,"campfire_upgraded":2,"win_rate":0.0,"timestamp":1608667431,"path_taken":["M","?","?","?","M","R","M","M","T","M","E","R","E","?","R","BOSS","M","?","?","M"],"items_purchased_type":["Relic","Card","Relic","Card"],"build_version":"2020-12-13","purchased_purges":2,"victory":false,"max_hp_per_floor":[50,50,50,50,50,50,50,50,50,50,50,50,50,50,50,50,50,50,50,50,50,50],"card_choices":[{"not_picked":["DochyakuKami+1","HagoromoMizu"],"picked":"Mishyaguji+1","floor":1},{"not_picked":["DochyakuKami+1","RikonNoKama+1"],"picked":"VampireKiss","floor":5},{"not_picked":["Sabishigari+1","JyouchiJin+1"],"picked":"KeiseiJin+1","floor":7},{"not_picked":["JyouchiJin+1","DemonsDinnerFork"],"picked":"SenseofElegance","floor":8},{"not_picked":["NingyouOkisou+1","NingyouKasou+1"],"picked":"SeishiRoten+1","floor":10},{"not_picked":["SuitokuNoKyoryu","HisouNoKen"],"picked":"AbyssNova","floor":11},{"not_picked":["VampireKiss","GasuOrimono"],"picked":"MunenMusou","floor":13},{"not_picked":["MakuraSeki","KeiseiJin+1"],"picked":"RoshinSou+1","floor":14},{"not_picked":["EverywhereHibernate","YuumeiNoKurin"],"picked":"HisouTensoku","floor":16},{"not_picked":["JyouchiJin+1","DochyakuKami+1"],"picked":"NingyouFukuhei+1","floor":18},{"not_picked":["NingyouOkisou+1","FreezeTouchMe+1"],"picked":"YoukiSo+1","floor":21}],"player_experience":117250,"relics_obtained":[{"floor":9,"key":"PreservedInsect"},{"floor":11,"key":"CrystalOfMemory"},{"floor":13,"key":"Bottled Lightning"}],"event_choices":[{"damage_healed":0,"gold_gain":0,"player_choice":"3 cards matched","damage_taken":0,"max_hp_gain":0,"max_hp_loss":0,"event_name":"Match and Keep!","floor":2,"gold_loss":0,"cards_obtained":["IceTornado","Dash_Komeiji","Enlightenment"]},{"damage_healed":0,"gold_gain":0,"player_choice":"Damaged","damage_taken":5,"max_hp_gain":0,"max_hp_loss":0,"event_name":"Wheel of Change","floor":4,"gold_loss":0},{"cards_removed":["Defend_Komeiji"],"damage_healed":0,"gold_gain":0,"player_choice":"Gave Gold","damage_taken":0,"max_hp_gain":0,"max_hp_loss":0,"event_name":"Beggar","floor":20,"gold_loss":75}],"is_beta":false,"boss_relics":[{"not_picked":["Tiny House","Calling Bell"],"picked":"Velvet Choker"}],"items_purged_floors":[0,3],"is_endless":false,"potions_floor_spawned":[5,7,13,18],"killed_by":"conspire:FuzzyDice","ascension_level":0}}