{"host":"n4fty02wqqi95laq","time":1608641846,"event":{"mods":["BaseMod","Highlight Path","Minty Spire (QoL Compilation)","Quick Restart","Rare Cards Sparkle","StSLib"],"gold_per_floor":[156,156,156,207,241,241,166,166,166,66,136,166,41,76,76,154,154,171,221,221,71,86,113,113,138,161,196,211,36,36,46,46,120,120,134,147,147,163,209,244,244,257,257,257,285,301,101,135,135,135,135,135,135,135,168,168],"floor_reached":57,"playtime":3132,"items_purged":["Strike_G","Strike_G","Strike_G","Strike_G+1","Dagger Spray+1","Defend_G"],"score":3555,"play_id":"ac96d8a0-1273-4ee1-860a-6f6f7b8881c7","local_time":"20201222205726","is_ascension_mode":true,"campfire_choices":[{"data":"Deadly Poison","floor":6.0,"key":"SMITH"},{"data":"Burst","floor":8.0,"key":"SMITH"},{"data":"Tactician","floor":15.0,"key":"SMITH"},{"data":"Acrobatics","floor":24.0,"key":"SMITH"},{"data":"Acrobatics","floor":30.0,"key":"SMITH"},{"data":"Concentrate","floor":32.0,"key":"SMITH"},{"data":"Wraith Form v2","floor":41.0,"key":"SMITH"},{"floor":49.0,"key":"RECALL"},{"data":"Grand Finale","floor":53.0,"key":"SMITH"}],"circlet_count":0,"master_deck":["AscendersBane","Defend_G","Defend_G","Defend_G","Defend_G","Survivor","Neutralize","Burst+1","Tactician+1","Deadly Poison+1","Acrobatics+1","Grand Finale+1","Backflip","Acrobatics+1","Venomology","Deep Breath+1","Prepared+1","Concentrate+1","Wraith Form v2+1","Purity","Footwork+1"],"relics":["Ring of the Snake","The Specimen","Astrolabe","PreservedInsect","Pear","Ancient Tea Set","Oddly Smooth Stone","Runic Pyramid","Calipers","StoneCalendar","Toxic Egg 2","Blue Candle","Darkstone Periapt","Sundial"],"acts_visited":["Exordium","TheCity","TheBeyond","TheEnding"],"potions_floor_usage":[56,56,56],"damage_taken":[{"damage":3.0,"enemies":"Small Slimes","floor":1.0,"turns":5.0},{"damage":0.0,"enemies":"2 Louse","floor":4.0,"turns":5.0},{"damage":1.0,"enemies":"Cultist","floor":5.0,"turns":5.0},{"damage":5.0,"enemies":"Exordium Thugs","floor":11.0,"turns":6.0},{"damage":6.0,"enemies":"2 Fungi Beasts","floor":12.0,"turns":5.0},{"damage":0.0,"enemies":"Blue Slaver","floor":14.0,"turns":3.0},{"damage":4.0,"enemies":"Hexaghost","floor":16.0,"turns":7.0},{"damage":3.0,"enemies":"2 Thieves","floor":18.0,"turns":2.0},{"damage":13.0,"enemies":"Spheric Guardian","floor":22.0,"turns":5.0},{"damage":0.0,"enemies":"Gremlin Leader","floor":23.0,"turns":3.0},{"damage":0.0,"enemies":"Slavers","floor":25.0,"turns":1.0},{"damage":0.0,"enemies":"Book of Stabbing","floor":27.0,"turns":3.0},{"damage":0.0,"enemies":"Snake Plant","floor":28.0,"turns":3.0},{"damage":0.0,"enemies":"Cultist and Chosen","floor":31.0,"turns":2.0},{"damage":0.0,"enemies":"Collector","floor":33.0,"turns":2.0},{"damage":0.0,"enemies":"3 Darklings","floor":35.0,"turns":2.0},{"damage":0.0,"enemies":"Orb Walker","floor":36.0,"turns":1.0},{"damage":0.0,"enemies":"Jaw Worm Horde","floor":38.0,"turns":2.0},{"damage":0.0,"enemies":"2 Orb Walkers","floor":39.0,"turns":1.0},{"damage":0.0,"enemies":"Giant Head","floor":40.0,"turns":4.0},{"damage":0.0,"enemies":"Writhing Mass","floor":42.0,"turns":3.0},{"damage":0.0,"enemies":"Nemesis","floor":45.0,"turns":1.0},{"damage":0.0,"enemies":"4 Shapes","floor":46.0,"turns":1.0},{"damage":0.0,"enemies":"Reptomancer","floor":48.0,"turns":1.0},{"damage":0.0,"enemies":"Donu and Deca","floor":50.0,"turns":3.0},{"damage":0.0,"enemies":"Awakened One","floor":51.0,"turns":4.0},{"damage":0.0,"enemies":"Shield and Spear","floor":55.0,"turns":3.0},{"damage":21,"enemies":"The Heart","floor":56,"turns":7}],"seed_played":"9213707729598699564","potions_obtained":[{"floor":4.0,"key":"BlessingOfTheForge"},{"floor":5.0,"key":"DuplicationPotion"},{"floor":11.0,"key":"GhostInAJar"},{"floor":27.0,"key":"Regen Potion"},{"floor":33.0,"key":"LiquidMemories"},{"floor":36.0,"key":"PowerPotion"}],"is_trial":false,"path_per_floor":["M","?","?","M","M","R","$","R","T","$","M","M","$","M","R","B",null,"M","?","?","$","M","E","R","E","T","E","M","$","R","M","R","B",null,"M","M","?","M","?","E","R","M","T","T","E","M","$","E","R","B","B",null,"R","$","E","B",null],"character_chosen":"THE_SILENT","items_purchased":[],"campfire_rested":0,"item_purchase_floors":[],"current_hp_per_floor":[41,21,21,21,20,20,20,20,20,20,15,9,9,9,9,5,51,48,48,30,30,17,17,17,27,27,27,39,39,39,39,39,39,71,71,71,61,61,61,61,61,73,73,73,73,73,73,73,73,73,73,79,79,79,79,58],"gold":168,"neow_bonus":"RANDOM_COLORLESS_2","is_daily":false,"chose_seed":false,"campfire_upgraded":8,"win_rate":0.0,"timestamp":1608641846,"path_taken":["M","?","?","M","M","R","$","R","T","$","M","?","?","M","R","BOSS","M","?","?","$","M","E","R","E","T","E","M","$","R","M","R","BOSS","M","M","?","M","?","E","R","M","T","?","E","?","$","E","R","BOSS","BOSS","R","$","E","BOSS"],"items_purchased_type":[],"build_version":"2020-12-13","purchased_purges":6,"victory":true,"max_hp_per_floor":[66,66,66,66,66,66,66,66,66,66,66,66,66,66,66,66,66,66,66,71,71,71,71,71,81,81,81,81,81,81,81,81,81,81,81,81,81,81,81,81,81,81,81,81,81,81,81,81,81,81,81,81,81,81,81,81],"card_choices":[{"not_picked":["Sadistic Nature","Thinking Ahead"],"picked":"HandOfGreed","floor":0.0},{"not_picked":["Prepared","Sucker Punch","Quick Slash"],"picked":"SKIP","floor":1.0},{"not_picked":["Riddle With Holes","Deflect"],"picked":"Concentrate","floor":4.0},{"not_picked":["Heel Hook","Well Laid Plans"],"picked":"Acrobatics","floor":5.0},{"not_picked":["Dash","Bane"],"picked":"Grand Finale","floor":11.0},{"not_picked":["Skewer","Deflect"],"picked":"Backflip","floor":12.0},{"not_picked":["Leg Sweep","Backflip"],"picked":"Acrobatics","floor":14.0},{"not_picked":["Phantasmal Killer","Malaise"],"picked":"Venomology","floor":16.0},{"not_picked":["Crippling Poison","Underhanded Strike","Slice"],"picked":"SKIP","floor":18.0},{"not_picked":["Riddle With Holes","Acrobatics","All Out Attack"],"picked":"SKIP","floor":22.0},{"not_picked":["Deadly Poison","Eviscerate","Masterful Stab"],"picked":"SKIP","floor":23.0},{"not_picked":["Backflip","Blade Dance"],"picked":"Concentrate","floor":25.0},{"not_picked":["Bouncing Flask+1","Underhanded Strike","Deflect"],"picked":"SKIP","floor":27.0},{"not_picked":["Bouncing Flask+1","Underhanded Strike","Deflect"],"picked":"SKIP","floor":27.0},{"not_picked":["Riddle With Holes","Backflip","Skewer"],"picked":"SKIP","floor":28.0},{"not_picked":["Sucker Punch","Blade Dance","Flying Knee"],"picked":"SKIP","floor":31.0},{"not_picked":["Tools of the Trade","Unload"],"picked":"Wraith Form v2","floor":33.0},{"not_picked":["Acrobatics","Deflect+1","Poisoned Stab+1"],"picked":"SKIP","floor":35.0},{"not_picked":["Bane","Flying Knee+1","PiercingWail"],"picked":"SKIP","floor":36.0},{"not_picked":["Metamorphosis","HandOfGreed"],"picked":"Purity","floor":37.0},{"not_picked":["Underhanded Strike+1","Sucker Punch","Poisoned Stab+1"],"picked":"SKIP","floor":38.0},{"not_picked":["Choke","Caltrops+1","Poisoned Stab"],"picked":"SKIP","floor":40.0},{"not_picked":["Slice","Catalyst","Die Die Die"],"picked":"SKIP","floor":42.0},{"not_picked":["Slice","Catalyst","Die Die Die"],"picked":"SKIP","floor":42.0},{"not_picked":["Dagger Throw","Finisher+1","Underhanded Strike"],"picked":"SKIP","floor":45.0},{"not_picked":["Caltrops","Dagger Spray","Finisher+1"],"picked":"SKIP","floor":46.0},{"not_picked":["Skewer","Blade Dance+1"],"picked":"Footwork+1","floor":48.0},{"not_picked":["Backflip+1","Concentrate+1","Predator"],"picked":"SKIP","floor":55.0}],"player_experience":631772,"relics_obtained":[{"floor":9.0,"key":"The Specimen"},{"floor":23.0,"key":"PreservedInsect"},{"floor":25.0,"key":"Pear"},{"floor":26.0,"key":"Ancient Tea Set"},{"floor":27.0,"key":"Oddly Smooth Stone"},{"floor":39.0,"key":"Calipers"},{"floor":40.0,"key":"StoneCalendar"},{"floor":44.0,"key":"Toxic Egg 2"},{"floor":45.0,"key":"Blue Candle"},{"floor":48.0,"key":"Darkstone Periapt"},{"floor":55.0,"key":"Sundial"}],"event_choices":[{"damage_healed":0.0,"max_hp_gain":0.0,"max_hp_loss":0.0,"gold_gain":0.0,"event_name":"Shining Light","player_choice":"Entered Light","floor":2.0,"gold_loss":0.0,"damage_taken":20.0,"cards_upgraded":["Strike_G","Strike_G"]},{"damage_healed":0.0,"max_hp_gain":0.0,"max_hp_loss":0.0,"gold_gain":0.0,"event_name":"Match and Keep!","player_choice":"3 cards matched","floor":3.0,"gold_loss":0.0,"damage_taken":0.0,"cards_obtained":["Burst","Tactician","Deadly Poison"]},{"damage_healed":0.0,"max_hp_gain":0.0,"max_hp_loss":0.0,"gold_gain":50.0,"event_name":"Nest","player_choice":"Stole From Cult","floor":19.0,"gold_loss":0.0,"damage_taken":0.0},{"damage_healed":0.0,"max_hp_gain":5.0,"max_hp_loss":0.0,"gold_gain":0.0,"event_name":"Forgotten Altar","player_choice":"Shed Blood","floor":20.0,"gold_loss":0.0,"damage_taken":23.0},{"damage_healed":0.0,"max_hp_gain":0.0,"max_hp_loss":0.0,"gold_gain":0.0,"event_name":"SensoryStone","player_choice":"Memory 3","floor":37.0,"gold_loss":0.0,"damage_taken":10.0},{"damage_healed":0.0,"max_hp_gain":0.0,"max_hp_loss":0.0,"gold_gain":0.0,"event_name":"Mysterious Sphere","player_choice":"Fight","floor":39.0,"gold_loss":0.0,"damage_taken":0.0}],"is_beta":false,"boss_relics":[{"not_picked":["Sozu","SacredBark"],"picked":"Astrolabe"},{"not_picked":["Cursed Key","Runic Dome"],"picked":"Runic Pyramid"}],"items_purged_floors":[7,10,13,21,29,47],"is_endless":false,"potions_floor_spawned":[4,5,11,14,27,31,33,35,36,42],"ascension_level":20}}