{"host":"0cgp910o8339lr91","time":1608626441,"event":{"mods":["BaseMod","Filter the Spire","Minty Spire (QoL Compilation)","Relic Stats","Slay-I","ojb\u0027s Better Paths Mod","ojb\u0027s Info Mod"],"gold_per_floor":[118,130,143,93,93,125,125,152,152,182,221,249,271,297,309,424,436,463,493,525,551,573,610,622,622],"floor_reached":24,"playtime":1599,"items_purged":[],"score":267,"play_id":"5c18ff74-100b-4442-a0d8-8f2d35da879b","local_time":"20201222094041","is_ascension_mode":false,"campfire_choices":[{"data":"Scrape","floor":7,"key":"SMITH"},{"data":"Recycle","floor":15,"key":"SMITH"}],"circlet_count":0,"master_deck":["Strike_B","Strike_B","Strike_B","Defend_B","Defend_B","Defend_B","Defend_B","Dualcast","Ball Lightning","FTL","FTL","Recycle+1","Scrape+1","Echo Form","Gash","Beam Cell","Conserve Battery","Reboot","Beam Cell+1","Hologram","Go for the Eyes"],"relics":["Coffee Dripper","Centennial Puzzle","CaptainsWheel","Gremlin Horn","MawBank","Odd Mushroom","Runic Pyramid","Torii"],"acts_visited":["Exordium","TheCity"],"potions_floor_usage":[10,16,16,23],"damage_taken":[{"damage":6,"enemies":"Jaw Worm","floor":1,"turns":3},{"damage":0,"enemies":"Small Slimes","floor":2,"turns":3},{"damage":0,"enemies":"Cultist","floor":3,"turns":2},{"damage":25,"enemies":"3 Sentries","floor":6,"turns":10},{"damage":13,"enemies":"Lagavulin","floor":8,"turns":5},{"damage":0,"enemies":"Gremlin Nob","floor":10,"turns":2},{"damage":2,"enemies":"The Mushroom Lair","floor":11,"turns":3},{"damage":3,"enemies":"Gremlin Gang","floor":12,"turns":4},{"damage":5,"enemies":"Exordium Thugs","floor":13,"turns":2},{"damage":2,"enemies":"Blue Slaver","floor":14,"turns":2},{"damage":5,"enemies":"Hexaghost","floor":16,"turns":6},{"damage":10,"enemies":"Shell Parasite","floor":18,"turns":4},{"damage":5,"enemies":"Chosen","floor":19,"turns":3},{"damage":13,"enemies":"Shelled Parasite and Fungi","floor":20,"turns":4},{"damage":5,"enemies":"Cultist and Chosen","floor":21,"turns":4},{"damage":5,"enemies":"Snecko","floor":22,"turns":6},{"damage":22,"enemies":"Slavers","floor":23,"turns":4},{"damage":15,"enemies":"Snake Plant","floor":24,"turns":2}],"seed_played":"-2598222463018015408","potions_obtained":[{"floor":2,"key":"Fire Potion"},{"floor":6,"key":"GamblersBrew"},{"floor":8,"key":"SneckoOil"},{"floor":10,"key":"BlessingOfTheForge"},{"floor":20,"key":"BlessingOfTheForge"},{"floor":21,"key":"Energy Potion"},{"floor":23,"key":"Explosive Potion"}],"is_trial":false,"path_per_floor":["M","M","M","?","?","E","R","E","T","E","?","M","M","M","R","B",null,"M","M","M","M","M","E","M"],"character_chosen":"DEFECT","items_purchased":[],"campfire_rested":0,"item_purchase_floors":[],"current_hp_per_floor":[69,69,69,69,69,44,44,31,31,31,29,26,21,19,19,14,75,65,60,47,42,37,15,0,0],"gold":622,"neow_bonus":"BOSS_RELIC","is_daily":false,"chose_seed":false,"campfire_upgraded":2,"win_rate":0.0,"timestamp":1608626441,"path_taken":["M","M","M","?","?","E","R","E","T","E","?","?","?","M","R","BOSS","M","M","M","M","M","E","M"],"items_purchased_type":[],"build_version":"2020-12-13","purchased_purges":0,"victory":false,"max_hp_per_floor":[75,75,75,75,75,75,75,75,75,75,75,75,75,75,75,75,75,75,75,75,75,75,75,75,75],"relic_stats":{"Centennial Puzzle":[39],"Gremlin Horn":[10,10],"Torii":2,"counters":[18,69],"MawBank":168,"obtain_stats":[{"Centennial Puzzle":6,"CaptainsWheel":8,"Gremlin Horn":9,"Torii":23,"Coffee Dripper":0,"Odd Mushroom":11,"Cracked Core":0,"MawBank":10,"Runic Pyramid":17},{"Centennial Puzzle":4,"CaptainsWheel":5,"Gremlin Horn":5,"Torii":17,"Coffee Dripper":0,"Odd Mushroom":7,"Cracked Core":0,"MawBank":6,"Runic Pyramid":11},{"Centennial Puzzle":18,"CaptainsWheel":23,"Gremlin Horn":23,"Torii":67,"Coffee Dripper":0,"Odd Mushroom":28,"Cracked Core":0,"MawBank":25,"Runic Pyramid":42}]},"card_choices":[{"not_picked":["Stack","Static Discharge"],"picked":"Ball Lightning","floor":1},{"not_picked":["Turbo","Beam Cell"],"picked":"FTL","floor":2},{"not_picked":["Rebound","Leap"],"picked":"FTL","floor":3},{"not_picked":["Sweeping Beam","Thunder Strike"],"picked":"Scrape","floor":6},{"not_picked":["Coolheaded","Defragment"],"picked":"Echo Form","floor":8},{"not_picked":["Stack","Auto Shields","Static Discharge"],"picked":"SKIP","floor":10},{"not_picked":["Turbo","Redo"],"picked":"Gash","floor":11},{"not_picked":["Loop","Go for the Eyes"],"picked":"Beam Cell","floor":12},{"not_picked":["Heatsinks","Consume"],"picked":"Conserve Battery","floor":13},{"not_picked":["Loop","Rip and Tear","Cold Snap"],"picked":"SKIP","floor":14},{"not_picked":["Meteor Strike","Fission"],"picked":"Reboot","floor":16},{"not_picked":["Conserve Battery","Ball Lightning+1","Steam Power"],"picked":"SKIP","floor":18},{"not_picked":["Redo","Capacitor"],"picked":"Beam Cell+1","floor":19},{"not_picked":["Turbo","Hello World","Barrage"],"picked":"SKIP","floor":20},{"not_picked":["Auto Shields","Tempest+1"],"picked":"Hologram","floor":21},{"not_picked":["White Noise","Stack"],"picked":"Go for the Eyes","floor":22},{"not_picked":["Barrage","Coolheaded","Tempest"],"picked":"SKIP","floor":23}],"player_experience":933310,"relics_obtained":[{"floor":6,"key":"Centennial Puzzle"},{"floor":8,"key":"CaptainsWheel"},{"floor":9,"key":"Gremlin Horn"},{"floor":10,"key":"MawBank"},{"floor":11,"key":"Odd Mushroom"},{"floor":23,"key":"Torii"}],"event_choices":[{"cards_removed":["Strike_B"],"damage_healed":0,"gold_gain":0,"player_choice":"Card Removal","damage_taken":0,"max_hp_gain":0,"max_hp_loss":0,"event_name":"The Cleric","floor":4,"gold_loss":50},{"damage_healed":0,"gold_gain":0,"cards_transformed":["Zap"],"player_choice":"Change","damage_taken":0,"max_hp_gain":0,"max_hp_loss":0,"event_name":"Living Wall","floor":5,"gold_loss":0,"cards_obtained":["Recycle"]},{"damage_healed":0,"gold_gain":0,"player_choice":"Fought Mushrooms","damage_taken":0,"max_hp_gain":0,"max_hp_loss":0,"event_name":"Mushrooms","floor":11,"gold_loss":0}],"is_beta":false,"boss_relics":[{"not_picked":["Philosopher\u0027s Stone","Ectoplasm"],"picked":"Runic Pyramid"}],"items_purged_floors":[],"is_endless":false,"potions_floor_spawned":[2,6,8,10,20,21,23],"killed_by":"Snake Plant","ascension_level":0}}