{"host":"i09pxcjttd31eh4q","time":1608636310,"event":{"mods":["AchievementEnabler","BaseMod","Colored Map","Keyboard Shortcuts","Minty Spire (QoL Compilation)","StSLib","SuperFastMode"],"gold_per_floor":[109,109,109,109,133,133,177,177,177,197,210,235,268,90,90,216,216,230,246,161,89,89,127,127,151,175,175,209,238,338,368,368,496,505,505],"floor_reached":34,"playtime":670,"items_purged":[],"score":380,"play_id":"c78b8fb4-b3ae-4a5a-b0fa-669dd936bc4f","local_time":"20201222202510","is_ascension_mode":false,"campfire_choices":[{"data":"Perfected Strike","floor":6.0,"key":"SMITH"},{"data":"Shockwave","floor":8.0,"key":"SMITH"},{"data":"Armaments","floor":15.0,"key":"SMITH"},{"data":"Corruption","floor":24.0,"key":"SMITH"},{"data":"Perfected Strike","floor":27.0,"key":"SMITH"},{"data":"Body Slam","floor":32.0,"key":"SMITH"}],"circlet_count":0,"master_deck":["Strike_R","Strike_R","Strike_R","Strike_R","Defend_R","Defend_R","Bash","Flame Barrier","Perfected Strike+1","Shockwave+1","Twin Strike","Seeing Red","Twin Strike","Armaments+1","Corruption+1","Battle Trance+1","Perfected Strike+1","Impervious","Entrench+1","Body Slam+1","Entrench","Brutality","CurseOfTheBell"],"relics":["Burning Blood","Golden Idol","Bag of Marbles","Meat on the Bone","Happy Flower","PreservedInsect","Membership Card","SacredBark","Ancient Tea Set","Strange Spoon","MealTicket","CeramicFish","Calling Bell","MawBank","Singing Bowl","Ginger"],"acts_visited":["Exordium","TheCity","TheBeyond"],"potions_floor_usage":[33],"damage_taken":[{"damage":0.0,"enemies":"Small Slimes","floor":1.0,"turns":4.0},{"damage":6.0,"enemies":"Jaw Worm","floor":5.0,"turns":3.0},{"damage":22.0,"enemies":"Lagavulin","floor":7.0,"turns":7.0},{"damage":1.0,"enemies":"Cultist","floor":10.0,"turns":3.0},{"damage":0.0,"enemies":"Exordium Thugs","floor":11.0,"turns":4.0},{"damage":10.0,"enemies":"Gremlin Nob","floor":13.0,"turns":3.0},{"damage":12.0,"enemies":"Slime Boss","floor":16.0,"turns":7.0},{"damage":12.0,"enemies":"2 Thieves","floor":18.0,"turns":4.0},{"damage":17.0,"enemies":"Shell Parasite","floor":19.0,"turns":3.0},{"damage":7.0,"enemies":"Gremlin Leader","floor":23.0,"turns":3.0},{"damage":2.0,"enemies":"Centurion and Healer","floor":25.0,"turns":4.0},{"damage":20.0,"enemies":"Sentry and Sphere","floor":28.0,"turns":6.0},{"damage":0.0,"enemies":"Chosen and Byrds","floor":29.0,"turns":2.0},{"damage":12.0,"enemies":"Cultist and Chosen","floor":31.0,"turns":5.0},{"damage":50,"enemies":"Collector","floor":33,"turns":10}],"seed_played":"9074845876440497120","potions_obtained":[{"floor":1.0,"key":"ElixirPotion"},{"floor":7.0,"key":"ElixirPotion"},{"floor":10.0,"key":"SkillPotion"},{"floor":19.0,"key":"GamblersBrew"},{"floor":28.0,"key":"Swift Potion"},{"floor":29.0,"key":"DistilledChaos"}],"is_trial":false,"path_per_floor":["M","?","?","$","M","R","E","R","T","M","M","T","E","$","R","B",null,"M","M","?","$","?","E","R","M","T","R","M","M","?","M","R","B",null],"character_chosen":"IRONCLAD","items_purchased":["Membership Card","Armaments","Strange Spoon"],"campfire_rested":0,"item_purchase_floors":[14,14,21],"current_hp_per_floor":[80,60,60,60,60,60,44,44,44,49,55,55,51,51,51,57,80,74,63,63,63,63,62,62,66,66,66,52,58,58,52,52,20,80,80],"gold":505,"neow_bonus":"TRANSFORM_CARD","is_daily":false,"chose_seed":false,"campfire_upgraded":6,"win_rate":0.0,"timestamp":1608636310,"path_taken":["M","?","?","$","?","R","E","R","T","M","M","?","E","$","R","BOSS","M","M","?","$","?","E","R","M","T","R","M","?","?","M","R","BOSS"],"items_purchased_type":["Relic","Card","Relic"],"build_version":"2020-12-13","purchased_purges":0,"victory":false,"max_hp_per_floor":[80,80,80,80,80,80,80,80,80,80,80,80,80,80,80,80,80,80,80,80,80,80,80,80,80,80,80,80,80,80,80,80,80,80,80],"card_choices":[{"not_picked":["Flex","True Grit"],"picked":"Perfected Strike","floor":1.0},{"not_picked":["Blood for Blood","Uppercut"],"picked":"Shockwave","floor":5.0},{"not_picked":["Havoc","Sever Soul","Flex"],"picked":"SKIP","floor":7.0},{"not_picked":["Cleave","True Grit"],"picked":"Twin Strike","floor":10.0},{"not_picked":["Infernal Blade","Hemokinesis"],"picked":"Seeing Red","floor":11.0},{"not_picked":["Shockwave","Rupture"],"picked":"Twin Strike","floor":13.0},{"not_picked":["Juggernaut","Immolate"],"picked":"Corruption","floor":16.0},{"not_picked":["Headbutt","Bloodletting"],"picked":"Battle Trance+1","floor":18.0},{"not_picked":["Rage+1","Sentinel"],"picked":"Perfected Strike","floor":19.0},{"not_picked":["Carnage+1","Havoc","Clash"],"picked":"SKIP","floor":23.0},{"not_picked":["Headbutt","Dual Wield"],"picked":"Impervious","floor":25.0},{"not_picked":["Twin Strike","True Grit"],"picked":"Entrench+1","floor":28.0},{"not_picked":["Thunderclap","Shrug It Off"],"picked":"Body Slam","floor":29.0},{"not_picked":["Flex","Pommel Strike"],"picked":"Entrench","floor":31.0},{"not_picked":["Corruption","Fiend Fire"],"picked":"Brutality","floor":33}],"player_experience":755859,"relics_obtained":[{"floor":7.0,"key":"Bag of Marbles"},{"floor":9.0,"key":"Meat on the Bone"},{"floor":12.0,"key":"Happy Flower"},{"floor":13.0,"key":"PreservedInsect"},{"floor":23.0,"key":"MealTicket"},{"floor":26.0,"key":"CeramicFish"},{"floor":34,"key":"MawBank"},{"floor":34,"key":"Singing Bowl"},{"floor":34,"key":"Ginger"}],"event_choices":[{"damage_healed":0.0,"max_hp_gain":0.0,"max_hp_loss":0.0,"gold_gain":0.0,"event_name":"Golden Idol","player_choice":"Take Damage","floor":2.0,"gold_loss":0.0,"damage_taken":20.0,"relics_obtained":["Golden Idol"]},{"cards_removed":["Defend_R"],"damage_healed":0.0,"max_hp_gain":0.0,"max_hp_loss":0.0,"gold_gain":0.0,"event_name":"Bonfire Elementals","player_choice":"Offered Basic","floor":3.0,"gold_loss":0.0,"damage_taken":0.0},{"damage_healed":0.0,"max_hp_gain":0.0,"max_hp_loss":0.0,"gold_gain":0.0,"event_name":"Addict","player_choice":"Obtained Relic","floor":20.0,"gold_loss":85.0,"damage_taken":0.0,"relics_obtained":["Ancient Tea Set"]},{"cards_removed":["Defend_R"],"damage_healed":0.0,"max_hp_gain":0.0,"max_hp_loss":0.0,"gold_gain":0.0,"event_name":"Purifier","player_choice":"Purged","floor":22.0,"gold_loss":0.0,"damage_taken":0.0},{"damage_healed":0.0,"max_hp_gain":0.0,"max_hp_loss":0.0,"gold_gain":100.0,"event_name":"Golden Shrine","player_choice":"Pray","floor":30.0,"gold_loss":0.0,"damage_taken":0.0}],"is_beta":false,"boss_relics":[{"not_picked":["Fusion Hammer","Busted Crown"],"picked":"SacredBark"},{"not_picked":["Sozu","Runic Dome"],"picked":"Calling Bell"}],"items_purged_floors":[],"is_endless":false,"potions_floor_spawned":[1,7,10,19,28,29],"ascension_level":0}}