{"host":"f5n4tidiz2n5sooh","time":1608620893,"event":{"mods":["BaseMod","Bestiary","Colored Map","Minty Spire (QoL Compilation)","Relic Stats","StSLib"],"gold_per_floor":[118,73,88,107,124,157,157,169,169,169,187,207,207,236,236,308,308,324,324,324,338,358,358,378,378,378,710,710,720,754,771,771,844,844,858,909,909,934,954,954,207,207,288,298,311,343,361,377,377,377,377,377],"floor_reached":51,"playtime":2509,"items_purged":["Strike_R+1"],"score":1491,"play_id":"42aac3b5-9733-4d1c-8810-9c1107ed3378","local_time":"20201222010813","is_ascension_mode":true,"campfire_choices":[{"data":"Carnage","floor":7.0,"key":"SMITH"},{"data":"1","floor":13.0,"key":"LIFT"},{"data":"2","floor":15.0,"key":"LIFT"},{"data":"3","floor":25,"key":"LIFT"},{"data":"Feed","floor":28,"key":"SMITH"},{"data":"True Grit","floor":32,"key":"SMITH"},{"data":"Disarm","floor":40,"key":"SMITH"},{"data":"Shrug It Off","floor":42,"key":"SMITH"},{"floor":49,"key":"RECALL"}],"circlet_count":0,"master_deck":["AscendersBane","Strike_R+1","Strike_R+1","Strike_R+1","Defend_R+1","Defend_R+1","Defend_R+1","Defend_R+1","Bash","Twin Strike","Pummel","Spot Weakness+1","Carnage+1","Spot Weakness","True Grit+1","Heavy Blade","Feed+1","Immolate","Disarm+1","Feel No Pain","Burning Pact","Shockwave+1","Entrench+1","Shrug It Off+1","Sever Soul+1"],"relics":["Burning Blood","TungstenRod","Girya","Du-Vu Doll","Snecko Eye","Old Coin","Ginger","Velvet Choker","Ice Cream","Incense Burner","Kunai","War Paint","TheAbacus","Molten Egg 2","Torii"],"acts_visited":["Exordium","TheCity","TheBeyond"],"potions_floor_usage":[24,29,30,35,45,47,50,51],"damage_taken":[{"damage":6.0,"enemies":"Cultist","floor":1.0,"turns":3.0},{"damage":5.0,"enemies":"Small Slimes","floor":3.0,"turns":3.0},{"damage":12.0,"enemies":"Jaw Worm","floor":4.0,"turns":2.0},{"damage":6.0,"enemies":"Looter","floor":5.0,"turns":2.0},{"damage":40.0,"enemies":"Lagavulin","floor":6.0,"turns":6.0},{"damage":34.0,"enemies":"Gremlin Gang","floor":8.0,"turns":4.0},{"damage":7.0,"enemies":"Blue Slaver","floor":11.0,"turns":3.0},{"damage":5.0,"enemies":"3 Louse","floor":12.0,"turns":3.0},{"damage":19.0,"enemies":"3 Sentries","floor":14.0,"turns":8.0},{"damage":31.0,"enemies":"Slime Boss","floor":16.0,"turns":7.0},{"damage":15.0,"enemies":"Shell Parasite","floor":18.0,"turns":2.0},{"damage":16.0,"enemies":"3 Byrds","floor":21.0,"turns":6.0},{"damage":15.0,"enemies":"Snake Plant","floor":22.0,"turns":2.0},{"damage":12,"enemies":"3 Cultists","floor":24,"turns":4},{"damage":18,"enemies":"Slavers","floor":27,"turns":4},{"damage":1,"enemies":"Centurion and Healer","floor":29,"turns":5},{"damage":0,"enemies":"Gremlin Leader","floor":30,"turns":4},{"damage":21,"enemies":"Snake Plant","floor":31,"turns":3},{"damage":30,"enemies":"Champ","floor":33,"turns":10},{"damage":5,"enemies":"Orb Walker","floor":35,"turns":3},{"damage":57,"enemies":"2 Orb Walkers","floor":36,"turns":5},{"damage":12,"enemies":"Mind Bloom Boss Battle","floor":38,"turns":6},{"damage":16,"enemies":"3 Shapes","floor":39,"turns":2},{"damage":12,"enemies":"Sphere and 2 Shapes","floor":44,"turns":5},{"damage":0,"enemies":"Transient","floor":45,"turns":6},{"damage":27,"enemies":"Nemesis","floor":46,"turns":5},{"damage":16,"enemies":"Jaw Worm Horde","floor":47,"turns":4},{"damage":0,"enemies":"3 Darklings","floor":48,"turns":4},{"damage":30,"enemies":"Awakened One","floor":50,"turns":11},{"damage":38,"enemies":"Time Eater","floor":51,"turns":7}],"seed_played":"-9105200654538057014","potions_obtained":[{"floor":5.0,"key":"BloodPotion"},{"floor":8.0,"key":"BloodPotion"},{"floor":16.0,"key":"Weak Potion"},{"floor":18.0,"key":"Fire Potion"},{"floor":24,"key":"PowerPotion"},{"floor":27,"key":"Block Potion"},{"floor":30,"key":"Energy Potion"},{"floor":31,"key":"BloodPotion"},{"floor":35,"key":"FearPotion"},{"floor":47,"key":"Strength Potion"},{"floor":48,"key":"Energy Potion"}],"is_trial":false,"path_per_floor":["M","$","M","M","M","E","R","M","T","?","M","M","R","E","R","B",null,"M","?","?","M","M","?","M","R","T","E","R","M","E","M","R","B",null,"M","?","?","?","M","R","$","R","T","M","M","E","M","M","R","B","B"],"character_chosen":"IRONCLAD","items_purchased":["Pummel","Kunai","War Paint","TheAbacus","Shrug It Off"],"campfire_rested":0,"item_purchase_floors":[2,41,41,41,41],"current_hp_per_floor":[75,75,76,70,70,36,36,8,8,8,23,27,27,17,17,12,71,65,65,60,53,44,44,41,41,41,32,32,41,51,40,40,16,90,118,71,71,69,63,63,63,63,63,57,63,46,40,46,46,26,0,0],"gold":377,"neow_bonus":"TEN_PERCENT_HP_BONUS","is_daily":false,"chose_seed":false,"campfire_upgraded":5,"win_rate":0.0,"timestamp":1608620893,"path_taken":["M","$","M","M","?","E","R","M","T","?","M","M","R","E","R","BOSS","M","?","?","?","M","?","M","R","T","E","R","M","E","M","R","BOSS","M","?","?","?","M","R","?","R","T","M","M","E","M","?","R","BOSS","BOSS"],"items_purchased_type":["Card","Relic","Relic","Relic","Card"],"build_version":"2020-12-13","purchased_purges":1,"victory":false,"max_hp_per_floor":[82,82,82,82,82,82,82,82,82,82,82,85,85,88,88,91,91,94,94,94,97,97,97,100,100,100,103,103,107,111,115,115,115,115,119,123,123,127,131,131,131,131,131,131,131,135,139,139,139,143,143,143],"relic_stats":{"TheAbacus":[78],"Torii":14,"counters":[30,139],"Snecko Eye":[170,174,163,171],"Ginger":[5],"Kunai":[10],"War Paint":["Entrench","Spot Weakness"],"obtain_stats":[{"Ice Cream":36,"Girya":9,"Torii":46,"Velvet Choker":34,"Incense Burner":38,"Ginger":30,"War Paint":41,"Burning Blood":0,"Old Coin":27,"Du-Vu Doll":14,"TheAbacus":41,"Snecko Eye":17,"Molten Egg 2":43,"Kunai":41,"TungstenRod":6},{"Ice Cream":21,"Girya":6,"Torii":26,"Velvet Choker":19,"Incense Burner":22,"Ginger":17,"War Paint":23,"Burning Blood":0,"Old Coin":15,"Du-Vu Doll":9,"TheAbacus":23,"Snecko Eye":10,"Molten Egg 2":23,"Kunai":23,"TungstenRod":5},{"Ice Cream":89,"Girya":20,"Torii":113,"Velvet Choker":81,"Incense Burner":95,"Ginger":68,"War Paint":97,"Burning Blood":0,"Old Coin":59,"Du-Vu Doll":34,"TheAbacus":97,"Snecko Eye":41,"Molten Egg 2":97,"Kunai":97,"TungstenRod":16}],"Burning Blood":174,"TungstenRod":83},"card_choices":[{"not_picked":["Anger","Sword Boomerang"],"picked":"Twin Strike","floor":1.0},{"not_picked":["Clash","Twin Strike"],"picked":"Spot Weakness","floor":3.0},{"not_picked":["Havoc","Flex"],"picked":"Carnage","floor":4.0},{"not_picked":["Fire Breathing","Dark Embrace"],"picked":"Spot Weakness","floor":5.0},{"not_picked":["Sentinel","Dropkick"],"picked":"True Grit","floor":6.0},{"not_picked":["Combust","Sword Boomerang"],"picked":"Heavy Blade","floor":8.0},{"not_picked":["Shockwave","Body Slam"],"picked":"Feed","floor":11.0},{"not_picked":["Evolve","Infernal Blade","Warcry"],"picked":"SKIP","floor":12.0},{"not_picked":["Bloodletting","Body Slam","Armaments"],"picked":"SKIP","floor":14.0},{"not_picked":["Impervious","Brutality"],"picked":"Immolate","floor":16.0},{"not_picked":["Headbutt","Carnage"],"picked":"Disarm","floor":18.0},{"not_picked":["Havoc","Clash+1","Rampage"],"picked":"SKIP","floor":21.0},{"not_picked":["Armaments","Rampage","Flex+1"],"picked":"SKIP","floor":22.0},{"not_picked":["Clash","Iron Wave+1"],"picked":"Burning Pact","floor":24},{"not_picked":["Burning Pact","Demon Form","Cleave"],"picked":"SKIP","floor":27},{"not_picked":["Burning Pact","Demon Form","Cleave"],"picked":"SKIP","floor":27},{"not_picked":["Thunderclap","Pommel Strike","Armaments+1"],"picked":"SKIP","floor":29},{"not_picked":["Thunderclap","Pommel Strike","Armaments+1"],"picked":"SKIP","floor":29},{"not_picked":["Blood for Blood","Clothesline","Burning Pact+1"],"picked":"SKIP","floor":30},{"not_picked":["Anger","Twin Strike"],"picked":"Shockwave+1","floor":31},{"not_picked":["Carnage","Iron Wave","Clothesline"],"picked":"SKIP","floor":35},{"not_picked":["Clothesline","Flex+1"],"picked":"Entrench","floor":36},{"not_picked":["Sword Boomerang","Uppercut+1","Dual Wield"],"picked":"SKIP","floor":39},{"not_picked":["Sword Boomerang","Uppercut+1","Dual Wield"],"picked":"SKIP","floor":39},{"not_picked":["Sentinel","True Grit","Flex+1"],"picked":"SKIP","floor":44},{"not_picked":["Havoc","Cleave+1"],"picked":"Sever Soul+1","floor":45},{"not_picked":["Anger+1","Sever Soul+1","Iron Wave+1"],"picked":"SKIP","floor":46},{"not_picked":["Anger+1","Perfected Strike+1","Fire Breathing"],"picked":"SKIP","floor":47},{"not_picked":["Thunderclap+1","Clash+1","Sever Soul+1"],"picked":"SKIP","floor":48}],"player_experience":1913987,"relics_obtained":[{"floor":6.0,"key":"TungstenRod"},{"floor":9.0,"key":"Girya"},{"floor":14.0,"key":"Du-Vu Doll"},{"floor":27,"key":"Old Coin"},{"floor":30,"key":"Ginger"},{"floor":36,"key":"Ice Cream"},{"floor":38,"key":"Incense Burner"},{"floor":43,"key":"Molten Egg 2"},{"floor":46,"key":"Torii"}],"event_choices":[{"cards_removed":["Strike_R"],"damage_healed":0.0,"max_hp_gain":0.0,"max_hp_loss":0.0,"gold_gain":0.0,"event_name":"Living Wall","player_choice":"Forget","floor":10.0,"gold_loss":0.0,"damage_taken":0.0},{"damage_healed":0.0,"max_hp_gain":0.0,"max_hp_loss":0.0,"gold_gain":0.0,"event_name":"The Library","player_choice":"Read","floor":19.0,"gold_loss":0.0,"damage_taken":0.0,"cards_obtained":["Feel No Pain"]},{"damage_healed":0.0,"max_hp_gain":0.0,"max_hp_loss":0.0,"gold_gain":0.0,"event_name":"Knowing Skull","player_choice":"","floor":20.0,"potions_obtained":[],"gold_loss":0.0,"damage_taken":6.0,"cards_obtained":[]},{"damage_healed":0.0,"max_hp_gain":0.0,"max_hp_loss":0.0,"gold_gain":0.0,"event_name":"Back to Basics","player_choice":"Simplicity","floor":23.0,"gold_loss":0.0,"damage_taken":0.0,"cards_upgraded":["Strike_R","Strike_R","Strike_R","Strike_R","Defend_R","Defend_R","Defend_R","Defend_R"]},{"damage_healed":0,"gold_gain":0,"player_choice":"Fight","damage_taken":0,"max_hp_gain":0,"max_hp_loss":0,"event_name":"Mysterious Sphere","floor":36,"gold_loss":0},{"damage_healed":0,"gold_gain":0,"player_choice":"Memory 1","damage_taken":0,"max_hp_gain":0,"max_hp_loss":0,"event_name":"SensoryStone","floor":37,"gold_loss":0},{"damage_healed":0,"gold_gain":0,"player_choice":"Fight","damage_taken":0,"max_hp_gain":0,"max_hp_loss":0,"event_name":"MindBloom","floor":38,"gold_loss":0}],"is_beta":false,"boss_relics":[{"not_picked":["Sozu","Cursed Key"],"picked":"Snecko Eye"},{"not_picked":["Philosopher\u0027s Stone","Black Blood"],"picked":"Velvet Choker"}],"items_purged_floors":[41],"is_endless":false,"potions_floor_spawned":[5,8,16,18,24,27,30,31,35,44,47,48],"killed_by":"Time Eater","ascension_level":20}}