{"host":"sdjng9zhqonqi3uc","time":1608657575,"event":{"mods":["2.2 Compatiblity","AchievementEnabler","BaseMod","BetterRewards","Colored Powertips","Hero for Fun","Minty Spire (QoL Compilation)","StSLib","Td1madao Mod"],"gold_per_floor":[110,110,110,285,34,48,77,107,107,107,123,155,8,27,27,132,132,150,75,75,75,25,25,50,0,24,54,54,69,85,103,103,103,103],"floor_reached":33,"playtime":2121,"items_purged":["Regret","Strike_C"],"score":316,"play_id":"c9dead68-d511-4d40-9ea3-bd0ba1316b74","local_time":"20201222181935","is_ascension_mode":false,"campfire_choices":[{"data":"Machining","floor":10.0,"key":"SMITH"},{"data":"Black Contract","floor":15.0,"key":"SMITH"},{"data":"Furious","floor":23.0,"key":"SMITH"},{"data":"Here Defend Chip","floor":32,"key":"SMITH"}],"circlet_count":0,"master_deck":["Strike_C","Strike_C+1","Strike_C","Defend_C","Defend_C","Defend_C","Defend_C","Knight Kick+1","Chip","Fire Up","Machining+1","Fire Blade","Black Spear","Break Into","Machining","Black Contract+1","Here Defend Chip+1","Furious+1","Cooling Song+1","New Defend Magic","Black Hand+1","Paralysis","Decay","Defend System","Black Shadow+1","Backup"],"relics":["Apod","NeowsBlessing","Ancient Tea Set","Meat on the Bone","Juzu Bracelet","Bronze Scales","Odd Mushroom","Eternal Feather","Torii","Membership Card","Black Star","Tiny Chest","Potion Belt","Art of War","Whetstone","Centennial Puzzle","Pear"],"acts_visited":["Exordium","TheCity"],"potions_floor_usage":[31],"damage_taken":[{"damage":0.0,"enemies":"Jaw Worm","floor":1.0,"turns":1.0},{"damage":0.0,"enemies":"Small Slimes","floor":6.0,"turns":2.0},{"damage":0.0,"enemies":"3 Sentries","floor":7.0,"turns":1.0},{"damage":17.0,"enemies":"The Mushroom Lair","floor":8.0,"turns":6.0},{"damage":1.0,"enemies":"Cultist","floor":11.0,"turns":3.0},{"damage":12.0,"enemies":"Lagavulin","floor":12.0,"turns":5.0},{"damage":2.0,"enemies":"2 Fungi Beasts","floor":14.0,"turns":3.0},{"damage":49.0,"enemies":"The Guardian","floor":16.0,"turns":7.0},{"damage":20.0,"enemies":"Spheric Guardian","floor":18.0,"turns":6.0},{"damage":22.0,"enemies":"Book of Stabbing","floor":24.0,"turns":5.0},{"damage":39.0,"enemies":"Slavers","floor":27.0,"turns":6.0},{"damage":1.0,"enemies":"Chosen","floor":29.0,"turns":4.0},{"damage":15,"enemies":"Sentry and Sphere","floor":30,"turns":8},{"damage":9,"enemies":"Snake Plant","floor":31,"turns":4},{"damage":56,"enemies":"Automaton","floor":33,"turns":4}],"seed_played":"8978040524915847847","potions_obtained":[{"floor":6.0,"key":"FearPotion"},{"floor":11.0,"key":"DistilledChaos"},{"floor":16.0,"key":"SkillPotion"},{"floor":24.0,"key":"Weak Potion"},{"floor":30,"key":"Block Potion"}],"is_trial":false,"path_per_floor":["M","?","?","?","$","M","E","?","T","R","M","E","$","M","R","B",null,"M","?","?","?","$","R","E","?","T","E","?","M","M","M","R","B"],"character_chosen":"TD1MADAO_CLASS","items_purchased":["Juzu Bracelet","Machining","Membership Card"],"campfire_rested":0,"item_purchase_floors":[5,5,13],"current_hp_per_floor":[70,58,58,58,58,58,58,41,41,50,49,37,37,47,56,19,70,50,50,50,50,50,62,40,40,40,23,23,34,31,34,49,0,0],"gold":103,"neow_bonus":"THREE_ENEMY_KILL","is_daily":false,"chose_seed":false,"campfire_upgraded":4,"win_rate":0.0,"timestamp":1608657575,"path_taken":["M","?","?","?","$","M","E","?","T","R","M","E","$","M","R","BOSS","M","?","?","?","$","R","E","?","T","E","?","M","M","M","R","BOSS"],"items_purchased_type":["Relic","Card","Relic"],"build_version":"2020-12-13","purchased_purges":2,"victory":false,"max_hp_per_floor":[70,70,70,70,70,70,70,70,70,70,70,70,70,70,70,70,70,70,70,70,70,70,70,70,70,70,80,80,80,80,80,80,80,80],"card_choices":[{"not_picked":["Twin Teeth","Light Attack"],"picked":"Fire Up","floor":1.0},{"not_picked":["Twin Teeth","Here Defend Chip"],"picked":"Fire Blade","floor":6.0},{"not_picked":["White Contract","Resistance"],"picked":"Black Spear","floor":7.0},{"not_picked":["Fixing","Provocative"],"picked":"Break Into","floor":8.0},{"not_picked":["Provocative","Rupture"],"picked":"Machining","floor":11.0},{"not_picked":["Afterwards","Recovery Mechanism"],"picked":"Black Contract","floor":12.0},{"not_picked":["Fire Up","Fixing"],"picked":"Here Defend Chip","floor":14.0},{"not_picked":["Black Contract","Bursts"],"picked":"Furious","floor":16.0},{"not_picked":["Preloading","Reinforcement Parts"],"picked":"Cooling Song+1","floor":18.0},{"not_picked":["Twin Teeth","Three Hit"],"picked":"Black Hand+1","floor":24.0},{"not_picked":["Machining","Preloading+1"],"picked":"Paralysis","floor":27.0},{"not_picked":["Floating Swing Kick","Light Attack+1"],"picked":"Defend System","floor":29.0},{"not_picked":["Load Balancing","White Contract"],"picked":"Black Shadow+1","floor":30},{"not_picked":["Defend System","Load Balancing"],"picked":"Backup","floor":31}],"player_experience":203878,"relics_obtained":[{"floor":7.0,"key":"Bronze Scales"},{"floor":8.0,"key":"Odd Mushroom"},{"floor":9.0,"key":"Eternal Feather"},{"floor":12.0,"key":"Torii"},{"floor":24.0,"key":"Potion Belt"},{"floor":24.0,"key":"Art of War"},{"floor":26.0,"key":"Whetstone"},{"floor":27.0,"key":"Centennial Puzzle"},{"floor":27.0,"key":"Pear"}],"event_choices":[{"damage_healed":0.0,"max_hp_gain":0.0,"max_hp_loss":0.0,"gold_gain":0.0,"event_name":"Scrap Ooze","player_choice":"Success","floor":2.0,"gold_loss":0.0,"damage_taken":12.0,"relics_obtained":["Ancient Tea Set"]},{"damage_healed":0.0,"max_hp_gain":0.0,"max_hp_loss":0.0,"gold_gain":0.0,"event_name":"Big Fish","player_choice":"Box","floor":3.0,"gold_loss":0.0,"damage_taken":0.0,"relics_obtained":["Meat on the Bone"],"cards_obtained":["Regret"]},{"damage_healed":0.0,"max_hp_gain":0.0,"max_hp_loss":0.0,"gold_gain":175.0,"event_name":"Liars Game","player_choice":"AGREE","floor":4.0,"gold_loss":0.0,"damage_taken":0.0,"cards_obtained":["Doubt"]},{"damage_healed":0.0,"max_hp_gain":0.0,"max_hp_loss":0.0,"gold_gain":0.0,"event_name":"Mushrooms","player_choice":"Fought Mushrooms","floor":8.0,"gold_loss":0.0,"damage_taken":0.0},{"cards_removed":["Doubt"],"damage_healed":0.0,"max_hp_gain":0.0,"max_hp_loss":0.0,"gold_gain":0.0,"event_name":"Beggar","player_choice":"Gave Gold","floor":19.0,"gold_loss":75.0,"damage_taken":0.0},{"damage_healed":0.0,"max_hp_gain":0.0,"max_hp_loss":0.0,"gold_gain":0.0,"event_name":"WeMeetAgain","player_choice":"Gave Potion","floor":20.0,"gold_loss":0.0,"damage_taken":0.0,"relics_obtained":["Tiny Chest"]},{"damage_healed":0.0,"max_hp_gain":0.0,"max_hp_loss":0.0,"gold_gain":0.0,"event_name":"The Library","player_choice":"Read","floor":21.0,"gold_loss":0.0,"damage_taken":0.0,"cards_obtained":["New Defend Magic"]},{"damage_healed":0.0,"max_hp_gain":0.0,"max_hp_loss":0.0,"gold_gain":0.0,"event_name":"Masked Bandits","player_choice":"Paid Fearfully","floor":25.0,"gold_loss":50.0,"damage_taken":0.0},{"damage_healed":0.0,"max_hp_gain":0.0,"max_hp_loss":0.0,"gold_gain":0.0,"event_name":"Forgotten Altar","player_choice":"Smashed Altar","floor":28.0,"gold_loss":0.0,"damage_taken":0.0,"cards_obtained":["Decay"]}],"is_beta":false,"boss_relics":[{"not_picked":["SacredBark","Fusion Hammer"],"picked":"Black Star"}],"items_purged_floors":[5,22],"is_endless":false,"potions_floor_spawned":[6,11,16,24,30],"killed_by":"Automaton","ascension_level":0}}