{"host":"njcl8kinlkfw245p","time":1608608970,"event":{"mods":["BaseMod","Block Reminder","Colored Map","KinomotoSakuraMod(????)","Minty Spire (QoL Compilation)","StSLib","The Senshi"],"gold_per_floor":[109,37,37,100,111,111,137,137,137,163,163,180,206,206,206,305,305,316,56,66,86,86,86,86,117,165,165,200,48,79,89,89,192,192,205,205,222,234,247,247,247,282,282,282,301,16,25,39,39,39,39,39,3,43,43,43],"floor_reached":55,"playtime":5971,"items_purged":[],"score":1114,"play_id":"30e17b99-b34b-449b-a41d-18bdd9095eeb","local_time":"20201221194930","is_ascension_mode":true,"campfire_choices":[{"data":"ClowCardTheWave","floor":6.0,"key":"SMITH"},{"floor":8.0,"key":"REST"},{"data":"ClowCardTheMove","floor":15.0,"key":"SMITH"},{"data":"ClowCardTheBig","floor":23.0,"key":"SMITH"},{"data":"ClowCardTheWave","floor":27.0,"key":"SMITH"},{"floor":32.0,"key":"REST"},{"floor":40.0,"key":"REST"},{"floor":44.0,"key":"RECALL"},{"data":"ClowCardTheLight","floor":49.0,"key":"SMITH"},{"data":"ClowCardTheMirror","floor":52.0,"key":"SMITH"}],"circlet_count":0,"master_deck":["SakuraCardTheFly+","SakuraCardTheWindy+","SakuraCardTheMove+","ClowCardTheSword","ClowCardTheSword","ClowCardTheSword+1","ClowCardTheSword+1","ClowCardTheShield","ClowCardTheShield","ClowCardTheShield","ClowCardTheShield","SpellCardSeal+1","SpellCardRelease","ClowCardThePower","ClowCardTheWave+1","ClowCardTheMove+1","ClowCardTheMirror+1","ClowCardTheMaze","ClowCardTheWave+1","ClowCardTheDark","ClowCardTheFlower+1","ClowCardTheMove+1","ClowCardTheBig+1","ClowCardTheBubbles","ClowCardTheGlow+1","SpellCardSeal+1","ClowCardTheLight+1","ClowCardTheMove+1","ClowCardTheBig+1","ClowCardTheArrow","ClowCardTheFly+1","Doubt","ClowCardTheFlower+1"],"relics":["KSMOD_SealedBook","KSMOD_StarWand","PreservedInsect","Whetstone","Oddly Smooth Stone","HornCleat","Toxic Egg 2","KSMOD_DarknessWand","KSMOD_SwordJade","Gremlin Horn","Art of War","Bronze Scales","Membership Card","Sundial","CeramicFish","KSMOD_TaoistSuit","Anchor","Bottled Flame","ClockworkSouvenir","KSMOD_YukitosBentoBox"],"acts_visited":["TheBeyond","TheEnding"],"potions_floor_usage":[55,55],"damage_taken":[{"damage":6.0,"enemies":"Jaw Worm","floor":1.0,"turns":4.0},{"damage":2.0,"enemies":"2 Louse","floor":5.0,"turns":3.0},{"damage":14.0,"enemies":"Gremlin Nob","floor":7.0,"turns":4.0},{"damage":16.0,"enemies":"3 Sentries","floor":10.0,"turns":6.0},{"damage":0.0,"enemies":"Cultist","floor":12.0,"turns":4.0},{"damage":0.0,"enemies":"Lagavulin","floor":13.0,"turns":6.0},{"damage":2.0,"enemies":"Hexaghost","floor":16.0,"turns":6.0},{"damage":0.0,"enemies":"Shell Parasite","floor":18.0,"turns":5.0},{"damage":18.0,"enemies":"3 Byrds","floor":20.0,"turns":5.0},{"damage":0.0,"enemies":"3 Cultists","floor":21.0,"turns":3.0},{"damage":4.0,"enemies":"Book of Stabbing","floor":25.0,"turns":3.0},{"damage":5.0,"enemies":"Gremlin Leader","floor":28.0,"turns":5.0},{"damage":2.0,"enemies":"Book of Stabbing","floor":30.0,"turns":3.0},{"damage":15.0,"enemies":"Cultist and Chosen","floor":31.0,"turns":4.0},{"damage":4.0,"enemies":"Champ","floor":33.0,"turns":8.0},{"damage":28.0,"enemies":"3 Shapes","floor":35.0,"turns":4.0},{"damage":0.0,"enemies":"Orb Walker","floor":37.0,"turns":4.0},{"damage":29.0,"enemies":"Spire Growth","floor":38.0,"turns":5.0},{"damage":14.0,"enemies":"Maw","floor":39.0,"turns":6.0},{"damage":0.0,"enemies":"Reptomancer","floor":42.0,"turns":3.0},{"damage":21.0,"enemies":"Jaw Worm Horde","floor":45.0,"turns":3.0},{"damage":36.0,"enemies":"4 Shapes","floor":48.0,"turns":2.0},{"damage":4.0,"enemies":"Donu and Deca","floor":50.0,"turns":6.0},{"damage":64.0,"enemies":"Shield and Spear","floor":54.0,"turns":4.0},{"damage":8,"enemies":"The Heart","floor":55,"turns":2}],"seed_played":"-2299916514420172194","potions_obtained":[{"floor":1.0,"key":"Block Potion"},{"floor":10.0,"key":"SpeedPotion"},{"floor":16.0,"key":"Swift Potion"},{"floor":21.0,"key":"Regen Potion"},{"floor":28.0,"key":"BlessingOfTheForge"},{"floor":45.0,"key":"Swift Potion"},{"floor":48.0,"key":"GamblersBrew"}],"is_trial":false,"path_per_floor":["M","$","?","?","M","R","E","R","T","E","T","M","E","?","R","B",null,"M","$","M","M","?","R","$","E","T","R","E","$","E","M","R","B",null,"M","?","M","M","M","R","?","E","T","R","M","$","?","M","R","B",null,"R","$","E","B"],"character_chosen":"KINOMOTOSAKURA","items_purchased":["ClowCardTheWave","KSMOD_SwordJade","ClowCardTheMove+1","ClowCardTheBig","Membership Card","Anchor","Bottled Flame","ClockworkSouvenir","DuplicationPotion"],"campfire_rested":3,"item_purchase_floors":[2,19,19,19,29,46,46,46,53],"current_hp_per_floor":[64,64,64,64,62,62,48,71,71,55,55,55,55,55,55,53,71,71,71,53,53,53,53,53,49,49,49,44,44,42,27,50,46,69,41,41,41,12,13,36,36,36,36,36,15,15,77,41,41,37,67,67,67,3,0,0],"gold":43,"neow_bonus":"TEN_PERCENT_HP_BONUS","is_daily":false,"chose_seed":false,"campfire_upgraded":6,"win_rate":0.0,"timestamp":1608608970,"path_taken":["M","$","?","?","M","R","E","R","T","E","?","M","E","?","R","BOSS","M","$","M","M","?","R","$","E","T","R","E","?","E","M","R","BOSS","M","?","M","?","M","R","?","E","T","R","?","?","?","M","R","BOSS","R","$","E","BOSS"],"items_purchased_type":["Card","Relic","Card","Card","Relic","Relic","Relic","Relic","Potion"],"build_version":"2020-12-13","purchased_purges":0,"victory":false,"max_hp_per_floor":[77,77,77,77,77,77,77,77,77,77,77,77,77,77,77,77,77,77,77,77,77,77,77,77,77,77,77,77,77,77,77,77,77,77,77,77,77,77,77,77,77,77,77,77,77,77,77,77,77,77,77,77,77,77,77,77],"card_choices":[{"not_picked":["ClowCardTheWindy","ClowCardTheIllusion"],"picked":"ClowCardThePower","floor":1.0},{"not_picked":["ClowCardTheDream","ClowCardTheVoice"],"picked":"ClowCardTheMove","floor":5.0},{"not_picked":["ClowCardTheCloud","ClowCardTheJump"],"picked":"ClowCardTheMirror","floor":7.0},{"not_picked":["ClowCardTheTime","ClowCardTheWood"],"picked":"ClowCardTheMove","floor":10.0},{"not_picked":["ClowCardThePower","ClowCardTheLibra"],"picked":"ClowCardTheMaze","floor":12.0},{"not_picked":["ClowCardTheRain","ClowCardTheGlow"],"picked":"ClowCardTheWave","floor":13.0},{"not_picked":["ClowCardTheReturn","ClowCardTheThunder"],"picked":"ClowCardTheDark","floor":16.0},{"not_picked":["ClowCardTheRain+1","ClowCardTheMirror+1"],"picked":"ClowCardTheFlower+1","floor":18.0},{"not_picked":["ClowCardThePower","ClowCardTheSleep+1"],"picked":"ClowCardTheBubbles","floor":20.0},{"not_picked":["ClowCardTheArrow","ClowCardTheShadow+1"],"picked":"ClowCardTheGlow+1","floor":21.0},{"not_picked":["ClowCardTheLoop","ClowCardTheEarthy+1"],"picked":"ClowCardTheWindy+1","floor":25.0},{"not_picked":["ClowCardTheFreeze","ClowCardTheSilent+1","ClowCardTheErase"],"picked":"SKIP","floor":28.0},{"not_picked":["ClowCardTheFreeze","ClowCardTheSilent+1","ClowCardTheErase"],"picked":"SKIP","floor":28.0},{"not_picked":["ClowCardTheWood+1","ClowCardTheReturn"],"picked":"ClowCardTheFly+1","floor":30.0},{"not_picked":["ClowCardTheMist+1","ClowCardTheIllusion+1","ClowCardTheJump+1"],"picked":"SKIP","floor":31.0},{"not_picked":["ClowCardTheCreate","ClowCardTheTwin"],"picked":"ClowCardTheLight","floor":33.0},{"not_picked":["ClowCardTheShadow+1","ClowCardTheDream+1"],"picked":"ClowCardTheMove+1","floor":35.0},{"not_picked":["ClowCardTheSong+1","ClowCardTheWindy+1"],"picked":"ClowCardTheBig+1","floor":37.0},{"not_picked":["ClowCardTheLibra+1","ClowCardTheBubbles"],"picked":"ClowCardTheArrow","floor":38.0},{"not_picked":["ClowCardTheChange+1","ClowCardTheLoop","ClowCardTheWood+1"],"picked":"SKIP","floor":39.0},{"not_picked":["ClowCardTheRain+1","ClowCardTheSand"],"picked":"ClowCardTheFly+1","floor":42.0},{"not_picked":["ClowCardTheSnow","ClowCardTheVoice+1","ClowCardTheBubbles+1"],"picked":"SKIP","floor":45.0},{"not_picked":["ClowCardTheMist+1","ClowCardTheEarthy+1","ClowCardTheShot"],"picked":"SKIP","floor":48.0},{"not_picked":["ClowCardTheSong+1","ClowCardTheLittle+1"],"picked":"ClowCardTheFlower+1","floor":54.0}],"player_experience":859228,"relics_obtained":[{"floor":7.0,"key":"PreservedInsect"},{"floor":10.0,"key":"Whetstone"},{"floor":11.0,"key":"Oddly Smooth Stone"},{"floor":13.0,"key":"HornCleat"},{"floor":25.0,"key":"Gremlin Horn"},{"floor":26.0,"key":"Art of War"},{"floor":28.0,"key":"Bronze Scales"},{"floor":30.0,"key":"Sundial"},{"floor":42.0,"key":"CeramicFish"},{"floor":43.0,"key":"KSMOD_TaoistSuit"},{"floor":54.0,"key":"KSMOD_YukitosBentoBox"}],"event_choices":[{"damage_healed":0.0,"max_hp_gain":0.0,"max_hp_loss":0.0,"gold_gain":0.0,"event_name":"Living Wall","player_choice":"Grow","floor":3.0,"gold_loss":0.0,"damage_taken":0.0,"cards_upgraded":["SpellCardSeal"]},{"damage_healed":0.0,"max_hp_gain":0.0,"max_hp_loss":0.0,"gold_gain":63.0,"event_name":"Golden Wing","player_choice":"Gained Gold","floor":4.0,"gold_loss":0.0,"damage_taken":0.0},{"damage_healed":0.0,"max_hp_gain":0.0,"max_hp_loss":0.0,"gold_gain":0.0,"event_name":"Dead Adventurer","player_choice":"Searched \u00271\u0027 times","floor":14.0,"gold_loss":0.0,"damage_taken":0.0,"relics_obtained":["Toxic Egg 2"]},{"damage_healed":0.0,"max_hp_gain":0.0,"max_hp_loss":0.0,"gold_gain":0.0,"event_name":"Duplicator","player_choice":"Copied","floor":22.0,"gold_loss":0.0,"damage_taken":0.0,"cards_obtained":["SpellCardSeal"]},{"damage_healed":0.0,"max_hp_gain":0.0,"max_hp_loss":0.0,"gold_gain":0.0,"event_name":"Lab","player_choice":"Got Potions","floor":36.0,"gold_loss":0.0,"damage_taken":0.0},{"damage_healed":0.0,"max_hp_gain":0.0,"max_hp_loss":0.0,"gold_gain":0.0,"event_name":"The Woman in Blue","player_choice":"Bought 0 Potions","floor":41.0,"gold_loss":0.0,"damage_taken":0.0},{"damage_healed":62.0,"max_hp_gain":0.0,"max_hp_loss":0.0,"gold_gain":0.0,"event_name":"MindBloom","player_choice":"Heal","floor":47.0,"gold_loss":0.0,"damage_taken":0.0,"cards_obtained":["Doubt"]}],"is_beta":false,"boss_relics":[{"not_picked":["SlaversCollar","Philosopher\u0027s Stone"],"picked":"KSMOD_DarknessWand"},{"not_picked":["Tiny House","Calling Bell"],"picked":"KSMOD_StarWand"}],"items_purged_floors":[],"is_endless":false,"potions_floor_spawned":[1,10,16,21,28,31,33,37,45,48],"killed_by":"The Heart","ascension_level":8}}