{"host":"lh9qfzqeqctr28d2","time":1608613428,"event":{"mods":["BaseMod","Minty Spire (QoL Compilation)","Quick Restart","Relic Stats","StSLib"],"gold_per_floor":[],"floor_reached":45,"playtime":1570,"items_purged":[],"score":526,"play_id":"01a229f1-fd45-4e47-90c8-c1ed8e1aeeb1","local_time":"20201222130348","is_ascension_mode":true,"campfire_choices":[],"circlet_count":0,"master_deck":["Strike_G","Strike_G","Defend_G","Defend_G","Defend_G","Defend_G","Survivor","Neutralize","Bouncing Flask+1","Adrenaline+1","Discovery","Bouncing Flask+1","Noxious Fumes+1","Escape Plan","Catalyst","Bullet Time+1","Outmaneuver","Bane"],"relics":["Ring of the Snake","NeowsBlessing","Omamori","Blood Vial","Boot","Busted Crown","Pocketwatch","Juzu Bracelet","Prayer Wheel","Blue Candle","Fusion Hammer","Red Mask","Oddly Smooth Stone"],"acts_visited":["Exordium","TheCity","TheBeyond"],"potions_floor_usage":[],"damage_taken":[],"seed_played":"-7301668456885100082","potions_obtained":[],"is_trial":false,"path_per_floor":[],"character_chosen":"THE_SILENT","items_purchased":[],"campfire_rested":4,"item_purchase_floors":[],"current_hp_per_floor":[],"gold":150,"neow_bonus":"THREE_ENEMY_KILL","is_daily":false,"chose_seed":false,"campfire_upgraded":5,"win_rate":0.0,"timestamp":1608613428,"path_taken":[],"items_purchased_type":[],"build_version":"2020-12-13","purchased_purges":1,"victory":false,"max_hp_per_floor":[],"relic_stats":{"Blood Vial":12,"Busted Crown":24,"counters":[16,59],"Blue Candle":[0],"Prayer Wheel":4,"Juzu Bracelet":4,"Boot":[41],"obtain_stats":[{"NeowsBlessing":0,"Blue Candle":26,"Oddly Smooth Stone":43,"Omamori":7,"Juzu Bracelet":24,"Boot":14,"Blood Vial":9,"Busted Crown":17,"Prayer Wheel":25,"Fusion Hammer":34,"Red Mask":37,"Ring of the Snake":0,"Pocketwatch":21},{"NeowsBlessing":0,"Blue Candle":10,"Oddly Smooth Stone":14,"Omamori":3,"Juzu Bracelet":10,"Boot":6,"Blood Vial":4,"Busted Crown":7,"Prayer Wheel":10,"Fusion Hammer":12,"Red Mask":13,"Ring of the Snake":0,"Pocketwatch":9},{"NeowsBlessing":0,"Blue Candle":30,"Oddly Smooth Stone":47,"Omamori":3,"Juzu Bracelet":30,"Boot":13,"Blood Vial":6,"Busted Crown":18,"Prayer Wheel":30,"Fusion Hammer":40,"Red Mask":44,"Ring of the Snake":0,"Pocketwatch":26}],"Ring of the Snake":[32],"Pocketwatch":[3]},"card_choices":[],"player_experience":257988,"relics_obtained":[],"event_choices":[],"is_beta":false,"boss_relics":[],"items_purged_floors":[],"is_endless":false,"potions_floor_spawned":[],"killed_by":"Giant Head","ascension_level":1}}