{"host":"yy8mitdds7tg9c5m","time":1608639639,"event":{"mods":["Act Like it!","AlwaysNeverKeys","BaseMod","Better Note","Better Third Choice","Duelist Mod","GifTheSpireLib","Infinite Spire","Minty Spire (QoL Compilation)","Permanent Neow","Quick Restart","StSLib","egg"],"gold_per_floor":[140,140,140,155,168,168,199,211,211,211,227,167,167,187,187,285,285,303,228,228,228,228,228,128,128,128,128,146,180,191,191,191,286,286,306,306,306,326,326,326],"floor_reached":39,"playtime":1446,"items_purged":["theDuelist:CosmicHorrorGangiel+1","theDuelist:ArchfiendSoldier","theDuelist:SummonedSkull"],"score":422,"play_id":"45a3f006-0faf-4d87-bdfc-14217e970980","local_time":"20201222082038","is_ascension_mode":false,"campfire_choices":[{"data":"Mayhem","floor":6,"key":"SMITH"},{"floor":13,"key":"REST"},{"data":"theDuelist:Jinzo","floor":15,"key":"SMITH"},{"data":"theDuelist:RedMirror","floor":23,"key":"SMITH"},{"data":"theDuelist:TributeDoomed","floor":25,"key":"SMITH"},{"data":"theDuelist:ArchfiendHeiress","floor":27,"key":"SMITH"},{"data":"theDuelist:AcidTrapHole","floor":32,"key":"SMITH"}],"circlet_count":0,"master_deck":["theDuelist:ArchfiendSoldier","theDuelist:ArchfiendSoldier","theDuelist:CastleWalls","theDuelist:CastleWalls","theDuelist:FiendMegacyber","theDuelist:Jinzo+1","Mayhem+1","theDuelist:CallGrave","theDuelist:TributeDoomed","theDuelist:AcidTrapHole+1","theDuelist:ArchfiendHeiress+1","theDuelist:CallGrave","theDuelist:GoblinKing+1","theDuelist:Lajinn+1","theDuelist:RedMirror+1","theDuelist:TributeDoomed+1","theDuelist:ArchfiendGeneral+1","theDuelist:CallGrave+1","theDuelist:CallGrave","theDuelist:PutridPudding+1"],"relics":["theDuelist:MillenniumPuzzle","theDuelist:CardPoolRelic","theDuelist:CardPoolBasicRelic","theDuelist:BoosterPackPoolRelic","theDuelist:CardPoolAddRelic","theDuelist:CardPoolMinusRelic","theDuelist:CardPoolSaveRelic","theDuelist:CardPoolOptionsRelic","WarpedTongs","theDuelist:SummonAnchor","Nunchaku","Astrolabe","theDuelist:YugiMirror","Molten Egg 2","Philosopher\u0027s Stone","infinitespire:WardingShard","Bottled Lightning","theDuelist:MillenniumKey"],"acts_visited":["Exordium","TheCity","TheBeyond"],"potions_floor_usage":[14,29,29],"damage_taken":[{"damage":5,"enemies":"Small Slimes","floor":1,"turns":3},{"damage":14,"enemies":"Jaw Worm","floor":4,"turns":2},{"damage":1,"enemies":"Cultist","floor":5,"turns":3},{"damage":18,"enemies":"Gremlin Nob","floor":7,"turns":4},{"damage":9,"enemies":"2 Fungi Beasts","floor":8,"turns":3},{"damage":0,"enemies":"Exordium Thugs","floor":11,"turns":4},{"damage":0,"enemies":"3 Louse","floor":14,"turns":4},{"damage":2,"enemies":"Slime Boss","floor":16,"turns":8},{"damage":0,"enemies":"Shell Parasite","floor":18,"turns":1},{"damage":5,"enemies":"Chosen","floor":28,"turns":5},{"damage":12,"enemies":"Slavers","floor":29,"turns":2},{"damage":0,"enemies":"Sentry and Sphere","floor":30,"turns":3},{"damage":5,"enemies":"Automaton","floor":33,"turns":5},{"damage":13,"enemies":"3 Darklings","floor":35,"turns":3},{"damage":14,"enemies":"Orb Walker","floor":38,"turns":4},{"damage":0,"enemies":"3 Darklings","floor":39,"turns":1}],"seed_played":"7784105811987351601","potions_obtained":[{"floor":7,"key":"theDuelist:BottledKuriboh"},{"floor":8,"key":"theDuelist:StunPotion"},{"floor":11,"key":"theDuelist:SummonFuryPotion"},{"floor":16,"key":"theDuelist:BigOrbBottle"},{"floor":18,"key":"theDuelist:FlamingBottle"},{"floor":38,"key":"Swift Potion"}],"is_trial":false,"path_per_floor":["M","?","?","M","M","R","E","M","T","?","M","?","R","M","R","B",null,"M","$","?","?","AVR","R","$","R","T","R","M","E","M","?","R","B",null,"M","?","?","M","M"],"character_chosen":"THE_DUELIST","items_purchased":[],"campfire_rested":1,"item_purchase_floors":[],"current_hp_per_floor":[75,75,75,61,60,60,42,33,33,33,33,33,57,57,57,55,80,80,80,80,74,74,74,74,74,74,74,69,57,57,57,57,52,80,67,67,67,53,53,53],"gold":326,"neow_bonus":"RANDOM_COLORLESS","is_daily":false,"chose_seed":false,"campfire_upgraded":6,"win_rate":0.0,"timestamp":1608639638,"path_taken":["M","?","?","M","?","R","E","M","T","?","?","?","R","M","R","BOSS","M","$","?","?","AVR","R","?","R","T","R","M","E","M","?","R","BOSS","M","?","?","M","M"],"items_purchased_type":[],"build_version":"2020-12-13","purchased_purges":3,"victory":false,"max_hp_per_floor":[80,80,80,80,80,80,80,80,80,80,80,80,80,80,80,80,80,80,80,80,80,80,80,80,80,80,80,80,80,80,80,80,80,80,80,80,80,80,80,80],"card_choices":[{"not_picked":["Dramatic Entrance","Deep Breath"],"picked":"theDuelist:Jinzo","floor":0},{"not_picked":["theDuelist:GiantOrc","theDuelist:PortraitSecret","theDuelist:UmbralHorrorUniform","theDuelist:DarkFusion","theDuelist:TerraTerrible"],"picked":"SKIP","floor":1},{"not_picked":["theDuelist:FortressWarrior","theDuelist:GaiaFierce","theDuelist:RainbowOverdragon","theDuelist:LightningVortex","theDuelist:SmashingGround"],"picked":"SKIP","floor":4},{"not_picked":["Dramatic Entrance","Magnetism","The Bomb"],"picked":"Mayhem","floor":5},{"not_picked":["theDuelist:FabledGallabas","theDuelist:GoblinKing","theDuelist:EvilswarmNightmare","theDuelist:ArchfiendHeiress"],"picked":"theDuelist:CallGrave","floor":7},{"not_picked":["theDuelist:PowerGiant","theDuelist:DarkCreator","theDuelist:Jinzo","theDuelist:FluteKuriboh","theDuelist:LabyrinthWall"],"picked":"SKIP","floor":8},{"not_picked":["theDuelist:Wildfire","theDuelist:DarkEnergy","theDuelist:PotDuality","theDuelist:FeatherShot"],"picked":"theDuelist:TributeDoomed","floor":11},{"not_picked":["theDuelist:TwinHeadedWolf","theDuelist:DarkTinker","theDuelist:GiantOrc","theDuelist:DrivenDaredevil"],"picked":"theDuelist:ArchfiendHeiress","floor":14},{"not_picked":["theDuelist:Wildfire","theDuelist:PutridPudding","theDuelist:ArchfiendCommander","theDuelist:DarkMasterZorc"],"picked":"theDuelist:CallGrave","floor":16},{"not_picked":["theDuelist:DoomDonuts","theDuelist:DarknessNeosphere","theDuelist:Doomdog"],"picked":"theDuelist:RedMirror","floor":18},{"not_picked":["theDuelist:Tierra+1","theDuelist:DarkMasterZorc+1"],"picked":"theDuelist:ArchfiendGeneral+1","floor":28},{"not_picked":["theDuelist:DoomDonuts+1","theDuelist:DarknessNeosphere+1","theDuelist:RedMirror+1","theDuelist:Doomdog+1"],"picked":"theDuelist:CallGrave+1","floor":29},{"not_picked":["theDuelist:BerserkerCrush+1","theDuelist:DarkFusion+1","theDuelist:Wiretap","theDuelist:OneForOne+1","theDuelist:DianKeto+1"],"picked":"SKIP","floor":30},{"not_picked":["theDuelist:DarkCubicLord","theDuelist:ArchfiendCommander+1","theDuelist:FabledGallabas+1","theDuelist:DarkMasterZorc+1"],"picked":"theDuelist:CallGrave","floor":33},{"not_picked":["theDuelist:RainbowOverdragon+1","theDuelist:DarkCreator+1","theDuelist:PowerGiant+1","theDuelist:RedMedicine","theDuelist:Wiretap"],"picked":"SKIP","floor":35},{"not_picked":["theDuelist:Wildfire+1","theDuelist:Tierra+1","theDuelist:FabledGallabas+1","theDuelist:DarkMasterZorc+1"],"picked":"theDuelist:PutridPudding+1","floor":38}],"player_experience":273226,"relics_obtained":[{"floor":7,"key":"theDuelist:SummonAnchor"},{"floor":9,"key":"Nunchaku"},{"floor":26,"key":"infinitespire:WardingShard"},{"floor":29,"key":"Bottled Lightning"}],"event_choices":[{"total_magic_score":32,"gold_gain":0,"duelist":true,"damage_taken":0,"relics_obtained":[],"points":1,"max_hp_gain":0,"max_hp_loss":0,"spent_points":{"magic":0,"greed":0,"war":0,"power":1,"hunger":0},"event_name":"Nameless Tomb","floor":2,"gold_loss":0,"cards_obtained":[]},{"damage_healed":0,"gold_gain":0,"player_choice":"Rummage","damage_taken":0,"relics_obtained":["WarpedTongs"],"max_hp_gain":0,"max_hp_loss":0,"event_name":"Accursed Blacksmith","floor":3,"gold_loss":0,"cards_obtained":["Pain"]},{"cards_removed":["Pain"],"damage_healed":0,"gold_gain":0,"player_choice":"Purged","damage_taken":0,"max_hp_gain":0,"max_hp_loss":0,"event_name":"Purifier","floor":10,"gold_loss":0},{"damage_healed":0,"gold_gain":0,"player_choice":"Purchased Acid Trap Hole for 60 Gold.","duelist":true,"damage_taken":0,"max_hp_gain":0,"max_hp_loss":0,"event_name":"Card Trader","floor":12,"gold_loss":0},{"damage_healed":0,"gold_gain":0,"player_choice":"Bought 0 Potions","damage_taken":0,"max_hp_gain":0,"max_hp_loss":0,"event_name":"The Woman in Blue","floor":20,"gold_loss":0},{"damage_healed":0,"gold_gain":0,"player_choice":"Dig - random Duelist relic","duelist":true,"damage_taken":0,"max_hp_gain":0,"max_hp_loss":0,"event_name":"Aknamkanon\u0027s Tomb","floor":21,"gold_loss":0},{"damage_healed":0,"gold_gain":0,"player_choice":"Ignored","damage_taken":0,"max_hp_gain":0,"max_hp_loss":0,"event_name":"betterNote:BetterNote","floor":31,"gold_loss":0,"cards_obtained":["Demon Form"]},{"damage_healed":0,"gold_gain":0,"player_choice":"Ignored","damage_taken":0,"max_hp_gain":0,"max_hp_loss":0,"event_name":"Tomb of Lord Red Mask","floor":36,"gold_loss":0},{"damage_healed":0,"gold_gain":0,"player_choice":"Leave","duelist":true,"damage_taken":0,"max_hp_gain":0,"max_hp_loss":0,"event_name":"Card Trader","floor":37,"gold_loss":0}],"is_beta":false,"boss_relics":[{"not_picked":["Ectoplasm","HoveringKite"],"picked":"Astrolabe"},{"not_picked":["Snecko Eye","infinitespire:Burning Sword"],"picked":"theDuelist:MillenniumKey"}],"items_purged_floors":[19,22,24],"is_endless":false,"potions_floor_spawned":[7,8,11,16,18,28,38],"killed_by":"3 Darklings","ascension_level":0}}