{"host":"lmshf3swj20gmdor","time":1608677258,"event":{"mods":["Aspiration","BaseMod","Conspire","Downfall","Hubris","Mad Scientist","Minty Spire (QoL Compilation)","Replay The Spire","Spikes Relics","StSLib","Synergy Search","The Construct"],"gold_per_floor":[116,116,116,131,131,158,172,172,172],"floor_reached":8,"playtime":297,"items_purged":[],"score":76,"play_id":"f5510ff8-5d2b-4a62-bf0a-253c2e623ad4","local_time":"20201222224738","is_ascension_mode":true,"campfire_choices":[],"circlet_count":0,"master_deck":["Strike_B","Strike_B","Strike_B","Strike_B","Defend_B","Defend_B","Defend_B","Defend_B","Zap","Dualcast","hubris:Prefetch+1","Gash","Cold Snap","Time Bomb"],"relics":["Cracked Core","hubris:ToyBattleship","Replay:Towering Pillar of Hats"],"acts_visited":["Exordium"],"potions_floor_usage":[],"damage_taken":[{"damage":0,"enemies":"Small Slimes","floor":1,"turns":3},{"damage":6,"enemies":"Cultist","floor":4,"turns":4},{"damage":33,"enemies":"3 Sentries","floor":6,"turns":9},{"damage":2,"enemies":"Jaw Worm","floor":7,"turns":3},{"damage":29,"enemies":"Replay:BlueRogue","floor":8,"turns":7}],"seed_played":"-6398046283581086470","potions_obtained":[{"floor":4,"key":"FearPotion"},{"floor":6,"key":"Strength Potion"},{"floor":7,"key":"SteroidPotion"}],"is_trial":false,"path_per_floor":["M","$","?","M","?","E","M","E"],"character_chosen":"DEFECT","items_purchased":[],"campfire_rested":0,"item_purchase_floors":[],"current_hp_per_floor":[68,68,68,62,62,29,27,0,0],"gold":172,"neow_bonus":"ONE_RANDOM_RARE_CARD","is_daily":false,"chose_seed":false,"campfire_upgraded":0,"win_rate":0.0,"timestamp":1608677258,"path_taken":["M","$","?","?","?","E","M","E"],"items_purchased_type":[],"build_version":"2020-12-13","purchased_purges":0,"victory":false,"max_hp_per_floor":[75,75,75,75,75,75,75,75,75],"card_choices":[{"not_picked":["Compile Driver","Steam"],"picked":"Gash","floor":1},{"not_picked":["FIFO Queue","RefreshScreen"],"picked":"Cold Snap","floor":4},{"not_picked":["Streamline","Capacitor","DiskWipe"],"picked":"SKIP","floor":6},{"not_picked":["Rebound","Compile Driver"],"picked":"Time Bomb","floor":7}],"player_experience":838714,"relics_obtained":[{"floor":6,"key":"Replay:Towering Pillar of Hats"}],"event_choices":[{"damage_healed":0,"gold_gain":0,"player_choice":"Forge","damage_taken":0,"max_hp_gain":0,"max_hp_loss":0,"event_name":"Accursed Blacksmith","floor":3,"gold_loss":0,"cards_upgraded":["hubris:Prefetch"]},{"damage_healed":0,"gold_gain":0,"player_choice":"Gave Potion","damage_taken":0,"relics_obtained":["hubris:ToyBattleship"],"max_hp_gain":0,"max_hp_loss":0,"event_name":"WeMeetAgain","floor":5,"gold_loss":0}],"is_beta":false,"boss_relics":[],"items_purged_floors":[],"is_endless":false,"potions_floor_spawned":[4,6,7],"killed_by":"Replay:BlueRogue","ascension_level":7}}