{"host":"Fun","time":1608681096,"event":{"mods":["BaseMod","Colored Map","Filter the Spire","Minty Spire (QoL Compilation)","Relic Stats","StSLib"],"gold_per_floor":[117,117,37,55,55,87,87,105,105,135,155,155,180,195,195,268,268,285,210,210,135,50,50,82,82,137,137,164,164,181,206,206,277,277,294,43,55,55,69,69,102,102,102,137,157,175,188,199,199,199],"floor_reached":51,"playtime":2345,"items_purged":["Strike_G","Strike_G+1"],"score":1648,"play_id":"269eaece-db4e-4d2e-8e29-11acf0335cfe","local_time":"20201222185136","is_ascension_mode":true,"campfire_choices":[{"data":"Noxious Fumes","floor":7,"key":"SMITH"},{"data":"Well Laid Plans","floor":12,"key":"SMITH"},{"data":"Envenom","floor":15,"key":"SMITH"},{"data":"Wraith Form v2","floor":23,"key":"SMITH"},{"data":"Crippling Poison","floor":25,"key":"SMITH"},{"data":"Neutralize","floor":27,"key":"SMITH"},{"data":"Infinite Blades","floor":32,"key":"SMITH"},{"data":"Dagger Spray","floor":40,"key":"SMITH"},{"data":"Bane","floor":42,"key":"SMITH"},{"floor":49,"key":"REST"}],"circlet_count":0,"master_deck":["AscendersBane","Defend_G+1","Defend_G+1","Defend_G+1","Defend_G+1","Defend_G+1","Survivor","Neutralize+1","Infinite Blades+1","Noxious Fumes+1","Bane+1","Concentrate","PiercingWail","Well Laid Plans+1","Dodge and Roll","Dagger Spray+1","Envenom+1","Wraith Form v2+1","Crippling Poison+1","Backstab+1","Slice+1","Poisoned Stab+1","Escape Plan"],"relics":["Ring of the Snake","Incense Burner","WarpedTongs","FossilizedHelix","HornCleat","Kunai","Pantograph","Busted Crown","Frozen Egg 2","Pen Nib","Whetstone","Molten Egg 2","Art of War","Cursed Key","PreservedInsect","Ninja Scroll","Happy Flower"],"acts_visited":["Exordium","TheCity","TheBeyond"],"potions_floor_usage":[24,30,50,50,50,50],"damage_taken":[{"damage":4,"enemies":"Small Slimes","floor":1,"turns":5},{"damage":0,"enemies":"Jaw Worm","floor":4,"turns":4},{"damage":8,"enemies":"Lagavulin","floor":6,"turns":8},{"damage":0,"enemies":"Cultist","floor":8,"turns":4},{"damage":10,"enemies":"3 Sentries","floor":10,"turns":9},{"damage":0,"enemies":"Blue Slaver","floor":11,"turns":4},{"damage":0,"enemies":"Lagavulin","floor":13,"turns":8},{"damage":0,"enemies":"3 Louse","floor":14,"turns":5},{"damage":1,"enemies":"The Guardian","floor":16,"turns":9},{"damage":0,"enemies":"Chosen","floor":18,"turns":6},{"damage":0,"enemies":"Gremlin Leader","floor":24,"turns":7},{"damage":0,"enemies":"Book of Stabbing","floor":28,"turns":7},{"damage":0,"enemies":"3 Byrds","floor":30,"turns":2},{"damage":0,"enemies":"Gremlin Leader","floor":31,"turns":8},{"damage":0,"enemies":"Champ","floor":33,"turns":17},{"damage":0,"enemies":"Orb Walker","floor":35,"turns":6},{"damage":0,"enemies":"3 Shapes","floor":37,"turns":4},{"damage":0,"enemies":"Writhing Mass","floor":39,"turns":8},{"damage":0,"enemies":"Nemesis","floor":41,"turns":7},{"damage":1,"enemies":"Reptomancer","floor":44,"turns":7},{"damage":0,"enemies":"4 Shapes","floor":45,"turns":5},{"damage":0,"enemies":"Jaw Worm Horde","floor":46,"turns":4},{"damage":0,"enemies":"3 Darklings","floor":47,"turns":6},{"damage":0,"enemies":"Spire Growth","floor":48,"turns":6},{"damage":24,"enemies":"Donu and Deca","floor":50,"turns":11}],"seed_played":"3623370626040636946","potions_obtained":[{"floor":1,"key":"EssenceOfSteel"},{"floor":8,"key":"SneckoOil"},{"floor":10,"key":"LiquidBronze"},{"floor":28,"key":"EntropicBrew"},{"floor":30,"key":"PowerPotion"}],"is_trial":false,"path_per_floor":["M","?","$","M","?","E","R","M","T","E","M","R","E","M","R","B",null,"M","?","?","$","?","R","E","R","T","R","E","?","M","E","R","B",null,"M","$","M","?","M","R","E","R","T","E","M","M","M","M","R","B",null],"character_chosen":"THE_SILENT","items_purchased":["Noxious Fumes","PreservedInsect"],"campfire_rested":1,"item_purchase_floors":[3,36],"current_hp_per_floor":[59,59,59,59,59,51,51,51,51,41,41,41,41,41,41,62,63,63,63,63,63,63,63,63,63,63,63,63,63,63,63,63,63,63,63,63,63,63,63,63,63,63,63,62,62,62,62,62,63,39],"gold":199,"neow_bonus":"ONE_RARE_RELIC","is_daily":false,"chose_seed":false,"campfire_upgraded":9,"win_rate":0.0,"timestamp":1608681096,"path_taken":["M","?","$","M","?","E","R","?","T","E","M","R","E","M","R","BOSS","M","?","?","$","?","R","E","R","T","R","E","?","M","E","R","BOSS","M","$","M","?","M","R","E","R","T","E","M","M","M","?","R","BOSS"],"items_purchased_type":["Card","Relic"],"build_version":"2020-12-18","purchased_purges":2,"victory":true,"max_hp_per_floor":[63,63,63,63,63,63,63,63,63,63,63,63,63,63,63,63,63,63,63,63,63,63,63,63,63,63,63,63,63,63,63,63,63,63,63,63,63,63,63,63,63,63,63,63,63,63,63,63,63,63],"relic_stats":{"Happy Flower":[10],"counters":[25,167],"Pen Nib":[21],"PreservedInsect":111,"Whetstone":["Strike_G","Strike_G"],"Cursed Key":0,"WarpedTongs":[164],"Busted Crown":30,"Pantograph":22,"Art of War":[1],"Kunai":[57],"obtain_stats":[{"Happy Flower":44,"Pen Nib":24,"PreservedInsect":36,"Incense Burner":0,"Whetstone":26,"Frozen Egg 2":22,"Cursed Key":34,"WarpedTongs":1,"HornCleat":9,"Busted Crown":17,"Ninja Scroll":41,"Pantograph":13,"Molten Egg 2":28,"Art of War":31,"Kunai":10,"FossilizedHelix":6,"Ring of the Snake":0},{"Happy Flower":20,"Pen Nib":11,"PreservedInsect":16,"Incense Burner":0,"Whetstone":11,"Frozen Egg 2":10,"Cursed Key":15,"WarpedTongs":1,"HornCleat":4,"Busted Crown":9,"Ninja Scroll":19,"Pantograph":7,"Molten Egg 2":12,"Art of War":14,"Kunai":5,"FossilizedHelix":3,"Ring of the Snake":0},{"Happy Flower":135,"Pen Nib":69,"PreservedInsect":109,"Incense Burner":0,"Whetstone":69,"Frozen Egg 2":62,"Cursed Key":103,"WarpedTongs":1,"HornCleat":21,"Busted Crown":56,"Ninja Scroll":128,"Pantograph":42,"Molten Egg 2":76,"Art of War":86,"Kunai":30,"FossilizedHelix":17,"Ring of the Snake":0}],"Ring of the Snake":[50]},"card_choices":[{"not_picked":["Dodge and Roll","Backstab"],"picked":"Infinite Blades","floor":1},{"not_picked":["Infinite Blades","Flying Knee"],"picked":"Bane","floor":4},{"not_picked":["Backstab","Calculated Gamble"],"picked":"PiercingWail","floor":6},{"not_picked":["Terror","Prepared"],"picked":"Well Laid Plans","floor":8},{"not_picked":["PiercingWail","Dash"],"picked":"Dodge and Roll","floor":10},{"not_picked":["Prepared","Dash"],"picked":"Dagger Spray","floor":11},{"not_picked":["Finisher","Reflex"],"picked":"Envenom","floor":13},{"not_picked":["Flying Knee","Slice","Acrobatics"],"picked":"SKIP","floor":14},{"not_picked":["Burst","Phantasmal Killer"],"picked":"Wraith Form v2","floor":16},{"not_picked":[],"picked":"Crippling Poison","floor":18},{"not_picked":["Underhanded Strike"],"picked":"SKIP","floor":24},{"not_picked":["Calculated Gamble+1"],"picked":"SKIP","floor":28},{"not_picked":["Prepared+1"],"picked":"SKIP","floor":30},{"not_picked":["Prepared"],"picked":"SKIP","floor":31},{"not_picked":["Quick Slash+1"],"picked":"SKIP","floor":35},{"not_picked":[],"picked":"Backstab+1","floor":37},{"not_picked":[],"picked":"Slice+1","floor":39},{"not_picked":["Flying Knee+1"],"picked":"SKIP","floor":41},{"not_picked":[],"picked":"Poisoned Stab+1","floor":44},{"not_picked":["All Out Attack+1"],"picked":"SKIP","floor":45},{"not_picked":["Escape Plan"],"picked":"SKIP","floor":46},{"not_picked":[],"picked":"Escape Plan","floor":46},{"not_picked":["Underhanded Strike+1"],"picked":"SKIP","floor":47},{"not_picked":["Flying Knee+1"],"picked":"SKIP","floor":48}],"player_experience":95976,"relics_obtained":[{"floor":6,"key":"FossilizedHelix"},{"floor":9,"key":"HornCleat"},{"floor":10,"key":"Kunai"},{"floor":13,"key":"Pantograph"},{"floor":24,"key":"Pen Nib"},{"floor":26,"key":"Whetstone"},{"floor":28,"key":"Molten Egg 2"},{"floor":31,"key":"Art of War"},{"floor":41,"key":"Ninja Scroll"},{"floor":44,"key":"Happy Flower"}],"event_choices":[{"damage_healed":0,"gold_gain":0,"player_choice":"Leave","damage_taken":0,"max_hp_gain":0,"max_hp_loss":0,"event_name":"The Cleric","floor":2,"gold_loss":0},{"damage_healed":0,"gold_gain":0,"cards_transformed":["Strike_G"],"player_choice":"Transformed","damage_taken":0,"max_hp_gain":0,"max_hp_loss":0,"event_name":"Transmorgrifier","floor":5,"gold_loss":0,"cards_obtained":["Concentrate"]},{"cards_removed":["Strike_G"],"damage_healed":0,"gold_gain":0,"player_choice":"Gave Gold","damage_taken":0,"max_hp_gain":0,"max_hp_loss":0,"event_name":"Beggar","floor":19,"gold_loss":75},{"damage_healed":0,"gold_gain":0,"player_choice":"Ignored","damage_taken":0,"max_hp_gain":0,"max_hp_loss":0,"event_name":"Ghosts","floor":20,"gold_loss":0},{"damage_healed":0,"gold_gain":0,"player_choice":"Obtained Relic","damage_taken":0,"relics_obtained":["Frozen Egg 2"],"max_hp_gain":0,"max_hp_loss":0,"event_name":"Addict","floor":22,"gold_loss":85},{"damage_healed":0,"gold_gain":0,"player_choice":"Simplicity","damage_taken":0,"max_hp_gain":0,"max_hp_loss":0,"event_name":"Back to Basics","floor":29,"gold_loss":0,"cards_upgraded":["Defend_G","Defend_G","Defend_G","Defend_G","Defend_G"]},{"cards_removed":["Strike_G"],"damage_healed":0,"gold_gain":0,"player_choice":"Offered Basic","damage_taken":0,"max_hp_gain":0,"max_hp_loss":0,"event_name":"Bonfire Elementals","floor":38,"gold_loss":0}],"is_beta":true,"boss_relics":[{"not_picked":["Coffee Dripper","Runic Dome"],"picked":"Busted Crown"},{"not_picked":["Runic Pyramid","SlaversCollar"],"picked":"Cursed Key"}],"items_purged_floors":[21,36],"is_endless":false,"potions_floor_spawned":[1,8,10,13,28,30,41,45,47,48],"ascension_level":13}}