{"host":"lh9qfzqeqctr28d2","time":1608635575,"event":{"mods":["BaseMod","Minty Spire (QoL Compilation)","Quick Restart","Relic Stats","Remilia£®¿Ÿ√◊¿Ú—«£©","StSLib"],"gold_per_floor":[112,132,109,284,301,301,314,0,49,66,66,83,83,97,97,97,97],"floor_reached":16,"playtime":598,"items_purged":["Doubt"],"score":94,"play_id":"1a1ae049-3532-4db5-8ea4-8094923029be","local_time":"20201222191255","is_ascension_mode":false,"campfire_choices":[{"data":"BombardNight","floor":6,"key":"SMITH"},{"data":"TwelveNightmare","floor":11,"key":"SMITH"},{"data":"ScarletImprint","floor":13,"key":"SMITH"},{"data":"RedNightlessCastle","floor":15,"key":"SMITH"}],"circlet_count":0,"master_deck":["Strike_RM","Strike_RM","Strike_RM","Strike_RM","Defend_RM","Defend_RM","Defend_RM","Defend_RM","RedMoon","ScarletShoot","RedNightlessCastle+1","HunterOfTheNight","BombardNight+1","DevilSight","ScarletImprint+1","TwelveNightmare+1","MastersStateliness","BloodHunter"],"relics":["ScarletHat","NeowsBlessing","Shuriken","Centennial Puzzle"],"acts_visited":["Exordium"],"potions_floor_usage":[],"damage_taken":[{"damage":0,"enemies":"Cultist","floor":1,"turns":1},{"damage":0,"enemies":"2 Louse","floor":2,"turns":1},{"damage":0,"enemies":"Jaw Worm","floor":5,"turns":1},{"damage":5,"enemies":"3 Louse","floor":7,"turns":3},{"damage":2,"enemies":"Exordium Wildlife","floor":10,"turns":4},{"damage":2,"enemies":"Blue Slaver","floor":12,"turns":3},{"damage":2,"enemies":"2 Fungi Beasts","floor":14,"turns":3},{"damage":0,"enemies":"Slime Boss","floor":16,"turns":2}],"seed_played":"4359025292611241185","potions_obtained":[{"floor":1,"key":"SteroidPotion"},{"floor":14,"key":"DuplicationPotion"}],"is_trial":false,"path_per_floor":["M","M","$","?","M","R","M","$","T","M","R","M","R","M","R","B"],"character_chosen":"REMILIA","items_purchased":["BombardNight","Shuriken"],"campfire_rested":0,"item_purchase_floors":[3,8],"current_hp_per_floor":[75,75,75,75,75,75,70,70,70,68,68,67,67,65,65,65,65],"gold":97,"neow_bonus":"THREE_ENEMY_KILL","is_daily":false,"chose_seed":false,"campfire_upgraded":4,"win_rate":0.0,"timestamp":1608635575,"path_taken":["M","M","?","?","M","R","M","$","T","M","R","M","R","M","R","BOSS"],"items_purchased_type":["Card","Relic"],"build_version":"2020-12-13","purchased_purges":1,"victory":false,"max_hp_per_floor":[75,75,75,75,75,75,75,75,75,75,75,75,75,75,75,75,75],"relic_stats":{"Centennial Puzzle":[9],"counters":[8,18],"Shuriken":[1],"obtain_stats":[{"Centennial Puzzle":9,"NeowsBlessing":0,"Shuriken":8,"ScarletHat":0},{"Centennial Puzzle":4,"NeowsBlessing":0,"Shuriken":4,"ScarletHat":0},{"Centennial Puzzle":6,"NeowsBlessing":0,"Shuriken":6,"ScarletHat":0}]},"card_choices":[{"not_picked":["BloodyMagicSquare","NightDance"],"picked":"RedNightlessCastle","floor":1},{"not_picked":["Stigmanizer","ScarletDevil"],"picked":"HunterOfTheNight","floor":2},{"not_picked":["HunterOfTheNight","BlasphemousPunishment"],"picked":"DevilSight","floor":5},{"not_picked":["StarOfDavid","CharismaGuard"],"picked":"ScarletImprint","floor":7},{"not_picked":["BloodHunter","ScarletDevil"],"picked":"TwelveNightmare","floor":10},{"not_picked":["BlasphemousPunishment","RedRainbow"],"picked":"MastersStateliness","floor":12},{"not_picked":["BombardNight","ScarletDevil"],"picked":"BloodHunter","floor":14}],"player_experience":270909,"relics_obtained":[{"floor":9,"key":"Centennial Puzzle"}],"event_choices":[{"damage_healed":0,"gold_gain":175,"player_choice":"AGREE","damage_taken":0,"max_hp_gain":0,"max_hp_loss":0,"event_name":"Liars Game","floor":4,"gold_loss":0,"cards_obtained":["Doubt"]}],"is_beta":false,"boss_relics":[],"items_purged_floors":[8],"is_endless":false,"potions_floor_spawned":[1,14],"killed_by":"Slime Boss","ascension_level":0}}