{"host":"a5lz0e76zb3fcwkm","time":1608606259,"event":{"mods":["AchievementEnabler","BaseMod","Colored Map","Colored Powertips","Minty Spire (QoL Compilation)","StSLib","SuperFastMode"],"gold_per_floor":[115,115,40,40,40,77,77,120,120,404,415,64,139,171,171,254,254,279,306,315,17,32,67,79,99,99,149,249,249,281,131,131,208,208,220,237,237,253,1252,1286,1300,1346,1346,1372,834,868,83,96,96,96,96,96,96,43,83,83],"floor_reached":57,"playtime":2090,"items_purged":["Strike_R","Regret","Strike_R","Strike_R","Strike_R","Strike_R"],"score":3384,"play_id":"3db78543-6c24-4379-beb0-7445abbba60e","local_time":"20201222120419","is_ascension_mode":true,"campfire_choices":[{"data":"Carnage","floor":7.0,"key":"SMITH"},{"data":"Evolve","floor":15.0,"key":"SMITH"},{"data":"Ghostly","floor":29.0,"key":"SMITH"},{"data":"Ghostly","floor":32.0,"key":"SMITH"},{"floor":49,"key":"RECALL"},{"data":"Ghostly","floor":53,"key":"SMITH"}],"circlet_count":0,"master_deck":["AscendersBane","Defend_R+1","Defend_R+1","Defend_R","Defend_R+1","Bash","Carnage+1","Feel No Pain","Evolve+1","Second Wind","Pommel Strike","Barricade","Body Slam","Ghostly+1","Ghostly+1","Ghostly+1","Ghostly+1","Offering","Shockwave","Wild Strike"],"relics":["Burning Blood","NeowsBlessing","CeramicFish","Nunchaku","Thread and Needle","Omamori","Bag of Marbles","Snecko Eye","ClockworkSouvenir","Red Skull","StoneCalendar","Orichalcum","Mark of Pain","Lantern","Prayer Wheel","War Paint","PreservedInsect","Bottled Tornado","Question Card","Lizard Tail","Pear","HornCleat"],"acts_visited":["Exordium","TheCity","TheBeyond","TheEnding"],"potions_floor_usage":[56],"damage_taken":[{"damage":0.0,"enemies":"2 Louse","floor":1.0,"turns":1.0},{"damage":0.0,"enemies":"Lagavulin","floor":6.0,"turns":1.0},{"damage":0.0,"enemies":"3 Sentries","floor":8.0,"turns":2.0},{"damage":0.0,"enemies":"Jaw Worm","floor":11.0,"turns":2.0},{"damage":8.0,"enemies":"Lagavulin","floor":14.0,"turns":6.0},{"damage":29.0,"enemies":"Slime Boss","floor":16.0,"turns":11.0},{"damage":0.0,"enemies":"Spheric Guardian","floor":18.0,"turns":4.0},{"damage":0.0,"enemies":"Chosen","floor":22.0,"turns":5.0},{"damage":12.0,"enemies":"Slavers","floor":23.0,"turns":7.0},{"damage":1.0,"enemies":"Snecko","floor":24.0,"turns":4.0},{"damage":6.0,"enemies":"Cultist and Chosen","floor":25.0,"turns":5.0},{"damage":5.0,"enemies":"Colosseum Slavers","floor":28.0,"turns":3.0},{"damage":1.0,"enemies":"Colosseum Nobs","floor":28.0,"turns":7.0},{"damage":6.0,"enemies":"Book of Stabbing","floor":30.0,"turns":4.0},{"damage":9.0,"enemies":"Collector","floor":33.0,"turns":11.0},{"damage":1.0,"enemies":"Orb Walker","floor":35.0,"turns":6.0},{"damage":1.0,"enemies":"3 Darklings","floor":36.0,"turns":5.0},{"damage":1.0,"enemies":"Spire Growth","floor":38.0,"turns":6.0},{"damage":6.0,"enemies":"Nemesis","floor":40.0,"turns":7.0},{"damage":1.0,"enemies":"Jaw Worm Horde","floor":41.0,"turns":5.0},{"damage":1.0,"enemies":"2 Orb Walkers","floor":42.0,"turns":6.0},{"damage":1.0,"enemies":"Giant Head","floor":44.0,"turns":7.0},{"damage":29,"enemies":"Reptomancer","floor":46,"turns":4},{"damage":0,"enemies":"Maw","floor":48,"turns":6},{"damage":6,"enemies":"Donu and Deca","floor":50,"turns":7},{"damage":0,"enemies":"Time Eater","floor":51,"turns":9},{"damage":1,"enemies":"Shield and Spear","floor":55,"turns":7},{"damage":90,"enemies":"The Heart","floor":56,"turns":12}],"seed_played":"-5351515580949477793","potions_obtained":[{"floor":1.0,"key":"Energy Potion"},{"floor":8.0,"key":"Explosive Potion"},{"floor":23.0,"key":"DuplicationPotion"},{"floor":30.0,"key":"Explosive Potion"},{"floor":33.0,"key":"ElixirPotion"},{"floor":36.0,"key":"Energy Potion"},{"floor":44.0,"key":"SteroidPotion"},{"floor":48,"key":"FairyPotion"}],"is_trial":false,"path_per_floor":["M","?","$","?","$","E","R","E","T","?","M","$","?","E","R","B",null,"M","?","?","$","M","E","M","M","T","?","?","R","E","$","R","B",null,"M","M","?","M","?","E","M","?","T","E","$","E","$","M","R","B","B",null,"R","$","E","B",null],"character_chosen":"IRONCLAD","items_purchased":["Second Wind","Pommel Strike","Omamori","ClockworkSouvenir","Shockwave","Bottled Tornado","Lizard Tail","Pear","FearPotion"],"campfire_rested":0,"item_purchase_floors":[12,12,12,21,45,45,47,47,54],"current_hp_per_floor":[74,51,51,51,51,57,57,63,63,63,69,69,58,56,56,33,65,71,37,37,37,37,31,36,36,36,36,37,37,37,37,37,34,36,37,37,37,37,37,37,37,37,37,37,37,14,24,30,30,30,36,44,44,44,47,14],"gold":83,"neow_bonus":"THREE_ENEMY_KILL","is_daily":false,"chose_seed":false,"campfire_upgraded":5,"win_rate":0.0,"timestamp":1608606259,"path_taken":["M","?","$","?","?","E","R","E","T","?","?","?","?","E","R","BOSS","M","?","?","$","M","E","M","?","T","?","?","R","E","$","R","BOSS","M","M","?","M","?","E","M","?","T","E","?","E","$","?","R","BOSS","BOSS","R","$","E","BOSS"],"items_purchased_type":["Card","Card","Relic","Relic","Card","Relic","Relic","Relic","Potion"],"build_version":"2020-12-13","purchased_purges":6,"victory":true,"max_hp_per_floor":[75,75,75,75,75,75,75,75,75,75,75,75,75,75,75,75,75,75,37,37,37,37,37,37,37,37,37,37,37,37,37,37,37,37,37,37,37,37,37,37,37,37,37,37,37,37,47,47,47,47,47,47,47,47,47,47],"card_choices":[{"not_picked":["Heavy Blade","Thunderclap"],"picked":"Carnage","floor":1.0},{"not_picked":["Brutality","Twin Strike"],"picked":"Feel No Pain","floor":6.0},{"not_picked":["Perfected Strike","Heavy Blade"],"picked":"Evolve","floor":8.0},{"not_picked":["Havoc","Heavy Blade","Clothesline"],"picked":"SKIP","floor":11.0},{"not_picked":["Feel No Pain","Flex","Thunderclap"],"picked":"SKIP","floor":14.0},{"not_picked":["Feed","Demon Form"],"picked":"Barricade","floor":16.0},{"not_picked":["Armaments","Anger"],"picked":"Body Slam","floor":18.0},{"not_picked":["Metallicize","Dropkick","Clash"],"picked":"SKIP","floor":22.0},{"not_picked":["Iron Wave","Carnage"],"picked":"Offering","floor":23.0},{"not_picked":["Burning Pact","Inflame","Havoc"],"picked":"SKIP","floor":24.0},{"not_picked":["True Grit","Searing Blow","Shrug It Off"],"picked":"SKIP","floor":25.0},{"not_picked":["Heavy Blade","Body Slam","Limit Break"],"picked":"SKIP","floor":30.0},{"not_picked":["Flame Barrier","Headbutt","Inflame+1"],"picked":"SKIP","floor":35.0},{"not_picked":["Perfected Strike","Infernal Blade+1","Cleave+1"],"picked":"SKIP","floor":36.0},{"not_picked":["Flex+1","Battle Trance","Blood for Blood+1"],"picked":"SKIP","floor":38.0},{"not_picked":["Berserk","Perfected Strike","Rage"],"picked":"SKIP","floor":40.0},{"not_picked":["Havoc+1","Body Slam+1","Rampage"],"picked":"SKIP","floor":41.0},{"not_picked":["Fire Breathing","Seeing Red","Anger+1"],"picked":"SKIP","floor":44.0},{"not_picked":["Bludgeon","Iron Wave","Shrug It Off"],"picked":"SKIP","floor":46},{"not_picked":["Clothesline","Armaments","Rampage","Spot Weakness+1"],"picked":"SKIP","floor":48},{"not_picked":["Body Slam","Shockwave","Anger","Seeing Red+1"],"picked":"SKIP","floor":48},{"not_picked":["Flex+1","Perfected Strike","Dropkick"],"picked":"Wild Strike","floor":55}],"player_experience":1633605,"relics_obtained":[{"floor":6.0,"key":"CeramicFish"},{"floor":8.0,"key":"Nunchaku"},{"floor":9.0,"key":"Thread and Needle"},{"floor":14.0,"key":"Bag of Marbles"},{"floor":23.0,"key":"Red Skull"},{"floor":28.0,"key":"StoneCalendar"},{"floor":30.0,"key":"Orichalcum"},{"floor":40.0,"key":"Lantern"},{"floor":42.0,"key":"Prayer Wheel"},{"floor":43.0,"key":"War Paint"},{"floor":44.0,"key":"PreservedInsect"},{"floor":46,"key":"Question Card"},{"floor":55,"key":"HornCleat"}],"event_choices":[{"damage_healed":0.0,"max_hp_gain":0.0,"max_hp_loss":0.0,"gold_gain":0.0,"event_name":"Shining Light","player_choice":"Entered Light","floor":2.0,"gold_loss":0.0,"damage_taken":23.0,"cards_upgraded":["Defend_R","Defend_R"]},{"damage_healed":0.0,"max_hp_gain":0.0,"max_hp_loss":0.0,"gold_gain":0.0,"event_name":"Liars Game","player_choice":"Ignored","floor":4.0,"gold_loss":0.0,"damage_taken":0.0},{"damage_healed":0.0,"max_hp_gain":0.0,"max_hp_loss":0.0,"gold_gain":275.0,"event_name":"Golden Shrine","player_choice":"Desecrate","floor":10.0,"gold_loss":0.0,"damage_taken":0.0,"cards_obtained":["Regret"]},{"damage_healed":0.0,"max_hp_gain":0.0,"max_hp_loss":0.0,"gold_gain":75.0,"event_name":"World of Goop","player_choice":"Gather Gold","floor":13.0,"gold_loss":0.0,"damage_taken":11.0},{"damage_healed":0.0,"max_hp_gain":0.0,"max_hp_loss":38.0,"gold_gain":0.0,"event_name":"Ghosts","player_choice":"Became a Ghost","floor":19.0,"gold_loss":0.0,"damage_taken":0.0,"cards_obtained":["Ghostly","Ghostly","Ghostly"]},{"damage_healed":0.0,"max_hp_gain":0.0,"max_hp_loss":0.0,"gold_gain":0.0,"event_name":"Duplicator","player_choice":"Copied","floor":20.0,"gold_loss":0.0,"damage_taken":0.0,"cards_obtained":["Ghostly"]},{"damage_healed":0.0,"max_hp_gain":0.0,"max_hp_loss":0.0,"gold_gain":50.0,"event_name":"Nest","player_choice":"Stole From Cult","floor":27.0,"gold_loss":0.0,"damage_taken":0.0},{"damage_healed":0.0,"max_hp_gain":0.0,"max_hp_loss":0.0,"gold_gain":0.0,"event_name":"Colosseum","player_choice":"Fight","floor":28.0,"gold_loss":0.0,"damage_taken":0.0},{"damage_healed":0.0,"max_hp_gain":0.0,"max_hp_loss":0.0,"gold_gain":0.0,"event_name":"Colosseum","player_choice":"Fought Nobs","floor":28.0,"gold_loss":0.0,"damage_taken":0.0},{"damage_healed":0.0,"max_hp_gain":0.0,"max_hp_loss":0.0,"gold_gain":0.0,"event_name":"Tomb of Lord Red Mask","player_choice":"Ignored","floor":37.0,"gold_loss":0.0,"damage_taken":0.0},{"damage_healed":0.0,"max_hp_gain":0.0,"max_hp_loss":0.0,"gold_gain":999.0,"event_name":"MindBloom","player_choice":"Gold","floor":39.0,"gold_loss":0.0,"damage_taken":0.0,"cards_obtained":["Normality","Normality"]},{"damage_healed":0.0,"max_hp_gain":0.0,"max_hp_loss":0.0,"gold_gain":0.0,"event_name":"Mysterious Sphere","player_choice":"Fight","floor":42.0,"gold_loss":0.0,"damage_taken":0.0}],"is_beta":false,"boss_relics":[{"not_picked":["Coffee Dripper","Philosopher\u0027s Stone"],"picked":"Snecko Eye"},{"not_picked":["Runic Pyramid","Pandora\u0027s Box"],"picked":"Mark of Pain"}],"items_purged_floors":[3,12,21,31,45,47],"is_endless":false,"potions_floor_spawned":[1,8,23,28,30,33,36,38,44,48],"ascension_level":20}}