{"host":"f14d6hm2349s9jse","time":1608667389,"event":{"mods":["2.2 Compatiblity","BaseMod","Minty Spire (QoL Compilation)","StSLib","The Necromancer"],"gold_per_floor":[117,131,147,147,147,147,159,170,170,182,201,213,143,318,318,318,318],"floor_reached":16,"playtime":609,"items_purged":[],"score":121,"play_id":"335a8f1a-d3a9-4dda-950f-32781e5afbb3","local_time":"20201222150309","is_ascension_mode":false,"campfire_choices":[{"floor":6.0,"key":"RECALL"},{"floor":15,"key":"REST"}],"circlet_count":0,"master_deck":["Strike_W","Strike_W","Strike_W","Strike_W","Defend_W","Defend_W","Defend_W","Defend_W","Negative_Energy_Arrows","Bone_Wall","Vampiric_Strike","Spectral_Walk","Slay_Living","Summon_Death_Knight","Bone_Armory","Doubt"],"relics":["SacredBark","Strawberry"],"acts_visited":["Exordium"],"potions_floor_usage":[],"damage_taken":[{"damage":1.0,"enemies":"Cultist","floor":1.0,"turns":4.0},{"damage":0.0,"enemies":"Jaw Worm","floor":2.0,"turns":5.0},{"damage":5.0,"enemies":"Small Slimes","floor":3.0,"turns":4.0},{"damage":16,"enemies":"Gremlin Gang","floor":7,"turns":12},{"damage":17,"enemies":"Red Slaver","floor":8,"turns":4},{"damage":0,"enemies":"Blue Slaver","floor":10,"turns":6},{"damage":6,"enemies":"Looter","floor":11,"turns":3},{"damage":18,"enemies":"Large Slime","floor":12,"turns":14},{"damage":11,"enemies":"The Guardian","floor":16,"turns":3}],"seed_played":"8966336257761313309","potions_obtained":[{"floor":1.0,"key":"SneckoOil"},{"floor":7,"key":"ColorlessPotion"},{"floor":10,"key":"Regen Potion"}],"is_trial":false,"path_per_floor":["M","M","M","?","?","R","M","M","T","M","M","M","$","?","R","B"],"character_chosen":"NECROMANCER","items_purchased":["Bone_Armory"],"campfire_rested":1,"item_purchase_floors":[13],"current_hp_per_floor":[74,74,73,73,73,73,63,48,55,57,53,41,41,41,65,54,54],"gold":318,"neow_bonus":"BOSS_RELIC","is_daily":false,"chose_seed":false,"campfire_upgraded":0,"win_rate":0.0,"timestamp":1608667389,"path_taken":["M","?","M","?","?","R","M","M","T","M","?","M","?","?","R","BOSS"],"items_purchased_type":["Card"],"build_version":"2020-12-13","purchased_purges":0,"victory":false,"max_hp_per_floor":[75,75,75,75,75,75,75,75,82,82,82,82,82,82,82,82,82],"card_choices":[{"not_picked":["Flesh_Made_Foul","Bone_Spikes","Blood_Curse"],"picked":"SKIP","floor":1.0},{"not_picked":["Blood_Curse","Shackles_Of_Pain"],"picked":"Vampiric_Strike","floor":2.0},{"not_picked":["Death_Coil","Scare","Deaths_Shadow"],"picked":"SKIP","floor":3.0},{"not_picked":["Blood_Is_Power","Bone_Armor"],"picked":"Spectral_Walk","floor":7},{"not_picked":["Bone_Spikes","Finger_Of_Death","Deaths_Shadow"],"picked":"SKIP","floor":8},{"not_picked":["Flesh_Made_Foul","Death_March_Dance"],"picked":"Slay_Living","floor":10},{"not_picked":["Thousand_Bone_Knives","Chill_Blood","Shackles_Of_Pain"],"picked":"SKIP","floor":11},{"not_picked":["Negative_Energy_Sphere","Spectral_Armor"],"picked":"Summon_Death_Knight","floor":12}],"player_experience":2468592,"relics_obtained":[{"floor":9,"key":"Strawberry"}],"event_choices":[{"damage_healed":0.0,"max_hp_gain":0.0,"max_hp_loss":0.0,"gold_gain":0.0,"event_name":"Golden Wing","player_choice":"Ignored","floor":4.0,"gold_loss":0.0,"damage_taken":0.0},{"damage_healed":0.0,"max_hp_gain":0.0,"max_hp_loss":0.0,"gold_gain":0.0,"event_name":"NoteForYourself","player_choice":"Ignored","floor":5.0,"gold_loss":0.0,"damage_taken":0.0},{"damage_healed":0,"gold_gain":175,"player_choice":"AGREE","damage_taken":0,"max_hp_gain":0,"max_hp_loss":0,"event_name":"Liars Game","floor":14,"gold_loss":0,"cards_obtained":["Doubt"]}],"is_beta":false,"boss_relics":[],"items_purged_floors":[],"is_endless":false,"potions_floor_spawned":[1,7,10],"killed_by":"The Guardian","ascension_level":0}}