{"host":"63o2iqaaus9jfjk5","time":1608620589,"event":{"mods":["AchievementEnabler","BaseMod","Bestiary","Better Altar","Better Match","Better Note","Better Sensory Stone","Better Skull","Better Third Choice","Better Vampires","Better-Laid Plans","BetterRewards","Block Reminder","Colored Powertips","Displayed Cursed Tome","GifTheSpireLib","Lobotomy","Minty Spire (QoL Compilation)","RNG Fix","Random Character Button","Red Circlet Mod","Relic Stats","StSLib","Unceasing Turn Reminder"],"gold_per_floor":[109,109,128,41,56,56,69,69,95,95,95],"floor_reached":10,"playtime":701,"items_purged":[],"score":58,"play_id":"17d5668c-1fcb-4b5a-88ca-47423eaac58c","local_time":"20201222010309","is_ascension_mode":false,"campfire_choices":[{"floor":6,"key":"REST"},{"floor":8,"key":"REST"}],"circlet_count":0,"master_deck":["Strike_P","Strike_P","Strike_P","Strike_P","Defend_P","Defend_P","Defend_P","Defend_P","Eruption+1","Vigilance","MeatLantern","EmptyFist","Wellcheers","Protect","SandsOfTime","ClearTheMind","Scarecrow","FollowUp","OSAHOGD","PathToVictory"],"relics":["PureWater","CogitoBucket","Pen Nib"],"acts_visited":["Exordium"],"potions_floor_usage":[],"damage_taken":[{"damage":12,"enemies":"Jaw Worm","floor":1,"turns":5},{"damage":0,"enemies":"Cultist","floor":3,"turns":3},{"damage":50,"enemies":"2 Louse","floor":5,"turns":3},{"damage":13,"enemies":"Exordium Thugs","floor":7,"turns":7},{"damage":50,"enemies":"Gremlin Nob","floor":10,"turns":2}],"seed_played":"5933397822736582515","potions_obtained":[{"floor":1,"key":"Weak Potion"}],"is_trial":false,"path_per_floor":["M","?","M","$","M","R","M","R","T","E"],"character_chosen":"WATCHER","items_purchased":["SandsOfTime","ClearTheMind"],"campfire_rested":2,"item_purchase_floors":[4,4],"current_hp_per_floor":[60,60,60,60,13,34,24,45,45,0,0],"gold":95,"neow_bonus":"","is_daily":false,"chose_seed":false,"campfire_upgraded":0,"win_rate":0.0,"timestamp":1608620589,"path_taken":["M","?","M","?","?","R","M","R","T","E"],"items_purchased_type":["Card","Card"],"build_version":"2020-12-13","purchased_purges":0,"victory":false,"max_hp_per_floor":[72,72,72,72,72,72,72,72,72,72,72],"relic_stats":{"counters":[5,20],"Pen Nib":[0],"obtain_stats":[{"CogitoBucket":0,"Pen Nib":9,"PureWater":0},{"CogitoBucket":0,"Pen Nib":4,"PureWater":0},{"CogitoBucket":0,"Pen Nib":18,"PureWater":0}]},"card_choices":[{"not_picked":["BeautyBeast","SpiderBud"],"picked":"MeatLantern","floor":1},{"not_picked":["SashWhip","CutThroughFate"],"picked":"EmptyFist","floor":1},{"not_picked":["Murderer","OldLady"],"picked":"Wellcheers","floor":3},{"not_picked":["Crescendo","Perseverance"],"picked":"Protect","floor":3},{"not_picked":["PunishingBird","OSAHOGD"],"picked":"Scarecrow","floor":5},{"not_picked":["Protect","Evaluate"],"picked":"FollowUp","floor":5},{"not_picked":["Bloodbath","DespairKnight"],"picked":"OSAHOGD","floor":7},{"not_picked":["WaveOfTheHand","SandsOfTime"],"picked":"PathToVictory","floor":7}],"player_experience":98349,"relics_obtained":[{"floor":9,"key":"Pen Nib"}],"event_choices":[{"damage_healed":0,"gold_gain":0,"player_choice":"Upgraded","damage_taken":0,"max_hp_gain":0,"max_hp_loss":0,"event_name":"Upgrade Shrine","floor":2,"gold_loss":0,"cards_upgraded":["Eruption"]}],"is_beta":false,"boss_relics":[],"items_purged_floors":[],"is_endless":false,"potions_floor_spawned":[1],"killed_by":"Gremlin Nob","ascension_level":0}}