{"host":"2d0rd30cigwncx1y","time":1608664914,"event":{"mods":["BaseMod","Colored Map","Colored Powertips","Downfall","MarisaÅiñ∂âJÅ@ñÇóùçπÅj","Minty Spire (QoL Compilation)","Replay The Spire","StSLib","The Alterego","The Marked","The Servant 0.9.4"],"gold_per_floor":[99,99,99,99,99,118,118,138,169,169,269,299,299,164,178,279,279,279,298,312,331,349,379,379,408,408,408,408,408],"floor_reached":27,"playtime":4212,"items_purged":["champ:Strike"],"score":324,"play_id":"18dae5b6-64c8-49cb-be9f-5e6cfc35cdbd","local_time":"20201222202154","is_ascension_mode":true,"campfire_choices":[{"data":"champ:Taunt","floor":1,"key":"SMITH"},{"data":"champ:DefensiveStyle","floor":10,"key":"SMITH"},{"data":"champ:ShieldSigil","floor":13,"key":"SMITH"},{"data":"champ:SkillfulDodge","floor":18,"key":"SMITH"},{"data":"champ:SkillfulDodge","floor":26,"key":"SMITH"}],"circlet_count":0,"master_deck":["champ:Strike","champ:Strike","champ:Defend","champ:Defend","champ:Defend","champ:Defend","champ:Execute","champ:Taunt+1","champ:DefensiveStyle+1","champ:RageSigil","champ:ShieldSigil+1","champ:ArenaPreparation","champ:SwordSigil","champ:Circumvent","champ:Circumvent","champ:SkillfulDodge+1","champ:FocusedDefense","champ:TornadoPunch","champ:DeathBlow","champ:ShieldSlam","champ:Circumvent+1","champ:RageSigil","champ:SkillfulDodge+1"],"relics":["champ:ChampionCrown","downfall:HeartsMalice","Replay:Kaleidoscope","Potion Belt","Gremlin Horn","SlaversCollar","Replay:Rubber Ducky","ReplayTheSpireMod:TigerMarble","Pet Ghost"],"acts_visited":["Exordium","TheCity"],"potions_floor_usage":[9,14,16,16,23,23,27,27],"damage_taken":[{"damage":0,"enemies":"2 Louse","floor":2,"turns":1},{"damage":0,"enemies":"Jaw Worm","floor":3,"turns":1},{"damage":0,"enemies":"Cultist","floor":5,"turns":1},{"damage":25,"enemies":"Gremlin Gang","floor":6,"turns":7},{"damage":15,"enemies":"Large Slime","floor":8,"turns":4},{"damage":28,"enemies":"Lagavulin","floor":9,"turns":6},{"damage":16,"enemies":"downfall:LadyInBlue","floor":11,"turns":11},{"damage":25,"enemies":"Replay:BlueRogue","floor":12,"turns":7},{"damage":10,"enemies":"downfall:FleeingMerchant","floor":14,"turns":4},{"damage":5,"enemies":"Exordium Thugs","floor":15,"turns":4},{"damage":23,"enemies":"downfall:Silent","floor":16,"turns":5},{"damage":10,"enemies":"Chosen","floor":19,"turns":3},{"damage":9,"enemies":"Centurion and Healer","floor":20,"turns":4},{"damage":7,"enemies":"Sentry and Sphere","floor":21,"turns":4},{"damage":5,"enemies":"Snecko","floor":22,"turns":5},{"damage":30,"enemies":"Gremlin Leader","floor":23,"turns":4},{"damage":12,"enemies":"Slavers","floor":25,"turns":5},{"damage":85,"enemies":"Gremlin Leader","floor":27,"turns":15}],"seed_played":"-3971930862919690890","potions_obtained":[{"floor":6,"key":"SkillPotion"},{"floor":9,"key":"BlessingOfTheForge"},{"floor":11,"key":"champ:CounterPotion"},{"floor":11,"key":"SneckoOil"},{"floor":11,"key":"AttackPotion"},{"floor":15,"key":"hexamod:EctoCoolerPotion"},{"floor":16,"key":"LiquidBronze"},{"floor":19,"key":"Fire Potion"},{"floor":25,"key":"Dexterity Potion"}],"is_trial":false,"path_per_floor":["R","M","M","?","M","M","T","M","E","R","?","E","R","$","M","B",null,"R","M","M","M","M","E","T","E","R","E"],"character_chosen":"THE_CHAMP","items_purchased":["champ:TornadoPunch"],"campfire_rested":0,"item_purchase_floors":[14],"current_hp_per_floor":[90,90,90,90,90,70,70,70,67,67,56,36,36,36,36,28,90,90,85,81,79,79,79,79,72,72,0,0,0],"gold":408,"neow_bonus":"THREE_ENEMY_KILL","is_daily":false,"chose_seed":false,"campfire_upgraded":5,"win_rate":0.0,"timestamp":1608664914,"path_taken":["R","M","M","?","M","M","T","M","E","R","?","E","R","$","M","BOSS","R","M","M","?","?","E","T","E","R","E"],"items_purchased_type":["Card"],"build_version":"2020-12-13","purchased_purges":1,"victory":false,"max_hp_per_floor":[90,90,90,90,90,90,90,90,90,90,90,90,90,90,90,90,90,90,90,90,90,90,90,90,90,90,90,90,90],"card_choices":[{"not_picked":["champ:BladeFlurry","champ:StanceDance"],"picked":"champ:DefensiveStyle","floor":2},{"not_picked":["champ:RisingSlash","champ:Encircle"],"picked":"champ:RageSigil","floor":3},{"not_picked":["champ:Haymaker","champ:StanceDance"],"picked":"champ:ShieldSigil","floor":5},{"not_picked":["champ:TornadoPunch","champ:Improvising"],"picked":"champ:ArenaPreparation","floor":6},{"not_picked":["champ:RageSigil","champ:FlashCut"],"picked":"champ:SwordSigil","floor":8},{"not_picked":["champ:MurderStrike","champ:EnragedBash"],"picked":"champ:Circumvent","floor":9},{"not_picked":["champ:Haymaker","champ:RageSigil"],"picked":"champ:Circumvent","floor":11},{"not_picked":["champ:RisingSlash","champ:Encircle"],"picked":"champ:SkillfulDodge","floor":12},{"not_picked":["champ:TornadoPunch","champ:FanOfKnives"],"picked":"champ:FocusedDefense","floor":14},{"not_picked":["champ:Backstep","champ:PerfectedStrike"],"picked":"champ:DeathBlow","floor":15},{"not_picked":["champ:MurderStrike","champ:IgnorePain"],"picked":"champ:ShieldSlam","floor":16},{"not_picked":["champ:AdrenalArmor","champ:Encircle"],"picked":"champ:Circumvent+1","floor":19},{"not_picked":["champ:DefensiveShout","champ:Control+1"],"picked":"champ:RageSigil","floor":20},{"not_picked":["champ:ArenaPreparation","champ:Shatter"],"picked":"champ:SkillfulDodge","floor":21},{"not_picked":["champ:GladiatorsShout","champ:FlashCut+1","champ:SteelEdge"],"picked":"SKIP","floor":22},{"not_picked":["champ:RecklessLeap","champ:CrookedStrike","champ:FanOfKnives"],"picked":"SKIP","floor":23},{"not_picked":["champ:BringItOn","champ:Shatter","champ:SteelEdge"],"picked":"SKIP","floor":25}],"player_experience":76730,"relics_obtained":[{"floor":9,"key":"Replay:Kaleidoscope"},{"floor":11,"key":"Potion Belt"},{"floor":12,"key":"Gremlin Horn"},{"floor":23,"key":"Replay:Rubber Ducky"},{"floor":24,"key":"ReplayTheSpireMod:TigerMarble"},{"floor":25,"key":"Pet Ghost"}],"event_choices":[{"cards_removed":["champ:Strike"],"damage_healed":0,"gold_gain":0,"player_choice":"Card Removal","damage_taken":0,"max_hp_gain":0,"max_hp_loss":0,"event_name":"The Cleric","floor":4,"gold_loss":0}],"is_beta":false,"boss_relics":[{"not_picked":["Replay:Grab Bag","Philosopher\u0027s Stone"],"picked":"SlaversCollar"}],"items_purged_floors":[14],"is_endless":false,"potions_floor_spawned":[6,9,15,16,19,25],"killed_by":"Gremlin Leader","ascension_level":1}}