{"host":"dhv3u8yhd2rnugsp","time":1608657293,"event":{"mods":["BaseMod","Block Reminder","Colored Map","Googly Eyes","Highlight Path","Minty Spire (QoL Compilation)","Permanent Neow","Quick Restart","Random Character Button","StSLib"],"gold_per_floor":[114,124,141,157,157,239,239,258,258,274,449,475,475,425,425,525,525,525,525,542,53,72,98,98,114,114,141,156,187,187,207,207,207,207],"floor_reached":33,"playtime":2700,"items_purged":["Strike_P"],"score":463,"play_id":"f3644147-7170-4ee5-b991-c30cbafa43d1","local_time":"20201222111453","is_ascension_mode":true,"campfire_choices":[{"data":"Halt","floor":7,"key":"SMITH"},{"data":"Vault","floor":13,"key":"SMITH"},{"data":"Scrawl","floor":15,"key":"SMITH"},{"data":"CutThroughFate","floor":24,"key":"SMITH"},{"data":"Fasting2","floor":30,"key":"SMITH"},{"data":"DevaForm","floor":32,"key":"SMITH"}],"circlet_count":0,"master_deck":["Strike_P","Strike_P","Strike_P","Defend_P","Defend_P","Defend_P","Defend_P","Eruption","Vigilance","ThirdEye","InnerPeace","FlurryOfBlows","SashWhip","Halt+1","CutThroughFate+1","Scrawl+1","Vault+1","DevaForm+1","Dark Shackles","BattleHymn+1","Halt+1","ClearTheMind+1","FlurryOfBlows","ThirdEye","Fasting2+1"],"relics":["Black Star","Orichalcum","Question Card","Happy Flower","Letter Opener","Strawberry","Meat on the Bone","VioletLotus","Melange","Bottled Lightning","Singing Bowl","Bottled Flame","CaptainsWheel","Blood Vial","GoldenEye","TungstenRod","Boot"],"acts_visited":["Exordium","TheCity"],"potions_floor_usage":[3,6,6,18,23,33,33,33],"damage_taken":[{"damage":0,"enemies":"Cultist","floor":1,"turns":4},{"damage":0,"enemies":"2 Louse","floor":2,"turns":4},{"damage":0,"enemies":"Small Slimes","floor":3,"turns":5},{"damage":0,"enemies":"2 Fungi Beasts","floor":4,"turns":2},{"damage":9,"enemies":"3 Sentries","floor":6,"turns":6},{"damage":1,"enemies":"Exordium Thugs","floor":8,"turns":4},{"damage":0,"enemies":"Looter","floor":10,"turns":3},{"damage":21,"enemies":"Lagavulin","floor":12,"turns":5},{"damage":29,"enemies":"The Guardian","floor":16,"turns":14},{"damage":0,"enemies":"2 Thieves","floor":18,"turns":1},{"damage":1,"enemies":"Chosen","floor":20,"turns":6},{"damage":8,"enemies":"Centurion and Healer","floor":22,"turns":6},{"damage":27,"enemies":"Slavers","floor":23,"turns":6},{"damage":14,"enemies":"3 Cultists","floor":25,"turns":6},{"damage":7,"enemies":"Book of Stabbing","floor":27,"turns":5},{"damage":11,"enemies":"Sentry and Sphere","floor":28,"turns":4},{"damage":9,"enemies":"Slavers","floor":29,"turns":6},{"damage":0,"enemies":"Centurion and Healer","floor":31,"turns":5},{"damage":48,"enemies":"Automaton","floor":33,"turns":11}],"seed_played":"-8225893014412940835","potions_obtained":[{"floor":1,"key":"Fire Potion"},{"floor":3,"key":"BlessingOfTheForge"},{"floor":4,"key":"ColorlessPotion"},{"floor":8,"key":"SmokeBomb"},{"floor":22,"key":"EssenceOfSteel"},{"floor":23,"key":"LiquidMemories"},{"floor":28,"key":"Ancient Potion"},{"floor":31,"key":"BlessingOfTheForge"}],"is_trial":false,"path_per_floor":["M","M","M","M","T","E","R","M","T","M","?","E","R","?","R","B",null,"M","?","M","$","M","E","R","M","T","E","M","E","R","M","R","B"],"character_chosen":"WATCHER","items_purchased":["Melange","Bottled Lightning"],"campfire_rested":0,"item_purchase_floors":[21,21],"current_hp_per_floor":[65,65,65,65,65,56,56,55,55,55,55,41,41,41,41,24,65,65,53,52,52,44,31,31,29,29,34,37,42,42,46,46,0,0],"gold":207,"neow_bonus":"BOSS_RELIC","is_daily":false,"chose_seed":false,"campfire_upgraded":6,"win_rate":0.0,"timestamp":1608657293,"path_taken":["M","M","M","?","?","E","R","M","T","M","?","E","R","?","R","BOSS","M","?","M","?","M","E","R","M","T","E","M","E","R","M","R","BOSS"],"items_purchased_type":["Relic","Relic"],"build_version":"2020-12-13","purchased_purges":1,"victory":false,"max_hp_per_floor":[72,72,72,72,72,72,72,72,72,72,72,79,79,79,79,79,79,79,79,79,79,79,81,81,81,81,81,81,81,81,83,83,83,83],"card_choices":[{"not_picked":["BattleHymn","CarveReality"],"picked":"ThirdEye","floor":1},{"not_picked":["PathToVictory","Consecrate"],"picked":"InnerPeace","floor":2},{"not_picked":["SashWhip","ThirdEye"],"picked":"FlurryOfBlows","floor":3},{"not_picked":["Establishment","WindmillStrike"],"picked":"SashWhip","floor":4},{"not_picked":["PathToVictory","SignatureMove"],"picked":"Halt","floor":6},{"not_picked":["Worship","FlyingSleeves","EmptyBody"],"picked":"CutThroughFate","floor":8},{"not_picked":["FlyingSleeves","PathToVictory","EmptyFist"],"picked":"Scrawl","floor":10},{"not_picked":["Halt","CutThroughFate","Pray"],"picked":"Vault","floor":12},{"not_picked":["ConjureBlade","Establishment","DeusExMachina"],"picked":"DevaForm","floor":16},{"not_picked":["EmptyBody","FlyingSleeves","PathToVictory+1"],"picked":"BattleHymn+1","floor":20},{"not_picked":["Weave","ReachHeaven","WindmillStrike"],"picked":"Halt+1","floor":22},{"not_picked":["Evaluate","Study","Protect","Ragnarok"],"picked":"Singing Bowl","floor":23},{"not_picked":["Halt","FollowUp","WindmillStrike"],"picked":"ClearTheMind+1","floor":25},{"not_picked":["ConjureBlade","Prostrate","BowlingBash"],"picked":"FlurryOfBlows","floor":27},{"not_picked":["Prostrate","Evaluate","EmptyFist"],"picked":"ThirdEye","floor":28},{"not_picked":["FlurryOfBlows","Nirvana+1","Evaluate+1"],"picked":"Fasting2","floor":29},{"not_picked":["Collect","Halt+1","BowlingBash","SashWhip+1"],"picked":"Singing Bowl","floor":31}],"player_experience":1603104,"relics_obtained":[{"floor":5,"key":"Orichalcum"},{"floor":6,"key":"Question Card"},{"floor":6,"key":"Happy Flower"},{"floor":9,"key":"Letter Opener"},{"floor":12,"key":"Strawberry"},{"floor":12,"key":"Meat on the Bone"},{"floor":23,"key":"Singing Bowl"},{"floor":23,"key":"Bottled Flame"},{"floor":26,"key":"CaptainsWheel"},{"floor":27,"key":"Blood Vial"},{"floor":27,"key":"GoldenEye"},{"floor":29,"key":"TungstenRod"},{"floor":29,"key":"Boot"}],"event_choices":[{"damage_healed":0,"gold_gain":175,"player_choice":"AGREE","damage_taken":0,"max_hp_gain":0,"max_hp_loss":0,"event_name":"Liars Game","floor":11,"gold_loss":0,"cards_obtained":["Doubt"]},{"cards_removed":["Doubt"],"damage_healed":0,"gold_gain":0,"player_choice":"Card Removal","damage_taken":0,"max_hp_gain":0,"max_hp_loss":0,"event_name":"The Cleric","floor":14,"gold_loss":50},{"damage_healed":0,"gold_gain":0,"player_choice":"CARD ","damage_taken":12,"max_hp_gain":0,"max_hp_loss":0,"event_name":"Knowing Skull","floor":19,"potions_obtained":[],"gold_loss":0,"cards_obtained":["Dark Shackles"]}],"is_beta":false,"boss_relics":[{"not_picked":["Tiny House","Astrolabe"],"picked":"VioletLotus"}],"items_purged_floors":[21],"is_endless":false,"potions_floor_spawned":[1,3,4,8,22,23,28,31],"killed_by":"Automaton","ascension_level":9}}