{"host":"qfskrnw3pl1q86j0","time":1608671499,"event":{"mods":["BaseMod","Block Reminder","Hermit","Marisa????????","Minty Spire (QoL Compilation)","Quick Restart","Random Character Button","StSLib","The Poker Player","slay the spire mod where everything is the same but ironclad has a cowboy hat"],"gold_per_floor":[117,4,19,19,30,30,41,70,146,146,160,160,176,188,188,287,287,287,287,116,116,116,116,116,116,116,116,116,116,0,0,0,0,0],"floor_reached":33,"playtime":776,"items_purged":["Strike_B"],"score":267,"play_id":"8aaad9ae-1b93-422d-afc7-27d16b13df8e","local_time":"20201222221139","is_ascension_mode":false,"campfire_choices":[{"data":"Dualcast","floor":6,"key":"SMITH"},{"data":"Streamline","floor":10,"key":"SMITH"},{"data":"Beam Cell","floor":12,"key":"SMITH"},{"data":"Core Surge","floor":15,"key":"SMITH"},{"data":"Beam Cell","floor":23,"key":"SMITH"},{"data":"Multi-Cast","floor":27,"key":"SMITH"},{"floor":32,"key":"REST"}],"circlet_count":0,"master_deck":["Strike_B","Strike_B","Strike_B","Defend_B","Defend_B","Defend_B","Defend_B","Zap+1","Dualcast+1","Streamline+1","Rebound","Coolheaded","Beam Cell+1","Cold Snap","Beam Cell+1","Steam","Core Surge+1","Ball Lightning+1","Flash of Steel","Multi-Cast+1","Capacitor+1","Writhe"],"relics":["Cracked Core","Calipers","Strawberry","Shuriken","Ectoplasm","InkBottle","StrikeDummy","Torii"],"acts_visited":["Exordium","TheCity"],"potions_floor_usage":[8,16,16],"damage_taken":[{"damage":0,"enemies":"Small Slimes","floor":1,"turns":2},{"damage":0,"enemies":"Cultist","floor":3,"turns":3},{"damage":1,"enemies":"Jaw Worm","floor":5,"turns":3},{"damage":10,"enemies":"3 Louse","floor":7,"turns":4},{"damage":25,"enemies":"3 Sentries","floor":8,"turns":6},{"damage":0,"enemies":"Large Slime","floor":11,"turns":4},{"damage":5,"enemies":"Looter","floor":13,"turns":2},{"damage":15,"enemies":"Gremlin Gang","floor":14,"turns":3},{"damage":7,"enemies":"Hexaghost","floor":16,"turns":5},{"damage":17,"enemies":"3 Byrds","floor":18,"turns":5},{"damage":5,"enemies":"Chosen","floor":22,"turns":3},{"damage":21,"enemies":"Book of Stabbing","floor":24,"turns":4},{"damage":16,"enemies":"Sentry and Sphere","floor":25,"turns":5},{"damage":8,"enemies":"Snecko","floor":29,"turns":3},{"damage":39,"enemies":"Collector","floor":33,"turns":5}],"seed_played":"-5852473997292476770","potions_obtained":[{"floor":3,"key":"Dexterity Potion"},{"floor":5,"key":"CultistPotion"},{"floor":11,"key":"BlessingOfTheForge"},{"floor":14,"key":"EssenceOfDarkness"},{"floor":22,"key":"FearPotion"},{"floor":24,"key":"Energy Potion"}],"is_trial":false,"path_per_floor":["M","?","M","$","M","R","M","E","T","R","M","R","M","M","R","B",null,"M","?","$","?","M","R","E","M","T","R","?","M","?","$","R","B"],"character_chosen":"DEFECT","items_purchased":["Flash of Steel"],"campfire_rested":1,"item_purchase_floors":[20],"current_hp_per_floor":[75,75,75,75,74,74,64,46,46,46,46,46,41,26,26,19,82,65,65,65,65,60,60,39,23,23,23,23,15,15,15,39,0,0],"gold":0,"neow_bonus":"UPGRADE_CARD","is_daily":false,"chose_seed":false,"campfire_upgraded":6,"win_rate":0.0,"timestamp":1608671499,"path_taken":["M","?","M","?","M","R","?","E","T","R","M","R","M","M","R","BOSS","M","?","$","?","M","R","E","M","T","R","?","M","?","?","R","BOSS"],"items_purchased_type":["Card"],"build_version":"2020-12-13","purchased_purges":1,"victory":false,"max_hp_per_floor":[75,75,75,75,75,75,75,82,82,82,82,82,82,82,82,82,82,82,82,82,82,82,82,82,82,82,82,82,82,82,82,82,82,82],"card_choices":[{"not_picked":["Stack","Reinforced Body"],"picked":"Streamline","floor":1},{"not_picked":["BootSequence","Go for the Eyes"],"picked":"Rebound","floor":3},{"not_picked":["Streamline","Reprogram"],"picked":"Coolheaded","floor":5},{"not_picked":["Tempest","Reinforced Body"],"picked":"Beam Cell","floor":7},{"not_picked":["Turbo","Lockon"],"picked":"Cold Snap","floor":8},{"not_picked":["Coolheaded","Rebound"],"picked":"Beam Cell","floor":11},{"not_picked":["Chaos","Compile Driver"],"picked":"Steam","floor":13},{"not_picked":["White Noise","Beam Cell"],"picked":"Core Surge","floor":14},{"not_picked":["Stack","Go for the Eyes+1"],"picked":"Ball Lightning+1","floor":18},{"not_picked":["Steam","Turbo","Rebound"],"picked":"SKIP","floor":22},{"not_picked":["Hello World","Barrage"],"picked":"Multi-Cast","floor":24},{"not_picked":["Steam","Conserve Battery+1"],"picked":"Capacitor+1","floor":25},{"not_picked":["Compile Driver","Sweeping Beam","Conserve Battery"],"picked":"SKIP","floor":29}],"player_experience":862070,"relics_obtained":[{"floor":8,"key":"Strawberry"},{"floor":9,"key":"Shuriken"},{"floor":24,"key":"InkBottle"},{"floor":26,"key":"StrikeDummy"}],"event_choices":[{"damage_healed":0,"gold_gain":0,"player_choice":"Paid Gold","damage_taken":0,"relics_obtained":["Calipers"],"max_hp_gain":0,"max_hp_loss":0,"event_name":"WeMeetAgain","floor":2,"gold_loss":113},{"damage_healed":0,"gold_gain":0,"player_choice":"Ignored","damage_taken":0,"max_hp_gain":0,"max_hp_loss":0,"event_name":"Ghosts","floor":19,"gold_loss":0},{"damage_healed":0,"gold_gain":99,"player_choice":"Stole From Cult","damage_taken":0,"max_hp_gain":0,"max_hp_loss":0,"event_name":"Nest","floor":21,"gold_loss":0},{"damage_healed":0,"gold_gain":0,"player_choice":"Opened","damage_taken":0,"relics_obtained":["Torii"],"max_hp_gain":0,"max_hp_loss":0,"event_name":"The Mausoleum","floor":28,"gold_loss":0,"cards_obtained":["Writhe"]},{"damage_healed":0,"gold_gain":0,"player_choice":"Paid Fearfully","damage_taken":0,"max_hp_gain":0,"max_hp_loss":0,"event_name":"Masked Bandits","floor":30,"gold_loss":116}],"is_beta":false,"boss_relics":[{"not_picked":["Calling Bell","Nuclear Battery"],"picked":"Ectoplasm"}],"items_purged_floors":[20],"is_endless":false,"potions_floor_spawned":[3,5,11,14,22,24],"killed_by":"Collector","ascension_level":0}}