{"host":"c2og1cp357bgjv9b","time":1608643251,"event":{"mods":["BaseMod","Colored Map","Minty Spire (QoL Compilation)","Replay The Spire","StSLib"],"gold_per_floor":[113,113,188,188,205,205,230,230,230,230,230,240,14,14,28,48,48,147,147,167,67,86,86,86,121,121,121],"floor_reached":26,"playtime":1159,"items_purged":["Voices","Strike_R"],"score":249,"play_id":"b680f35b-b615-4f3f-8c90-d51e6d04d5ed","local_time":"20201222212051","is_ascension_mode":false,"campfire_choices":[{"data":"Dropkick","floor":6,"key":"SMITH"},{"data":"Bash","floor":8,"key":"SMITH"},{"data":"Thunderclap","floor":14,"key":"SMITH"},{"data":"Strike_R","floor":17,"key":"PURGE"}],"circlet_count":0,"master_deck":["Strike_R","Strike_R","Defend_R","Defend_R","Defend_R","Defend_R","Bash+1","Dropkick+1","Thunderclap+1","Shockwave","Shame"],"relics":["Burning Blood","NeowsBlessing","Ring of Panic","Golden Egg","Bottled Flame","Happy Flower","Black Star","Molten Egg 2","Bag of Preparation","Incense Burner"],"acts_visited":["Exordium","TheCity"],"potions_floor_usage":[18,22,25,26],"damage_taken":[{"damage":0,"enemies":"2 Louse","floor":1,"turns":1},{"damage":0,"enemies":"Small Slimes","floor":5,"turns":1},{"damage":0,"enemies":"Replay:BlueRogue","floor":7,"turns":1},{"damage":0,"enemies":"Jaw Worm","floor":12,"turns":1},{"damage":8,"enemies":"Exordium Thugs","floor":15,"turns":3},{"damage":4,"enemies":"2 Fungi Beasts","floor":16,"turns":2},{"damage":56,"enemies":"Slime Boss","floor":18,"turns":12},{"damage":20,"enemies":"Shell Parasite","floor":20,"turns":4},{"damage":0,"enemies":"Chosen","floor":22,"turns":3},{"damage":66,"enemies":"Book of Stabbing","floor":25,"turns":6},{"damage":13,"enemies":"Snake Plant","floor":26,"turns":3}],"seed_played":"-2341147153755280808","potions_obtained":[{"floor":5,"key":"SkillPotion"},{"floor":12,"key":"SneckoOil"},{"floor":15,"key":"LiquidBronze"},{"floor":20,"key":"Adrenaline Potion"},{"floor":25,"key":"Explosive Potion"}],"is_trial":false,"path_per_floor":["M","?","?","?","M","R","E","R","T","PTL","PTL","M","$","R","M","M","R_BF","B",null,"M","$","M","?","?","E","M"],"character_chosen":"IRONCLAD","items_purchased":["Happy Flower"],"campfire_rested":0,"item_purchase_floors":[13],"current_hp_per_floor":[80,73,62,62,68,68,74,74,74,74,74,80,80,80,78,80,80,30,80,66,66,72,72,72,12,0,0],"gold":121,"neow_bonus":"THREE_ENEMY_KILL","is_daily":false,"chose_seed":false,"campfire_upgraded":3,"win_rate":0.0,"timestamp":1608643251,"path_taken":["M","?","?","?","M","R","E","R","T","PTL","PTL","M","?","R","?","M","R_BF","BOSS","M","$","M","?","?","E","M"],"items_purchased_type":["Relic"],"build_version":"2020-12-13","purchased_purges":2,"victory":false,"max_hp_per_floor":[80,80,80,80,80,80,80,80,80,80,80,80,80,80,80,80,80,80,80,80,80,80,80,80,80,80,80],"card_choices":[{"not_picked":["Twin Strike","Flex"],"picked":"Dropkick","floor":1},{"not_picked":["Cleave","Perfected Strike","Heavy Blade"],"picked":"SKIP","floor":5},{"not_picked":["Seeing Red","Twin Strike","Body Slam"],"picked":"SKIP","floor":7},{"not_picked":["Flame Barrier","Power Through"],"picked":"Thunderclap","floor":12},{"not_picked":["ReplayReversal","ReplayTheSpireMod:Strike From Hell","Twin Strike"],"picked":"SKIP","floor":15},{"not_picked":["Metallicize","Cleave","Hemokinesis"],"picked":"SKIP","floor":16},{"not_picked":["Flex","Power Through"],"picked":"Shockwave","floor":20},{"not_picked":["Anger","Sword Boomerang","Thunderclap"],"picked":"SKIP","floor":22},{"not_picked":["Fire Breathing+1","Life Link+1","Warcry"],"picked":"SKIP","floor":25}],"player_experience":79475,"relics_obtained":[{"floor":4,"key":"Ring of Panic"},{"floor":7,"key":"Golden Egg"},{"floor":9,"key":"Bottled Flame"},{"floor":25,"key":"Bag of Preparation"},{"floor":25,"key":"Incense Burner"}],"event_choices":[{"cards_removed":["Strike_R"],"damage_healed":0,"gold_gain":0,"player_choice":"Card Removal","damage_taken":7,"max_hp_gain":0,"max_hp_loss":0,"event_name":"Golden Wing","floor":2,"gold_loss":0},{"damage_healed":0,"gold_gain":75,"player_choice":"Gather Gold","damage_taken":11,"max_hp_gain":0,"max_hp_loss":0,"event_name":"World of Goop","floor":3,"gold_loss":0},{"damage_healed":0,"gold_gain":0,"player_choice":"Ignored","damage_taken":0,"max_hp_gain":0,"max_hp_loss":0,"event_name":"Vampires","floor":23,"gold_loss":0}],"is_beta":false,"boss_relics":[{"not_picked":["Tiny House","Velvet Choker"],"picked":"Black Star"}],"items_purged_floors":[13,21],"is_endless":false,"potions_floor_spawned":[5,12,15,20,25],"killed_by":"Snake Plant","ascension_level":0}}