{"host":"w4b7hmige5bnqipq","time":1608664405,"event":{"mods":["BaseMod","Minty Spire (QoL Compilation)","Rare Cards Sparkle","SuperFastMode","everything is the same but u backflip on backflip","slay the spire mod where everything is the same but ironclad has a cowboy hat"],"gold_per_floor":[112,125,145,145,157,157,184,19,19,51,51,86,86,104,104,104,104],"floor_reached":16,"playtime":403,"items_purged":[],"score":268,"play_id":"66d0565b-0f17-4416-86b0-bc200405fbf6","local_time":"20201223041325","is_ascension_mode":true,"campfire_choices":[{"data":"1","floor":6.0,"key":"LIFT"},{"floor":11.0,"key":"DIG"},{"data":"2","floor":13,"key":"LIFT"},{"floor":15,"key":"REST"}],"circlet_count":0,"master_deck":["AscendersBane","Strike_R","Strike_R","Strike_R","Strike_R","Strike_R","Defend_R","Defend_R","Defend_R","Defend_R","Bash","Writhe","Carnage","Sword Boomerang","Shrug It Off","Sword Boomerang","Offering","Shrug It Off","Battle Trance"],"relics":["Burning Blood","Girya","Toy Ornithopter","Medical Kit","Shovel","PreservedInsect","CaptainsWheel"],"acts_visited":["Exordium"],"potions_floor_usage":[12,16],"damage_taken":[{"damage":19.0,"enemies":"Jaw Worm","floor":1.0,"turns":4.0},{"damage":1.0,"enemies":"Cultist","floor":2.0,"turns":3.0},{"damage":1.0,"enemies":"2 Louse","floor":3.0,"turns":3.0},{"damage":33.0,"enemies":"Large Slime","floor":5.0,"turns":7.0},{"damage":34.0,"enemies":"3 Sentries","floor":7.0,"turns":8.0},{"damage":6.0,"enemies":"Gremlin Nob","floor":10.0,"turns":3.0},{"damage":21,"enemies":"Lagavulin","floor":12,"turns":5},{"damage":11,"enemies":"Exordium Thugs","floor":14,"turns":5},{"damage":38,"enemies":"Hexaghost","floor":16,"turns":9}],"seed_played":"-7992974512642413109","potions_obtained":[{"floor":1.0,"key":"SkillPotion"},{"floor":2.0,"key":"Weak Potion"},{"floor":7.0,"key":"BlessingOfTheForge"},{"floor":10.0,"key":"LiquidBronze"}],"is_trial":false,"path_per_floor":["M","M","M","?","M","R","E","$","T","E","R","E","R","M","R","B"],"character_chosen":"IRONCLAD","items_purchased":["Medical Kit"],"campfire_rested":1,"item_purchase_floors":[8],"current_hp_per_floor":[55,60,65,75,48,48,20,20,20,25,25,15,15,10,32,0,0],"gold":104,"neow_bonus":"ONE_RARE_RELIC","is_daily":false,"chose_seed":false,"campfire_upgraded":0,"win_rate":0.0,"timestamp":1608664405,"path_taken":["M","M","M","?","?","R","E","$","T","E","R","E","R","M","R","BOSS"],"items_purchased_type":["Relic"],"build_version":"2020-12-13","purchased_purges":0,"victory":false,"max_hp_per_floor":[75,75,75,75,75,75,75,75,75,75,75,75,75,75,75,75,75],"card_choices":[{"not_picked":["Warcry","Wild Strike"],"picked":"Carnage","floor":1.0},{"not_picked":["Anger","Havoc"],"picked":"Sword Boomerang","floor":2.0},{"not_picked":["Sword Boomerang","Rage"],"picked":"Shrug It Off","floor":3.0},{"not_picked":["Wild Strike","Iron Wave"],"picked":"Sword Boomerang","floor":5.0},{"not_picked":["Clash","Second Wind"],"picked":"Offering","floor":7.0},{"not_picked":["Flex","Headbutt"],"picked":"Shrug It Off","floor":10.0},{"not_picked":["Body Slam","Clash"],"picked":"Battle Trance","floor":12},{"not_picked":["Cleave","Warcry","Blood for Blood"],"picked":"SKIP","floor":14}],"player_experience":413753,"relics_obtained":[{"floor":7.0,"key":"Toy Ornithopter"},{"floor":10.0,"key":"Shovel"},{"floor":11.0,"key":"PreservedInsect"},{"floor":12,"key":"CaptainsWheel"}],"event_choices":[{"damage_healed":10.0,"max_hp_gain":0.0,"max_hp_loss":0.0,"gold_gain":0.0,"event_name":"Wheel of Change","player_choice":"Full Heal","floor":4.0,"gold_loss":0.0,"damage_taken":0.0}],"is_beta":false,"boss_relics":[],"items_purged_floors":[],"is_endless":false,"potions_floor_spawned":[1,2,7,10],"killed_by":"Hexaghost","ascension_level":17}}