{"host":"fuszjwm6fqgjjp4d","time":1608598367,"event":{"mods":["BaseMod","Bestiary","Colored Map","DeckTracker","Minty Spire (QoL Compilation)","Permanent Neow","Relic Sorter","Relic Stats","StSLib"],"gold_per_floor":[118,138,29,44,64,64,64],"floor_reached":6,"playtime":2365,"items_purged":[],"score":76,"play_id":"068397da-eaec-41c7-9710-229ee6b0202d","local_time":"20201221185247","is_ascension_mode":true,"campfire_choices":[],"circlet_count":0,"master_deck":["AscendersBane","Strike_B","Strike_B","Strike_B","Strike_B","Defend_B","Defend_B","Defend_B","Defend_B","Zap","Dualcast","Skim","Reinforced Body","Defragment","Conserve Battery"],"relics":["Fusion Hammer","Matryoshka"],"acts_visited":["Exordium"],"potions_floor_usage":[2,5],"damage_taken":[{"damage":4.0,"enemies":"Jaw Worm","floor":1.0,"turns":3.0},{"damage":2,"enemies":"Cultist","floor":2,"turns":4},{"damage":3,"enemies":"Small Slimes","floor":4,"turns":5},{"damage":12,"enemies":"3 Louse","floor":5,"turns":5},{"damage":46,"enemies":"3 Sentries","floor":6,"turns":9}],"seed_played":"1916714628317687282","potions_obtained":[{"floor":1.0,"key":"SteroidPotion"},{"floor":4,"key":"AttackPotion"}],"is_trial":false,"path_per_floor":["M","M","?","M","M","E"],"character_chosen":"DEFECT","items_purchased":[],"campfire_rested":0,"item_purchase_floors":[],"current_hp_per_floor":[60,58,58,55,43,0,0],"gold":64,"neow_bonus":"BOSS_RELIC","is_daily":false,"chose_seed":false,"campfire_upgraded":0,"win_rate":0.0,"timestamp":1608598367,"path_taken":["M","M","?","?","M","E"],"items_purchased_type":[],"build_version":"2020-12-13","purchased_purges":0,"victory":false,"max_hp_per_floor":[71,71,71,71,71,71,71],"relic_stats":{"counters":[5,26],"obtain_stats":[{"Matryoshka":3,"Fusion Hammer":0,"Cracked Core":0},{"Matryoshka":2,"Fusion Hammer":0,"Cracked Core":0},{"Matryoshka":7,"Fusion Hammer":0,"Cracked Core":0}]},"card_choices":[{"not_picked":["Redo","Doom and Gloom"],"picked":"Skim","floor":1.0},{"not_picked":["Consume","Lockon"],"picked":"Reinforced Body","floor":2},{"not_picked":["Beam Cell","Rebound"],"picked":"Defragment","floor":4},{"not_picked":["Compile Driver","Doom and Gloom"],"picked":"Conserve Battery","floor":5}],"player_experience":1197821,"relics_obtained":[],"event_choices":[{"damage_healed":0,"gold_gain":0,"player_choice":"Paid Gold","damage_taken":0,"relics_obtained":["Matryoshka"],"max_hp_gain":0,"max_hp_loss":0,"event_name":"WeMeetAgain","floor":3,"gold_loss":109}],"is_beta":false,"boss_relics":[],"items_purged_floors":[],"is_endless":false,"potions_floor_spawned":[1,4],"killed_by":"3 Sentries","ascension_level":20}}