{"host":"q6rs3in4l29iepap","time":1608599939,"event":{"mods":["Aspiration","BaseMod","Colored Map","Downfall","Hermit","Hubris","Infinite Spire","Jorbs\u0027s Wanderer Trilogy","Minty Spire (QoL Compilation)","Replay The Spire","Shade Mod","StSLib","The Bug Knight","The Construct","The Cursed","The Disciple","The Hierophant","The Mystic","The Runesmith"],"gold_per_floor":[113,126,137,155,155,190,190,190,190],"floor_reached":8,"playtime":652,"items_purged":[],"score":58,"play_id":"0c23588f-7945-451f-8fca-23bc559067e5","local_time":"20201221171859","is_ascension_mode":false,"campfire_choices":[{"floor":7,"key":"REST"}],"circlet_count":0,"master_deck":["hermit:Strike_Hermit","hermit:Strike_Hermit","hermit:Strike_Hermit","hermit:Strike_Hermit","hermit:Defend_Hermit","hermit:Defend_Hermit","hermit:Defend_Hermit","hermit:Defend_Hermit","hermit:Snapshot","hermit:Covet","hexamod:Sear","Strike_B","hermit:BodyArmor"],"relics":["hermit:Momento","hubris:TenFootPole"],"acts_visited":["Exordium"],"potions_floor_usage":[4,8],"damage_taken":[{"damage":1,"enemies":"Jaw Worm","floor":1,"turns":3},{"damage":0,"enemies":"2 Louse","floor":2,"turns":3},{"damage":0,"enemies":"Small Slimes","floor":3,"turns":3},{"damage":13,"enemies":"Exordium Wildlife","floor":4,"turns":6},{"damage":83,"enemies":"Gremlin Nob","floor":6,"turns":6},{"damage":31,"enemies":"Lagavulin","floor":8,"turns":3}],"seed_played":"5696808711213118586","potions_obtained":[{"floor":2,"key":"Energy Potion"},{"floor":3,"key":"DistilledChaos"}],"is_trial":false,"path_per_floor":["M","M","M","M","?","E","R","E"],"character_chosen":"HERMIT","items_purchased":[],"campfire_rested":1,"item_purchase_floors":[],"current_hp_per_floor":[88,88,88,75,84,1,27,0,0],"gold":190,"neow_bonus":"TWENTY_PERCENT_HP_BONUS","is_daily":false,"chose_seed":false,"campfire_upgraded":0,"win_rate":0.0,"timestamp":1608599939,"path_taken":["M","M","M","M","?","E","R","E"],"items_purchased_type":[],"build_version":"2020-12-13","purchased_purges":0,"victory":false,"max_hp_per_floor":[89,89,89,89,89,89,89,89,89],"card_choices":[{"not_picked":["hermit:Virtue","hermit:FlashPowder","hermit:Quickdraw"],"picked":"SKIP","floor":1},{"not_picked":["hermit:WideOpen","hermit:Cheat"],"picked":"hermit:BodyArmor","floor":2},{"not_picked":["hermit:Midnight","hermit:Quickdraw","hermit:LowProfile"],"picked":"SKIP","floor":3},{"not_picked":["hermit:Desperado","hermit:HoleUp","hermit:Spite"],"picked":"SKIP","floor":4},{"not_picked":["hermit:Feint","hermit:Brawl","hermit:Malice"],"picked":"SKIP","floor":6}],"player_experience":80014,"relics_obtained":[{"floor":6,"key":"hubris:TenFootPole"}],"event_choices":[],"is_beta":false,"boss_relics":[],"items_purged_floors":[],"is_endless":false,"potions_floor_spawned":[2,3],"killed_by":"Lagavulin","ascension_level":0}}