{"host":"wonp23fsqqcu31ie","time":1608634512,"event":{"mods":["2.2 Compatiblity","AchievementEnabler","Aspiration","BaseMod","Bestiary","Better Altar","Better Match","Better Sensory Stone","Better Skull","Better Third Choice","BetterRewards","Block Reminder","Colored Map","Colored Powertips","Conspire","DeckTracker","Displayed Cursed Tome","Downfall","Hermit","Highlight Path","Hubris","Minty Spire (QoL Compilation)","Permanent Neow","Quick Restart","Rare Cards Sparkle","Relic Stats","Replay The Spire","Shade Mod","Shop Mod","StSLib","SuperFastMode","The Animator","The Cursed","The Dragon Tamer","The Gatherer","The Necromancer","The Runesmith","The Servant 0.9.4"],"gold_per_floor":[131,4,4,4,55,55,55],"floor_reached":6,"playtime":100,"items_purged":[],"score":37,"play_id":"c67146b9-9631-48c0-80d2-1c2234893dcf","local_time":"20201222215512","is_ascension_mode":true,"campfire_choices":[],"circlet_count":0,"master_deck":["animator:Strike_Konosuba","animator:Defend_Konosuba","animator:Strike","animator:Strike","animator:Strike","animator:Defend","animator:Defend","animator:Defend","animator:Kazuma","animator:Aqua","animator:SilverFang","animator:Megumin","animator:ElricEdward","animator:MetalKnight","animator:Melzalgald"],"relics":["animator:LivingPicture","animator:TheMissingPiece","aspiration:Nostalgia","Cracked Core","Ancient Tea Set","Quantum Egg"],"acts_visited":["Exordium"],"potions_floor_usage":[6],"damage_taken":[{"damage":0,"enemies":"Small Slimes","floor":1,"turns":4},{"damage":12,"enemies":"Lagavulin","floor":6,"turns":2}],"seed_played":"5711019133544216121","potions_obtained":[{"floor":1,"key":"Toxic Potion"}],"is_trial":false,"path_per_floor":["M","$","?","?","?","E"],"character_chosen":"THE_ANIMATOR","items_purchased":["animator:Megumin","animator:ElricEdward"],"campfire_rested":0,"item_purchase_floors":[2,2],"current_hp_per_floor":[66,66,24,31,6,0,0],"gold":55,"neow_bonus":"NOSTALGIA","is_daily":false,"chose_seed":false,"campfire_upgraded":0,"win_rate":0.0,"timestamp":1608634512,"path_taken":["M","$","?","?","?","E"],"items_purchased_type":["Card","Card"],"build_version":"2020-12-13","purchased_purges":0,"victory":false,"max_hp_per_floor":[66,66,66,66,67,67,67],"relic_stats":{"counters":[2,6],"obtain_stats":[{"aspiration:Nostalgia":0,"animator:TheMissingPiece":0,"Quantum Egg":5,"animator:LivingPicture":0,"Cracked Core":0,"Ancient Tea Set":3},{"aspiration:Nostalgia":0,"animator:TheMissingPiece":0,"Quantum Egg":1,"animator:LivingPicture":0,"Cracked Core":0,"Ancient Tea Set":1},{"aspiration:Nostalgia":0,"animator:TheMissingPiece":0,"Quantum Egg":4,"animator:LivingPicture":0,"Cracked Core":0,"Ancient Tea Set":4}]},"card_choices":[{"not_picked":["animator:Kaijin","animator:Souei"],"picked":"animator:SilverFang","floor":1},{"not_picked":["animator:Genos","animator:RoyMustang"],"picked":"animator:MetalKnight","floor":5},{"not_picked":["animator:TsurugaMeisai","animator:ZankiKiguchi"],"picked":"animator:Melzalgald","floor":5}],"player_experience":670560,"relics_obtained":[{"floor":5,"key":"Quantum Egg"}],"event_choices":[{"damage_healed":0,"gold_gain":0,"player_choice":"Relic ","damage_taken":42,"max_hp_gain":0,"max_hp_loss":0,"event_name":"betterThird:BetterScrap","floor":3,"gold_loss":0,"cards_obtained":["MasterReality"]}],"is_beta":false,"boss_relics":[],"items_purged_floors":[],"is_endless":false,"potions_floor_spawned":[1],"killed_by":"Lagavulin","ascension_level":3}}