{"host":"m94dsuwomejivryp","time":1608645858,"event":{"mods":["AchievementEnabler","BaseMod","Minty Spire (QoL Compilation)","StSLib","SuperFastMode"],"gold_per_floor":[116,116,135,155,168,185,215,234,234,159,159,159,159,178,178,279,279,290,293,293,304,44,74,74,74,74,74,74,74,106,125,125,228,228,241,125,137,153,274,307,361,212,292,321,321,352,352,370,370,370,370,370,1743,1773,1773],"floor_reached":56,"playtime":3114,"items_purged":["Body Slam","Shame"],"score":1823,"play_id":"e00c1830-72d0-4d2e-87b3-21653c9a81e3","local_time":"20201222230418","is_ascension_mode":false,"campfire_choices":[{"floor":11,"key":"RECALL"},{"floor":13,"key":"REST"},{"floor":15,"key":"REST"},{"data":"Madness","floor":28,"key":"SMITH"},{"floor":32,"key":"REST"},{"floor":49,"key":"REST"},{"floor":52,"key":"REST"}],"circlet_count":2,"master_deck":["Defend_R+1","Defend_R+1","Defend_R+1","Metallicize+1","Body Slam+1","Entrench+1","Offering+1","Offering+1","Impervious+1","Barricade+1","Juggernaut+1","Metallicize+1","Entrench+1","Shrug It Off+1","Shrug It Off+1","Armaments+1","Warcry+1","Seeing Red+1","Defend_R+1","Offering+1","Warcry+1","Metallicize+1","Finesse+1","Madness+1","Madness+1","Madness+1","Metallicize+1"],"relics":["Busted Crown","Circlet","Burning Blood","Lantern","Frozen Egg 2","Runic Dome","Letter Opener","Medical Kit","Eternal Feather","Molten Egg 2","WingedGreaves","Shuriken","Mummified Hand","Fusion Hammer","Self Forming Clay","InkBottle","Meat on the Bone","Torii","HandDrill","Blue Candle","StoneCalendar","Brimstone","Darkstone Periapt","The Courier","Ancient Tea Set","HornCleat","Bottled Lightning","Lizard Tail","White Beast Statue","Gremlin Horn","Strawberry","Bag of Preparation","Thread and Needle","Centennial Puzzle","Bottled Tornado","Nunchaku","Ice Cream","Anchor","Toy Ornithopter","Paper Frog","Pen Nib","Sundial","Ornamental Fan","Mercury Hourglass","Pocketwatch","Oddly Smooth Stone","Art of War","FossilizedHelix","Turnip","Ginger","Magic Flower","Champion Belt","CaptainsWheel","Bronze Scales","Happy Flower","War Paint","Unceasing Top","Whetstone","Dead Branch","Blood Vial","Red Skull","Vajra","Bag of Marbles","Orichalcum","Bird Faced Urn","Incense Burner","TungstenRod","Charon\u0027s Ashes","Gambling Chip","Mango","Calipers"],"acts_visited":["Exordium","TheCity","TheBeyond","TheEnding"],"potions_floor_usage":[16,23,31,38,38],"damage_taken":[{"damage":12,"enemies":"Jaw Worm","floor":1,"turns":1},{"damage":6,"enemies":"Cultist","floor":3,"turns":1},{"damage":12,"enemies":"2 Louse","floor":4,"turns":2},{"damage":12,"enemies":"2 Fungi Beasts","floor":5,"turns":2},{"damage":0,"enemies":"Blue Slaver","floor":6,"turns":4},{"damage":12,"enemies":"Gremlin Nob","floor":7,"turns":2},{"damage":12,"enemies":"Looter","floor":8,"turns":1},{"damage":6,"enemies":"3 Louse","floor":14,"turns":2},{"damage":12,"enemies":"The Guardian","floor":16,"turns":3},{"damage":0,"enemies":"Chosen","floor":18,"turns":1},{"damage":6,"enemies":"Spheric Guardian","floor":21,"turns":2},{"damage":12,"enemies":"Book of Stabbing","floor":23,"turns":1},{"damage":18,"enemies":"Slavers","floor":30,"turns":2},{"damage":18,"enemies":"Snake Plant","floor":31,"turns":2},{"damage":18,"enemies":"Champ","floor":33,"turns":1},{"damage":18,"enemies":"3 Darklings","floor":35,"turns":2},{"damage":18,"enemies":"Orb Walker","floor":37,"turns":1},{"damage":18,"enemies":"Sphere and 2 Shapes","floor":38,"turns":2},{"damage":18,"enemies":"Nemesis","floor":40,"turns":3},{"damage":18,"enemies":"2 Orb Walkers","floor":41,"turns":2},{"damage":18,"enemies":"Giant Head","floor":44,"turns":3},{"damage":18,"enemies":"Nemesis","floor":46,"turns":5},{"damage":18,"enemies":"3 Darklings","floor":48,"turns":2},{"damage":18,"enemies":"Donu and Deca","floor":50,"turns":4},{"damage":0,"enemies":"Shield and Spear","floor":54,"turns":1},{"damage":15,"enemies":"The Heart","floor":55,"turns":5}],"seed_played":"-5947142617223802944","potions_obtained":[{"floor":4,"key":"Explosive Potion"},{"floor":8,"key":"PowerPotion"},{"floor":14,"key":"Energy Potion"},{"floor":23,"key":"DuplicationPotion"},{"floor":31,"key":"SpeedPotion"},{"floor":35,"key":"BloodPotion"},{"floor":37,"key":"AttackPotion"},{"floor":40,"key":"Dexterity Potion"},{"floor":54,"key":"LiquidMemories"}],"is_trial":false,"path_per_floor":["M","?","M","M","M","M","E","M","T","$","R","?","R","M","R","B",null,"M","$","?","M","$","E","?","?","T","T","R","?","E","M","R","B",null,"M","$","M","M","$","E","?","$","T","E","?","E","?","M","R","B",null,"R","$","E","B",null],"character_chosen":"IRONCLAD","items_purchased":["Letter Opener","Medical Kit","Madness","Eternal Feather","Self Forming Clay","InkBottle","Meat on the Bone","Torii","HandDrill","Metallicize+1","Finesse","Brimstone","HornCleat","Bottled Lightning","Lizard Tail","White Beast Statue","Gremlin Horn","Strawberry","Bag of Preparation","Thread and Needle","Centennial Puzzle","Bottled Tornado","Nunchaku","Ice Cream","Anchor","Toy Ornithopter","Paper Frog","Pen Nib","Sundial","Ornamental Fan","Mercury Hourglass","Pocketwatch","Oddly Smooth Stone","Art of War","FossilizedHelix","Turnip","Ginger","Magic Flower","Champion Belt","CaptainsWheel","Bronze Scales","Happy Flower","War Paint","Unceasing Top","Whetstone","Dead Branch","Blood Vial","Red Skull","Vajra","Bag of Marbles","Orichalcum","Bird Faced Urn","Incense Burner","TungstenRod","Charon\u0027s Ashes","Gambling Chip","Mango","Calipers","Metallicize+1"],"campfire_rested":5,"item_purchase_floors":[19,19,19,22,36,36,39,39,39,39,39,42,53,53,53,53,53,53,53,53,53,53,53,53,53,53,53,53,53,53,53,53,53,53,53,53,53,53,53,53,53,53,53,53,53,53,53,53,53,53,53,53,53,53,53,53,53,53,53],"current_hp_per_floor":[68,60,54,48,42,48,42,36,36,36,36,36,60,60,80,74,80,80,80,80,80,80,74,74,74,74,74,80,80,68,56,80,68,80,68,68,56,60,60,48,48,48,48,48,38,38,38,38,77,65,80,80,101,101,101],"gold":1773,"neow_bonus":"BOSS_RELIC","is_daily":false,"chose_seed":false,"campfire_upgraded":1,"win_rate":0.0,"timestamp":1608645858,"path_taken":["M","?","M","?","M","M","E","M","T","$","R","?","R","M","R","BOSS","M","$","?","M","$","E","?","?","T","?","R","?","E","M","R","BOSS","M","$","M","M","?","E","?","$","T","E","?","E","?","M","R","BOSS","R","$","E","BOSS"],"items_purchased_type":["Relic","Relic","Card","Relic","Relic","Relic","Relic","Relic","Relic","Card","Card","Relic","Relic","Relic","Relic","Relic","Relic","Relic","Relic","Relic","Relic","Relic","Relic","Relic","Relic","Relic","Relic","Relic","Relic","Relic","Relic","Relic","Relic","Relic","Relic","Relic","Relic","Relic","Relic","Relic","Relic","Relic","Relic","Relic","Relic","Relic","Relic","Relic","Relic","Relic","Relic","Relic","Relic","Relic","Relic","Relic","Relic","Relic","Card"],"build_version":"2020-12-13","purchased_purges":2,"victory":true,"max_hp_per_floor":[80,80,80,80,80,80,80,80,80,80,80,80,80,80,80,80,80,80,80,80,80,80,80,80,80,80,80,80,80,80,80,80,80,80,80,80,80,80,80,80,80,80,80,80,80,80,80,80,80,80,80,80,101,101,101],"card_choices":[{"not_picked":["Dropkick"],"picked":"SKIP","floor":1},{"not_picked":["Iron Wave"],"picked":"SKIP","floor":3},{"not_picked":["Wild Strike"],"picked":"SKIP","floor":4},{"not_picked":["Perfected Strike"],"picked":"SKIP","floor":5},{"not_picked":[],"picked":"Body Slam","floor":6},{"not_picked":["Flex"],"picked":"SKIP","floor":7},{"not_picked":["Sword Boomerang"],"picked":"SKIP","floor":8},{"not_picked":["Armaments"],"picked":"SKIP","floor":14},{"not_picked":["Warcry"],"picked":"SKIP","floor":18},{"not_picked":["Disarm"],"picked":"SKIP","floor":21},{"not_picked":["Rupture+1"],"picked":"SKIP","floor":23},{"not_picked":[],"picked":"Warcry","floor":30},{"not_picked":["Wild Strike+1"],"picked":"SKIP","floor":31},{"not_picked":["Flex"],"picked":"SKIP","floor":35},{"not_picked":["Iron Wave+1"],"picked":"SKIP","floor":37},{"not_picked":["Rampage+1"],"picked":"SKIP","floor":38},{"not_picked":["Flame Barrier+1"],"picked":"SKIP","floor":40},{"not_picked":["Pommel Strike+1"],"picked":"SKIP","floor":44},{"not_picked":["Hemokinesis+1"],"picked":"SKIP","floor":46},{"not_picked":["Shrug It Off"],"picked":"SKIP","floor":48},{"not_picked":["Feed+1"],"picked":"SKIP","floor":54}],"player_experience":165965,"relics_obtained":[{"floor":7,"key":"Lantern"},{"floor":9,"key":"Frozen Egg 2"},{"floor":23,"key":"Molten Egg 2"},{"floor":27,"key":"Shuriken"},{"floor":30,"key":"Mummified Hand"},{"floor":40,"key":"Blue Candle"},{"floor":41,"key":"StoneCalendar"},{"floor":43,"key":"Darkstone Periapt"},{"floor":44,"key":"The Courier"},{"floor":46,"key":"Ancient Tea Set"}],"event_choices":[{"damage_healed":0,"gold_gain":0,"player_choice":"Damaged","damage_taken":8,"max_hp_gain":0,"max_hp_loss":0,"event_name":"Wheel of Change","floor":2,"gold_loss":0},{"cards_removed":["Defend_R"],"damage_healed":0,"gold_gain":0,"player_choice":"Forget","damage_taken":0,"max_hp_gain":0,"max_hp_loss":0,"event_name":"Living Wall","floor":12,"gold_loss":0},{"damage_healed":26,"gold_gain":0,"player_choice":"Heal","damage_taken":0,"max_hp_gain":0,"max_hp_loss":0,"event_name":"The Library","floor":20,"gold_loss":0},{"damage_healed":0,"gold_gain":0,"player_choice":"Simplicity","damage_taken":0,"max_hp_gain":0,"max_hp_loss":0,"event_name":"Back to Basics","floor":24,"gold_loss":0,"cards_upgraded":[]},{"damage_healed":0,"gold_gain":0,"player_choice":"Stole Relic","damage_taken":0,"relics_obtained":["WingedGreaves"],"max_hp_gain":0,"max_hp_loss":0,"event_name":"Addict","floor":25,"gold_loss":0,"cards_obtained":["Shame"]},{"damage_healed":0,"gold_gain":0,"player_choice":"Copied","damage_taken":0,"max_hp_gain":0,"max_hp_loss":0,"event_name":"Duplicator","floor":29,"gold_loss":0,"cards_obtained":["Offering"]},{"damage_healed":0,"gold_gain":0,"player_choice":"Fight","damage_taken":0,"max_hp_gain":0,"max_hp_loss":0,"event_name":"Mysterious Sphere","floor":41,"gold_loss":0},{"damage_healed":0,"gold_gain":0,"player_choice":"Embrace Madness","damage_taken":10,"max_hp_gain":0,"max_hp_loss":0,"event_name":"Winding Halls","floor":45,"gold_loss":0,"cards_obtained":["Madness","Madness"]},{"cards_removed":["Madness"],"damage_healed":0,"gold_gain":0,"player_choice":"Removed Skill","damage_taken":0,"max_hp_gain":0,"max_hp_loss":0,"event_name":"Falling","floor":47,"gold_loss":0}],"is_beta":false,"boss_relics":[{"not_picked":["Calling Bell","Cursed Key"],"picked":"Runic Dome"},{"not_picked":["SlaversCollar","Empty Cage"],"picked":"Fusion Hammer"}],"items_purged_floors":[10,36],"is_endless":false,"potions_floor_spawned":[1,4,8,14,21,23,31,35,37,40,48,54],"ascension_level":0}}