{"host":"1a32ffxog1zcqoh0","time":1608671547,"event":{"mods":["BaseMod","Block Reminder","Colored Map","Colored Powertips","Googly Eyes","Minty Spire (QoL Compilation)","Quick Restart","Rare Cards Sparkle","Relic Stats","StSLib","Unceasing Turn Reminder","everything is the same but u backflip on backflip","slay the spire mod where everything is the same but ironclad has a cowboy hat"],"gold_per_floor":[118,68,86,86,86,122,122,156,156,200,200,200,233,10,10,136,136,159,159,172,172,185,185,210,244,244,244,159,159,159,159],"floor_reached":30,"playtime":1019,"items_purged":["Strike_G"],"score":371,"play_id":"bff87b38-c077-4744-b058-4041bb1731d7","local_time":"20201222161227","is_ascension_mode":true,"campfire_choices":[{"data":"Accuracy","floor":7,"key":"SMITH"},{"floor":11,"key":"REST"},{"floor":15,"key":"REST"},{"floor":23,"key":"REST"},{"floor":29,"key":"REST"}],"circlet_count":0,"master_deck":["Strike_G","Strike_G","Strike_G","Defend_G","Defend_G","Defend_G","Defend_G","Defend_G","Survivor","Neutralize","Prepared","Blade Dance","Accuracy+1","Backflip","Poisoned Stab","Slice","Prepared","Noxious Fumes","Dagger Spray","Corpse Explosion","Escape Plan","Escape Plan+1","Deadly Poison+1","Calculated Gamble","Accuracy"],"relics":["Ring of the Snake","NeowsBlessing","Golden Idol","Paper Crane","Potion Belt","Oddly Smooth Stone","Blood Vial","Tingsha","Busted Crown","MealTicket","Pantograph","Toxic Egg 2"],"acts_visited":["Exordium","TheCity"],"potions_floor_usage":[10,10],"damage_taken":[{"damage":0,"enemies":"Small Slimes","floor":1,"turns":1},{"damage":0,"enemies":"2 Louse","floor":3,"turns":1},{"damage":0,"enemies":"Lagavulin","floor":6,"turns":1},{"damage":42,"enemies":"Gremlin Nob","floor":8,"turns":5},{"damage":12,"enemies":"3 Sentries","floor":10,"turns":8},{"damage":6,"enemies":"Gremlin Nob","floor":13,"turns":3},{"damage":47,"enemies":"Slime Boss","floor":16,"turns":9},{"damage":29,"enemies":"2 Thieves","floor":18,"turns":4},{"damage":18,"enemies":"Spheric Guardian","floor":20,"turns":4},{"damage":13,"enemies":"Centurion and Healer","floor":22,"turns":3},{"damage":0,"enemies":"Cultist and Chosen","floor":24,"turns":4},{"damage":38,"enemies":"Slavers","floor":25,"turns":3},{"damage":57,"enemies":"Gremlin Leader","floor":30,"turns":4}],"seed_played":"7471951749872171043","potions_obtained":[{"floor":3,"key":"LiquidBronze"},{"floor":6,"key":"GhostInAJar"},{"floor":18,"key":"FairyPotion"},{"floor":22,"key":"BlessingOfTheForge"},{"floor":24,"key":"GamblersBrew"}],"is_trial":false,"path_per_floor":["M","?","M","?","?","E","R","E","T","E","R","?","E","$","R","B",null,"M","?","M","?","M","R","M","E","T","?","?","R","E"],"character_chosen":"THE_SILENT","items_purchased":["Prepared","Noxious Fumes","Dagger Spray"],"campfire_rested":4,"item_purchase_floors":[14,14,14],"current_hp_per_floor":[70,70,70,70,63,63,63,21,21,9,30,30,26,26,47,2,53,26,20,4,4,19,40,42,6,6,29,29,50,0,0],"gold":159,"neow_bonus":"THREE_ENEMY_KILL","is_daily":false,"chose_seed":false,"campfire_upgraded":1,"win_rate":0.0,"timestamp":1608671547,"path_taken":["M","?","M","?","?","E","R","E","T","E","R","?","E","$","R","BOSS","M","?","?","?","M","R","M","E","T","?","?","R","E"],"items_purchased_type":["Card","Card","Card"],"build_version":"2020-12-13","purchased_purges":1,"victory":false,"max_hp_per_floor":[70,70,70,70,70,70,70,70,70,70,70,70,70,70,70,70,70,70,70,70,70,70,70,70,70,70,70,70,70,70,70],"relic_stats":{"Blood Vial":16,"Busted Crown":10,"counters":[13,50],"Golden Idol":78,"Pantograph":0,"Tingsha":[60],"MealTicket":0,"obtain_stats":[{"Potion Belt":8,"Blood Vial":10,"Busted Crown":17,"NeowsBlessing":0,"Golden Idol":4,"Pantograph":26,"Oddly Smooth Stone":9,"Tingsha":13,"MealTicket":25,"Paper Crane":6,"Toxic Egg 2":28,"Ring of the Snake":0},{"Potion Belt":4,"Blood Vial":5,"Busted Crown":7,"NeowsBlessing":0,"Golden Idol":2,"Pantograph":12,"Oddly Smooth Stone":4,"Tingsha":6,"MealTicket":12,"Paper Crane":3,"Toxic Egg 2":12,"Ring of the Snake":0},{"Potion Belt":8,"Blood Vial":16,"Busted Crown":28,"NeowsBlessing":0,"Golden Idol":2,"Pantograph":46,"Oddly Smooth Stone":8,"Tingsha":19,"MealTicket":46,"Paper Crane":3,"Toxic Egg 2":46,"Ring of the Snake":0}],"Ring of the Snake":[26]},"card_choices":[{"not_picked":["PiercingWail","All Out Attack"],"picked":"Prepared","floor":1},{"not_picked":["Skewer","Dagger Spray"],"picked":"Blade Dance","floor":3},{"not_picked":["Blade Dance","Poisoned Stab"],"picked":"Accuracy","floor":6},{"not_picked":["Poisoned Stab","Die Die Die"],"picked":"Backflip","floor":8},{"not_picked":["Backflip","Underhanded Strike"],"picked":"Poisoned Stab","floor":10},{"not_picked":["Unload","Predator"],"picked":"Slice","floor":13},{"not_picked":["Doppelganger","Glass Knife"],"picked":"Corpse Explosion","floor":16},{"not_picked":[],"picked":"Escape Plan","floor":18},{"not_picked":[],"picked":"Escape Plan+1","floor":20},{"not_picked":[],"picked":"Deadly Poison+1","floor":22},{"not_picked":[],"picked":"Calculated Gamble","floor":24},{"not_picked":[],"picked":"Accuracy","floor":25}],"player_experience":254897,"relics_obtained":[{"floor":6,"key":"Paper Crane"},{"floor":8,"key":"Potion Belt"},{"floor":9,"key":"Oddly Smooth Stone"},{"floor":10,"key":"Blood Vial"},{"floor":13,"key":"Tingsha"},{"floor":25,"key":"MealTicket"},{"floor":26,"key":"Pantograph"}],"event_choices":[{"cards_removed":["Strike_G"],"damage_healed":0,"gold_gain":0,"player_choice":"Card Removal","damage_taken":0,"max_hp_gain":0,"max_hp_loss":0,"event_name":"The Cleric","floor":2,"gold_loss":50},{"damage_healed":0,"gold_gain":0,"player_choice":"Take Wound","damage_taken":0,"relics_obtained":["Golden Idol"],"max_hp_gain":0,"max_hp_loss":0,"event_name":"Golden Idol","floor":4,"gold_loss":0,"cards_obtained":["Injury"]},{"cards_removed":["Injury"],"damage_healed":0,"gold_gain":0,"player_choice":"Card Removal","damage_taken":7,"max_hp_gain":0,"max_hp_loss":0,"event_name":"Golden Wing","floor":5,"gold_loss":0},{"damage_healed":0,"gold_gain":0,"player_choice":"Fled","damage_taken":0,"max_hp_gain":0,"max_hp_loss":0,"event_name":"Scrap Ooze","floor":12,"gold_loss":0},{"damage_healed":0,"gold_gain":0,"player_choice":"","damage_taken":6,"max_hp_gain":0,"max_hp_loss":0,"event_name":"Knowing Skull","floor":19,"potions_obtained":[],"gold_loss":0,"cards_obtained":[]},{"damage_healed":0,"gold_gain":0,"player_choice":"Ignored","damage_taken":0,"max_hp_gain":0,"max_hp_loss":0,"event_name":"Cursed Tome","floor":21,"gold_loss":0},{"damage_healed":23,"gold_gain":0,"player_choice":"Heal","damage_taken":0,"max_hp_gain":0,"max_hp_loss":0,"event_name":"The Library","floor":27,"gold_loss":0},{"damage_healed":0,"gold_gain":0,"player_choice":"Obtained Relic","damage_taken":0,"relics_obtained":["Toxic Egg 2"],"max_hp_gain":0,"max_hp_loss":0,"event_name":"Addict","floor":28,"gold_loss":85}],"is_beta":false,"boss_relics":[{"not_picked":["Astrolabe","Snecko Eye"],"picked":"Busted Crown"}],"items_purged_floors":[14],"is_endless":false,"potions_floor_spawned":[3,6,18,22,24],"killed_by":"Gremlin Leader","ascension_level":5}}