{"host":"5smcqgbe0rrg6qum","time":1608599041,"event":{"mods":["A Magickal Journey","BaseMod","Hermit","Minty Spire (QoL Compilation)","StSLib","The Blackbeard","The Death Knight","The Forsaken","The Necromancer","The Poker Player","The Runesmith","The Servant 0.9.4","The Showman","The Wild Card"],"gold_per_floor":[117,117,117,135,135,135,179,179,179,203,219,254,254,294,294,425,425,450,469,469,257,281,281,281],"floor_reached":23,"playtime":1618,"items_purged":[],"score":234,"play_id":"7bb8f0ed-ab77-4535-8b6a-11ec9f6b9af2","local_time":"20201221170401","is_ascension_mode":false,"campfire_choices":[{"data":"theForsaken:Smite","floor":6,"key":"SMITH"},{"data":"theForsaken:BountifulSunlight","floor":8,"key":"SMITH"},{"data":"theForsaken:RainingSunlight","floor":13,"key":"SMITH"},{"floor":15,"key":"REST"}],"circlet_count":0,"master_deck":["theForsaken:TheForsaken_Strike+1","theForsaken:TheForsaken_Strike+1","theForsaken:TheForsaken_Strike+1","theForsaken:TheForsaken_Strike+1","theForsaken:TheForsaken_Defend+1","theForsaken:TheForsaken_Defend+1","theForsaken:TheForsaken_Defend+1","theForsaken:TheForsaken_Defend+1","theForsaken:Smite+1","theForsaken:Penitence","theForsaken:CreepingInfection","theWildCard:Michael","theForsaken:BindingThorns","theForsaken:BountifulSunlight+1","theForsaken:RainingSunlight+1","theForsaken:Enfeeble","theForsaken:ScorchingSunlight","theForsaken:BountifulSunlight","theForsaken:DarkRift","theForsaken:Backlash","theForsaken:FatRoll","Apotheosis","theForsaken:MagicWeapon","theForsaken:QuickAttack"],"relics":["theForsaken:JudgementScales","NeowsBlessing","Golden Idol","Anchor","InkBottle","Bronze Scales","Omamori","Black Star"],"acts_visited":["Exordium","TheCity"],"potions_floor_usage":[22,22,22,23],"damage_taken":[{"damage":0,"enemies":"Small Slimes","floor":1,"turns":1},{"damage":0,"enemies":"2 Louse","floor":4,"turns":2},{"damage":0,"enemies":"3 Sentries","floor":7,"turns":2},{"damage":17,"enemies":"Jaw Worm","floor":10,"turns":5},{"damage":22,"enemies":"Lots of Slimes","floor":11,"turns":5},{"damage":13,"enemies":"Gremlin Nob","floor":12,"turns":3},{"damage":30,"enemies":"3 Sentries","floor":14,"turns":6},{"damage":62,"enemies":"Slime Boss","floor":16,"turns":8},{"damage":45,"enemies":"Shell Parasite","floor":18,"turns":4},{"damage":45,"enemies":"2 Thieves","floor":19,"turns":3},{"damage":35,"enemies":"Shelled Parasite and Fungi","floor":22,"turns":5},{"damage":41,"enemies":"Slavers","floor":23,"turns":2}],"seed_played":"-324949738805985723","potions_obtained":[{"floor":4,"key":"Swift Potion"},{"floor":7,"key":"Energy Potion"},{"floor":12,"key":"Weak Potion"},{"floor":18,"key":"LiquidMemories"},{"floor":22,"key":"Weak Potion"}],"is_trial":false,"path_per_floor":["M","?","?","M","?","R","E","R","T","M","M","E","R","E","R","B",null,"M","M","?","$","M","E"],"character_chosen":"THE_FORSAKEN","items_purchased":["Apotheosis","theForsaken:MagicWeapon"],"campfire_rested":1,"item_purchase_floors":[21,21],"current_hp_per_floor":[65,65,65,65,49,49,52,52,52,61,62,52,52,38,57,25,65,56,20,20,20,30,0,0],"gold":281,"neow_bonus":"THREE_ENEMY_KILL","is_daily":false,"chose_seed":false,"campfire_upgraded":3,"win_rate":0.0,"timestamp":1608599041,"path_taken":["M","?","?","M","?","R","E","R","T","M","M","E","R","E","R","BOSS","M","M","?","$","M","E"],"items_purchased_type":["Card","Card"],"build_version":"2020-12-13","purchased_purges":0,"victory":false,"max_hp_per_floor":[65,65,65,65,65,65,65,65,65,65,65,65,65,65,65,65,65,65,65,65,65,65,65,65],"card_choices":[{"not_picked":["theForsaken:HealingLight","theForsaken:HorrifyingStrike"],"picked":"theForsaken:CreepingInfection","floor":1},{"not_picked":["theForsaken:CreepingInfection","theForsaken:FuryStrikes"],"picked":"theForsaken:BindingThorns","floor":4},{"not_picked":["theForsaken:FuryStrikes","theForsaken:Thunderbolt"],"picked":"theForsaken:BountifulSunlight","floor":7},{"not_picked":["theForsaken:Eulogy","theForsaken:Preservation"],"picked":"theForsaken:RainingSunlight","floor":10},{"not_picked":["theForsaken:DarkBarrier","theForsaken:PanicDive"],"picked":"theForsaken:Enfeeble","floor":11},{"not_picked":["theForsaken:DarkBargain","theForsaken:Purification"],"picked":"theForsaken:ScorchingSunlight","floor":12},{"not_picked":["theForsaken:BottledPlague","theForsaken:FuryStrikes"],"picked":"theForsaken:BountifulSunlight","floor":14},{"not_picked":["theForsaken:SacredOath","theForsaken:Horror"],"picked":"theForsaken:DarkRift","floor":16},{"not_picked":["theForsaken:CreepingInfection","theForsaken:ChargeAttack"],"picked":"theForsaken:Backlash","floor":18},{"not_picked":["theForsaken:BlightOfFamine","theForsaken:StoreUp"],"picked":"theForsaken:FatRoll","floor":19},{"not_picked":["theForsaken:NobleSacrifice","theForsaken:WordsOfPestilence"],"picked":"theForsaken:QuickAttack","floor":22}],"player_experience":28132,"relics_obtained":[{"floor":7,"key":"Anchor"},{"floor":9,"key":"InkBottle"},{"floor":12,"key":"Bronze Scales"},{"floor":14,"key":"Omamori"}],"event_choices":[{"damage_healed":0,"gold_gain":0,"player_choice":"Ignored","damage_taken":0,"max_hp_gain":0,"max_hp_loss":0,"event_name":"Liars Game","floor":3,"gold_loss":0},{"damage_healed":0,"gold_gain":0,"player_choice":"Take Damage","damage_taken":16,"relics_obtained":["Golden Idol"],"max_hp_gain":0,"max_hp_loss":0,"event_name":"Golden Idol","floor":5,"gold_loss":0},{"damage_healed":0,"gold_gain":0,"player_choice":"Simplicity","damage_taken":0,"max_hp_gain":0,"max_hp_loss":0,"event_name":"Back to Basics","floor":20,"gold_loss":0,"cards_upgraded":["theForsaken:TheForsaken_Strike","theForsaken:TheForsaken_Strike","theForsaken:TheForsaken_Strike","theForsaken:TheForsaken_Strike","theForsaken:TheForsaken_Defend","theForsaken:TheForsaken_Defend","theForsaken:TheForsaken_Defend","theForsaken:TheForsaken_Defend"]}],"is_beta":false,"boss_relics":[{"not_picked":["Velvet Choker","Tiny House"],"picked":"Black Star"}],"items_purged_floors":[],"is_endless":false,"potions_floor_spawned":[4,7,12,18,22],"killed_by":"Slavers","ascension_level":0}}