{"host":"dvpvhz1t6etneyb3","time":1608595655,"event":{"mods":["AchievementEnabler","BaseMod","Colored Map","Highlight Path","Minty Spire (QoL Compilation)","Permanent Neow","Quick Restart"],"gold_per_floor":[110,110,129,149,199,199,224,240,312,312,312,312],"floor_reached":11,"playtime":386,"items_purged":[],"score":146,"play_id":"f085def4-cfae-4d6f-8046-e65faeab9d40","local_time":"20201221190735","is_ascension_mode":true,"campfire_choices":[{"data":"All Out Attack","floor":6,"key":"SMITH"},{"floor":10,"key":"REST"}],"circlet_count":0,"master_deck":["AscendersBane","Strike_G","Strike_G","Strike_G","Strike_G","Strike_G","Defend_G","Defend_G","Defend_G","Defend_G","Defend_G","Survivor","Neutralize","Quick Slash","All Out Attack+1","Well Laid Plans","Endless Agony"],"relics":["Black Star","Mango","Akabeko","Juzu Bracelet","Paper Crane"],"acts_visited":["Exordium"],"potions_floor_usage":[7,8],"damage_taken":[{"damage":12,"enemies":"Small Slimes","floor":1,"turns":4},{"damage":0,"enemies":"2 Louse","floor":3,"turns":4},{"damage":1,"enemies":"Cultist","floor":4,"turns":4},{"damage":48,"enemies":"Lagavulin","floor":7,"turns":7},{"damage":0,"enemies":"2 Fungi Beasts","floor":8,"turns":4},{"damage":46,"enemies":"Gremlin Nob","floor":11,"turns":4}],"seed_played":"-8171004743472198435","potions_obtained":[{"floor":3,"key":"GamblersBrew"},{"floor":4,"key":"Regen Potion"}],"is_trial":false,"path_per_floor":["M","?","M","M","?","R","E","M","T","R","E"],"character_chosen":"THE_SILENT","items_purchased":[],"campfire_rested":1,"item_purchase_floors":[],"current_hp_per_floor":[47,35,35,34,34,34,1,1,1,25,0,0],"gold":312,"neow_bonus":"BOSS_RELIC","is_daily":false,"chose_seed":false,"campfire_upgraded":1,"win_rate":0.0,"timestamp":1608595655,"path_taken":["M","?","M","M","?","R","E","M","T","R","E"],"items_purchased_type":[],"build_version":"2020-12-13","purchased_purges":0,"victory":false,"max_hp_per_floor":[66,80,80,80,80,80,80,80,80,80,80,80],"card_choices":[{"not_picked":["Blade Dance","Bane","Eviscerate"],"picked":"SKIP","floor":1},{"not_picked":["Terror","Bane"],"picked":"Quick Slash","floor":3},{"not_picked":["Reflex","Dodge and Roll"],"picked":"All Out Attack","floor":4},{"not_picked":["Endless Agony","Slice"],"picked":"Well Laid Plans","floor":7},{"not_picked":["Reflex","Heel Hook"],"picked":"Endless Agony","floor":8}],"player_experience":1915863,"relics_obtained":[{"floor":7,"key":"Akabeko"},{"floor":7,"key":"Juzu Bracelet"},{"floor":9,"key":"Paper Crane"}],"event_choices":[{"damage_healed":0,"gold_gain":0,"player_choice":"Success","damage_taken":26,"relics_obtained":["Mango"],"max_hp_gain":0,"max_hp_loss":0,"event_name":"Scrap Ooze","floor":2,"gold_loss":0},{"damage_healed":0,"gold_gain":50,"player_choice":"Pray","damage_taken":0,"max_hp_gain":0,"max_hp_loss":0,"event_name":"Golden Shrine","floor":5,"gold_loss":0}],"is_beta":false,"boss_relics":[],"items_purged_floors":[],"is_endless":false,"potions_floor_spawned":[3,4],"killed_by":"Gremlin Nob","ascension_level":20}}