{"host":"1tkoe3l8wf0xx8if","time":1608628757,"event":{"mods":["AchievementEnabler","BaseMod","Colored Map","Minty Spire (QoL Compilation)","Quick Restart","StSLib","SuperFastMode"],"gold_per_floor":[109,126,138,138,63,63,392,402,478,478,510,371,371,390,390,467,467,478,513,530,255,255,255,290,300,379,379,379],"floor_reached":27,"playtime":1007,"items_purged":["Strike_R","Strike_R","Intimidate"],"score":398,"play_id":"261a658b-e9e8-4299-8c3c-7e347273d4c7","local_time":"20201222181917","is_ascension_mode":true,"campfire_choices":[{"data":"Shockwave","floor":6.0,"key":"SMITH"},{"data":"True Grit","floor":13.0,"key":"SMITH"},{"data":"Uppercut","floor":15.0,"key":"SMITH"},{"data":"Pommel Strike","floor":23,"key":"SMITH"}],"circlet_count":0,"master_deck":["AscendersBane","Strike_R+1","Strike_R","Defend_R","Defend_R","Defend_R","Defend_R","Bash","Flex","Cleave+1","Shockwave+1","Rupture","True Grit+1","Second Wind","Uppercut+1","Limit Break","Pommel Strike+1","Ghostly Armor","Evolve"],"relics":["Black Blood","NeowsBlessing","Old Coin","Pantograph","Mercury Hourglass","Whetstone","Red Mask","Omamori","Bronze Scales","Self Forming Clay","Shuriken"],"acts_visited":["Exordium","TheCity"],"potions_floor_usage":[20,27],"damage_taken":[{"damage":0.0,"enemies":"Small Slimes","floor":1.0,"turns":1.0},{"damage":0.0,"enemies":"Cultist","floor":2.0,"turns":1.0},{"damage":0.0,"enemies":"Jaw Worm","floor":3.0,"turns":1.0},{"damage":31.0,"enemies":"Gremlin Nob","floor":7.0,"turns":5.0},{"damage":4.0,"enemies":"2 Fungi Beasts","floor":8.0,"turns":4.0},{"damage":28.0,"enemies":"3 Sentries","floor":11.0,"turns":6.0},{"damage":13.0,"enemies":"Large Slime","floor":14.0,"turns":6.0},{"damage":45.0,"enemies":"Hexaghost","floor":16.0,"turns":14.0},{"damage":33.0,"enemies":"Spheric Guardian","floor":18.0,"turns":6.0},{"damage":35.0,"enemies":"Masked Bandits","floor":19.0,"turns":4.0},{"damage":0,"enemies":"3 Byrds","floor":20,"turns":3},{"damage":33,"enemies":"Book of Stabbing","floor":24,"turns":6},{"damage":0,"enemies":"Cultist and Chosen","floor":25,"turns":7},{"damage":33,"enemies":"Sentry and Sphere","floor":27,"turns":5}],"seed_played":"-1392871933869261513","potions_obtained":[{"floor":1.0,"key":"BloodPotion"},{"floor":3.0,"key":"Energy Potion"},{"floor":7.0,"key":"Explosive Potion"},{"floor":16.0,"key":"BlessingOfTheForge"},{"floor":19.0,"key":"AttackPotion"},{"floor":20,"key":"EssenceOfSteel"}],"is_trial":false,"path_per_floor":["M","M","M","?","$","R","E","M","T","T","E","$","R","M","R","B",null,"M","?","M","$","?","R","E","M","T","M"],"character_chosen":"IRONCLAD","items_purchased":["Second Wind","Omamori"],"campfire_rested":0,"item_purchase_floors":[12,21],"current_hp_per_floor":[78,80,80,80,80,80,71,73,73,73,51,51,51,44,44,30,68,47,24,36,36,36,36,15,27,27,0,0],"gold":379,"neow_bonus":"THREE_ENEMY_KILL","is_daily":false,"chose_seed":false,"campfire_upgraded":4,"win_rate":0.0,"timestamp":1608628757,"path_taken":["M","M","M","?","?","R","E","M","T","?","E","$","R","M","R","BOSS","M","?","M","$","?","R","E","?","T","M"],"items_purchased_type":["Card","Relic"],"build_version":"2020-12-13","purchased_purges":3,"victory":false,"max_hp_per_floor":[80,80,80,80,80,80,80,80,80,80,80,80,80,80,80,80,80,80,80,80,80,80,80,80,80,80,80,80],"card_choices":[{"not_picked":["Burning Pact","Power Through"],"picked":"Flex","floor":1.0},{"not_picked":["True Grit","Havoc"],"picked":"Cleave","floor":2.0},{"not_picked":["Perfected Strike","Burning Pact"],"picked":"Shockwave","floor":3.0},{"not_picked":["Corruption","Cleave"],"picked":"True Grit","floor":7.0},{"not_picked":["Blood for Blood","Searing Blow","Flex"],"picked":"SKIP","floor":8.0},{"not_picked":["Infernal Blade","Dual Wield"],"picked":"Intimidate","floor":11.0},{"not_picked":["Twin Strike","Perfected Strike"],"picked":"Uppercut","floor":14.0},{"not_picked":["Double Tap","Impervious"],"picked":"Limit Break","floor":16.0},{"not_picked":["Seeing Red","Intimidate","Armaments"],"picked":"SKIP","floor":18.0},{"not_picked":["Iron Wave","Armaments"],"picked":"Pommel Strike","floor":19.0},{"not_picked":["Perfected Strike","Iron Wave"],"picked":"Ghostly Armor","floor":20},{"not_picked":["Flex","Whirlwind+1","Perfected Strike"],"picked":"SKIP","floor":24},{"not_picked":["Pommel Strike+1","Havoc"],"picked":"Evolve","floor":25}],"player_experience":303806,"relics_obtained":[{"floor":7.0,"key":"Old Coin"},{"floor":9.0,"key":"Pantograph"},{"floor":10.0,"key":"Mercury Hourglass"},{"floor":11.0,"key":"Whetstone"},{"floor":19.0,"key":"Red Mask"},{"floor":24,"key":"Self Forming Clay"},{"floor":26,"key":"Shuriken"}],"event_choices":[{"damage_healed":0.0,"max_hp_gain":0.0,"max_hp_loss":0.0,"gold_gain":0.0,"cards_transformed":["Strike_R"],"event_name":"Transmorgrifier","player_choice":"Transformed","floor":4.0,"gold_loss":0.0,"damage_taken":0.0,"cards_obtained":["Rupture"]},{"damage_healed":0.0,"max_hp_gain":0.0,"max_hp_loss":0.0,"gold_gain":0.0,"event_name":"Masked Bandits","player_choice":"Fought Bandits","floor":19.0,"gold_loss":0.0,"damage_taken":0.0},{"damage_healed":0,"gold_gain":0,"player_choice":"Gave Potion","damage_taken":0,"relics_obtained":["Bronze Scales"],"max_hp_gain":0,"max_hp_loss":0,"event_name":"WeMeetAgain","floor":22,"gold_loss":0}],"is_beta":false,"boss_relics":[{"not_picked":["Snecko Eye","Astrolabe"],"picked":"Black Blood"}],"items_purged_floors":[5,12,21],"is_endless":false,"potions_floor_spawned":[1,3,7,14,16,19,20],"killed_by":"Sentry and Sphere","ascension_level":13}}