{"host":"sav7uxregyirlf69","time":1608636643,"event":{"mods":["AchievementEnabler","BaseMod","Colored Map","DeckTracker","Keyboard Shortcuts","Minty Spire (QoL Compilation)","READ ME - Guardian Mod","StSLib","SuperFastMode"],"gold_per_floor":[119,133,133,147,147,175,175,205,205,224,243,243,243,273,273,378,378,392,406,81,101,101,101,128,128,128,143,175,195,294,312,312,412,412,431,85,101,101,111,111,146,146,146,146,196,196,196],"floor_reached":46,"playtime":1067,"items_purged":["Strike_P","Strike_P"],"score":897,"play_id":"0948bab9-4011-4924-afb1-2338f36190e9","local_time":"20201222203043","is_ascension_mode":true,"campfire_choices":[{"floor":7.0,"key":"REST"},{"data":"Alpha","floor":13.0,"key":"SMITH"},{"data":"EmptyMind","floor":15.0,"key":"SMITH"},{"data":"Vault","floor":23.0,"key":"SMITH"},{"data":"Adaptation","floor":32.0,"key":"SMITH"},{"data":"Scrawl","floor":40.0,"key":"SMITH"},{"data":"Finesse","floor":44.0,"key":"SMITH"}],"circlet_count":0,"master_deck":["AscendersBane","Strike_P+1","Strike_P","Defend_P","Defend_P","Defend_P+1","Eruption+1","Vigilance","EmptyMind+1","Halt","InnerPeace","Alpha+1","Evaluate","Adaptation+1","Vault+1","Sanctity","EmptyFist+1","Protect","Sanctity+1","Perseverance","Scrawl+1","Wireheading+1","Finesse+1"],"relics":["HolyWater","Thread and Needle","Bird Faced Urn","FossilizedHelix","StoneCalendar","Meat on the Bone","MealTicket","Nunchaku","Cursed Key","Melange","Darkstone Periapt"],"acts_visited":["Exordium","TheCity","TheBeyond"],"potions_floor_usage":[],"damage_taken":[{"damage":2.0,"enemies":"Jaw Worm","floor":1.0,"turns":3.0},{"damage":7.0,"enemies":"Cultist","floor":2.0,"turns":5.0},{"damage":0.0,"enemies":"2 Louse","floor":4.0,"turns":2.0},{"damage":21.0,"enemies":"3 Sentries","floor":6.0,"turns":9.0},{"damage":3.0,"enemies":"Lagavulin","floor":8.0,"turns":8.0},{"damage":0.0,"enemies":"2 Fungi Beasts","floor":10.0,"turns":4.0},{"damage":0.0,"enemies":"Large Slime","floor":11.0,"turns":5.0},{"damage":0.0,"enemies":"Slime Boss","floor":16.0,"turns":5.0},{"damage":0.0,"enemies":"Spheric Guardian","floor":18.0,"turns":4.0},{"damage":0.0,"enemies":"2 Thieves","floor":19.0,"turns":3.0},{"damage":0.0,"enemies":"Cultist and Chosen","floor":21.0,"turns":4.0},{"damage":28.0,"enemies":"Slavers","floor":24.0,"turns":4.0},{"damage":0.0,"enemies":"3 Cultists","floor":27.0,"turns":4.0},{"damage":49.0,"enemies":"Gremlin Leader","floor":28.0,"turns":7.0},{"damage":0.0,"enemies":"Centurion and Healer","floor":29.0,"turns":4.0},{"damage":0.0,"enemies":"Snake Plant","floor":31.0,"turns":3.0},{"damage":0.0,"enemies":"Automaton","floor":33.0,"turns":9.0},{"damage":7.0,"enemies":"Orb Walker","floor":35.0,"turns":4.0},{"damage":0.0,"enemies":"3 Darklings","floor":37.0,"turns":3.0},{"damage":0.0,"enemies":"Writhing Mass","floor":39.0,"turns":5.0},{"damage":16.0,"enemies":"Reptomancer","floor":41.0,"turns":6.0},{"damage":0.0,"enemies":"Mind Bloom Boss Battle","floor":45.0,"turns":5.0},{"damage":0,"enemies":"Giant Head","floor":46,"turns":1}],"seed_played":"8674459101856406775","potions_obtained":[{"floor":1.0,"key":"Energy Potion"},{"floor":8.0,"key":"ColorlessPotion"},{"floor":10.0,"key":"Energy Potion"},{"floor":18.0,"key":"PowerPotion"},{"floor":27.0,"key":"Fire Potion"},{"floor":28.0,"key":"DistilledChaos"},{"floor":29.0,"key":"LiquidMemories"},{"floor":33.0,"key":"Weak Potion"},{"floor":38.0,"key":"Swift Potion"},{"floor":38.0,"key":"Swift Potion"},{"floor":45.0,"key":"Block Potion"}],"is_trial":false,"path_per_floor":["M","M","?","M","?","E","R","E","T","M","M","?","R","?","R","B",null,"M","M","$","M","?","R","E","?","T","M","E","M","?","M","R","B",null,"M","$","M","?","M","R","E","?","T","R","?","E"],"character_chosen":"WATCHER","items_purchased":["Meat on the Bone","Finesse","Melange"],"campfire_rested":1,"item_purchase_floors":[20,36,36],"current_hp_per_floor":[63,56,56,56,42,21,42,39,39,41,43,48,48,48,48,50,70,74,76,76,77,77,77,51,77,77,77,44,46,46,48,48,54,71,68,77,77,77,77,77,63,63,63,63,69,69,69],"gold":196,"neow_bonus":"UPGRADE_CARD","is_daily":false,"chose_seed":false,"campfire_upgraded":6,"win_rate":0.0,"timestamp":1608636643,"path_taken":["M","M","?","?","?","E","R","E","T","M","M","?","R","?","R","BOSS","M","M","$","M","?","R","E","?","T","M","E","?","?","M","R","BOSS","M","$","M","?","?","R","E","?","T","R","?","E"],"items_purchased_type":["Relic","Card","Relic"],"build_version":"2020-12-13","purchased_purges":2,"victory":false,"max_hp_per_floor":[72,72,72,72,72,72,72,72,72,72,72,77,77,77,77,77,77,77,77,77,77,77,77,77,77,77,77,77,77,77,77,77,77,77,77,77,77,77,77,77,77,73,73,73,73,73,73],"card_choices":[{"not_picked":["FlyingSleeves","SashWhip"],"picked":"EmptyMind","floor":1.0},{"not_picked":["EmptyBody","Protect"],"picked":"Halt","floor":2.0},{"not_picked":["WreathOfFlame","SashWhip","Consecrate"],"picked":"SKIP","floor":4.0},{"not_picked":["Vengeance","DevaForm"],"picked":"InnerPeace","floor":6.0},{"not_picked":["ThirdEye","Crescendo"],"picked":"Alpha","floor":8.0},{"not_picked":["Halt","FlyingSleeves"],"picked":"Evaluate","floor":10.0},{"not_picked":["Evaluate","Weave"],"picked":"Adaptation","floor":11.0},{"not_picked":["Omniscience","DeusExMachina"],"picked":"Vault","floor":16.0},{"not_picked":["LikeWater","FlyingSleeves","Halt"],"picked":"SKIP","floor":18.0},{"not_picked":["Vengeance","ReachHeaven"],"picked":"Sanctity","floor":19.0},{"not_picked":["Wallop","ReachHeaven+1"],"picked":"EmptyFist+1","floor":21.0},{"not_picked":["Consecrate","EmptyFist"],"picked":"Protect","floor":24.0},{"not_picked":["Conclude+1","BowlingBash"],"picked":"Sanctity+1","floor":27.0},{"not_picked":["FollowUp","FlurryOfBlows+1","Wish"],"picked":"SKIP","floor":28.0},{"not_picked":["Weave","EmptyFist","Crescendo"],"picked":"SKIP","floor":29.0},{"not_picked":["CrushJoints","WheelKick"],"picked":"Perseverance","floor":31.0},{"not_picked":["Blasphemy","DeusExMachina"],"picked":"Scrawl","floor":33.0},{"not_picked":["Evaluate","CarveReality"],"picked":"Wireheading+1","floor":35.0},{"not_picked":["BowlingBash+1","ThirdEye+1","PathToVictory"],"picked":"SKIP","floor":37.0},{"not_picked":["SashWhip+1","Protect","Conclude+1"],"picked":"SKIP","floor":39.0},{"not_picked":["WreathOfFlame","LikeWater+1","FollowUp"],"picked":"SKIP","floor":41.0}],"player_experience":988783,"relics_obtained":[{"floor":6.0,"key":"Thread and Needle"},{"floor":8.0,"key":"Bird Faced Urn"},{"floor":9.0,"key":"FossilizedHelix"},{"floor":24.0,"key":"MealTicket"},{"floor":28.0,"key":"Nunchaku"},{"floor":41.0,"key":"Darkstone Periapt"}],"event_choices":[{"cards_removed":["Defend_P"],"damage_healed":0.0,"max_hp_gain":0.0,"max_hp_loss":0.0,"gold_gain":0.0,"event_name":"Bonfire Elementals","player_choice":"Offered Basic","floor":3.0,"gold_loss":0.0,"damage_taken":0.0},{"damage_healed":0.0,"max_hp_gain":0.0,"max_hp_loss":0.0,"gold_gain":0.0,"event_name":"Shining Light","player_choice":"Entered Light","floor":5.0,"gold_loss":0.0,"damage_taken":14.0,"cards_upgraded":["Strike_P","Defend_P"]},{"damage_healed":0.0,"max_hp_gain":5.0,"max_hp_loss":0.0,"gold_gain":0.0,"event_name":"Big Fish","player_choice":"Donut","floor":12.0,"gold_loss":0.0,"damage_taken":0.0},{"damage_healed":0.0,"max_hp_gain":0.0,"max_hp_loss":0.0,"gold_gain":30.0,"event_name":"Dead Adventurer","player_choice":"Searched \u00273\u0027 times","floor":14.0,"gold_loss":0.0,"damage_taken":0.0,"relics_obtained":["StoneCalendar"]},{"damage_healed":0.0,"max_hp_gain":0.0,"max_hp_loss":0.0,"gold_gain":0.0,"event_name":"Vampires","player_choice":"Ignored","floor":22.0,"gold_loss":0.0,"damage_taken":0.0},{"damage_healed":26.0,"max_hp_gain":0.0,"max_hp_loss":0.0,"gold_gain":0.0,"event_name":"Wheel of Change","player_choice":"Full Heal","floor":25.0,"gold_loss":0.0,"damage_taken":0.0},{"damage_healed":0.0,"max_hp_gain":0.0,"max_hp_loss":0.0,"gold_gain":99.0,"event_name":"Nest","player_choice":"Stole From Cult","floor":30.0,"gold_loss":0.0,"damage_taken":0.0},{"damage_healed":0.0,"max_hp_gain":0.0,"max_hp_loss":0.0,"gold_gain":0.0,"event_name":"Lab","player_choice":"Got Potions","floor":38.0,"gold_loss":0.0,"damage_taken":0.0},{"damage_healed":0.0,"max_hp_gain":0.0,"max_hp_loss":4.0,"gold_gain":0.0,"event_name":"Winding Halls","player_choice":"Max HP","floor":42.0,"gold_loss":0.0,"damage_taken":0.0},{"damage_healed":0.0,"max_hp_gain":0.0,"max_hp_loss":0.0,"gold_gain":0.0,"event_name":"MindBloom","player_choice":"Fight","floor":45.0,"gold_loss":0.0,"damage_taken":0.0}],"is_beta":false,"boss_relics":[{"not_picked":["VioletLotus","Philosopher\u0027s Stone"],"picked":"HolyWater"},{"not_picked":["SacredBark","Coffee Dripper"],"picked":"Cursed Key"}],"items_purged_floors":[20,36],"is_endless":false,"potions_floor_spawned":[1,8,10,11,18,27,28,29,33,45],"killed_by":"Giant Head","ascension_level":10}}