{"host":"zzf13dk0jcen0ncv","time":1608631901,"event":{"mods":["AchievementEnabler","BaseMod","BetterRewards","Colored Map","Keyboard Shortcuts","Minty Spire (QoL Compilation)","Quick Restart","Shop Mod","StSLib","SuperFastMode","Waifu the Spire"],"gold_per_floor":[119,33,108,118,134,163,77,107,107,137,137,137,169,179,179,252,252,268,268,299,66,83,97,97,107,107,107],"floor_reached":26,"playtime":962,"items_purged":["Strike_R","Strike_R","Strike_R"],"score":597,"play_id":"c5cc13b7-d867-4e10-a9aa-406a8bc2a79c","local_time":"20201222191141","is_ascension_mode":true,"campfire_choices":[{"data":"Limit Break","floor":12,"key":"SMITH"},{"data":"Evolve","floor":15,"key":"SMITH"},{"data":"Apotheosis","floor":24,"key":"SMITH"}],"circlet_count":0,"master_deck":["AscendersBane","Defend_R","Defend_R","Defend_R","Bash+1","Fire Breathing","Good Instincts","Panache+1","Flex","Rampage","Clothesline","Armaments","Thinking Ahead","Dropkick","Whirlwind","Havoc","Flame Barrier","Feel No Pain","Limit Break+1","Burning Pact","Evolve+1","Uppercut","Inflame+1","Fire Breathing+1","Reaper+1","Bludgeon","Sentinel","Fiend Fire","Inflame+1","True Grit","Whirlwind","Offering","Heavy Blade+1","Barricade+1","Anger+1","Shrug It Off","Apotheosis+1","Feel No Pain+1","Thunderclap","Dropkick","Body Slam"],"relics":["Burning Blood","Strange Spoon","Question Card","Incense Burner","Potion Belt","Whetstone","Lee\u0027s Waffle","Chemical X","MealTicket","Nunchaku","ClockworkSouvenir","Pear","Blood Vial","StoneCalendar","Frozen Egg 2","Bottled Tornado","The Courier","Blue Candle","Ancient Tea Set","TungstenRod","Astrolabe","Red Mask"],"acts_visited":["Exordium","TheCity"],"potions_floor_usage":[0,16,20,26,26,26],"damage_taken":[{"damage":1,"enemies":"Cultist","floor":1,"turns":4},{"damage":2,"enemies":"Small Slimes","floor":4,"turns":4},{"damage":0,"enemies":"Jaw Worm","floor":5,"turns":3},{"damage":36,"enemies":"Gremlin Nob","floor":6,"turns":5},{"damage":24,"enemies":"3 Sentries","floor":8,"turns":7},{"damage":26,"enemies":"Gremlin Nob","floor":10,"turns":4},{"damage":30,"enemies":"3 Sentries","floor":13,"turns":5},{"damage":0,"enemies":"3 Louse","floor":14,"turns":4},{"damage":8,"enemies":"Hexaghost","floor":16,"turns":6},{"damage":0,"enemies":"3 Byrds","floor":18,"turns":2},{"damage":11,"enemies":"Masked Bandits","floor":20,"turns":3},{"damage":13,"enemies":"Shell Parasite","floor":22,"turns":4},{"damage":33,"enemies":"Centurion and Healer","floor":23,"turns":7},{"damage":39,"enemies":"Shelled Parasite and Fungi","floor":25,"turns":6},{"damage":82,"enemies":"Gremlin Leader","floor":26,"turns":4}],"seed_played":"-1561017344754739400","potions_obtained":[{"floor":1,"key":"PowerPotion"},{"floor":10,"key":"LiquidBronze"},{"floor":13,"key":"BloodPotion"},{"floor":14,"key":"Explosive Potion"},{"floor":20,"key":"SteroidPotion"},{"floor":22,"key":"Regen Potion"},{"floor":25,"key":"PowerPotion"}],"is_trial":false,"path_per_floor":["M","$","?","M","M","E","$","E","T","E","?","R","E","M","R","B",null,"M","?","?","$","M","M","R","M","E"],"character_chosen":"IRONCLAD","items_purchased":["Strange Spoon","Question Card","Incense Burner","Fire Breathing","Potion Belt","Whetstone","Lee\u0027s Waffle","Good Instincts","Panache","Flex","Rampage","Clothesline","Armaments","Fruit Juice","Chemical X","MealTicket","Nunchaku","Thinking Ahead","Dropkick","Whirlwind","Havoc","Flame Barrier","Feel No Pain","ClockworkSouvenir","Pear","Blood Vial","Limit Break","Burning Pact","Evolve","StoneCalendar","Frozen Egg 2","Inflame+1","Sentinel","Apotheosis","Feel No Pain+1"],"campfire_rested":0,"item_purchase_floors":[0,0,0,0,0,0,0,0,0,0,0,0,0,0,0,0,0,0,0,0,0,0,0,0,0,0,0,0,0,0,0,2,7,21,21],"current_hp_per_floor":[97,97,86,92,97,67,82,84,84,66,37,37,15,33,33,33,81,89,89,86,97,90,78,78,47,0,0],"gold":107,"neow_bonus":"","is_daily":false,"chose_seed":false,"campfire_upgraded":3,"win_rate":0.0,"timestamp":1608631901,"path_taken":["M","?","?","M","M","E","$","E","T","E","?","R","E","M","R","BOSS","M","?","?","$","M","M","R","M","E"],"items_purchased_type":["Relic","Relic","Relic","Card","Relic","Relic","Relic","Card","Card","Card","Card","Card","Card","Potion","Relic","Relic","Relic","Card","Card","Card","Card","Card","Card","Relic","Relic","Relic","Card","Card","Card","Relic","Relic","Card","Card","Card","Card"],"build_version":"2020-12-13","purchased_purges":3,"victory":false,"max_hp_per_floor":[97,97,97,97,97,97,97,97,97,97,97,97,97,97,97,97,97,97,97,97,97,97,97,97,97,97,97],"card_choices":[{"not_picked":["Headbutt","Feel No Pain+1","Warcry"],"picked":"Uppercut","floor":1},{"not_picked":["Anger","Clothesline","Wild Strike"],"picked":"Fire Breathing+1","floor":4},{"not_picked":["Second Wind","Headbutt","Sword Boomerang"],"picked":"Reaper","floor":5},{"not_picked":["Wild Strike","Carnage","Bludgeon","Spot Weakness"],"picked":"SKIP","floor":6},{"not_picked":["Wild Strike","Carnage","Spot Weakness"],"picked":"Bludgeon","floor":6},{"not_picked":["Heavy Blade","Brutality+1","Bloodletting"],"picked":"Fiend Fire","floor":8},{"not_picked":["Entrench","Rupture+1","Twin Strike"],"picked":"Inflame+1","floor":10},{"not_picked":["Uppercut","Clothesline","Reckless Charge"],"picked":"True Grit","floor":13},{"not_picked":["Perfected Strike","Rupture+1","Searing Blow"],"picked":"Whirlwind","floor":14},{"not_picked":["Limit Break","Impervious","Bludgeon"],"picked":"Offering","floor":16},{"not_picked":["True Grit","Clash","Headbutt","Twin Strike"],"picked":"SKIP","floor":18},{"not_picked":["Flame Barrier","Wild Strike+1","Armaments"],"picked":"Shrug It Off","floor":20},{"not_picked":["Barricade+1","Cleave+1","Wild Strike"],"picked":"Thunderclap","floor":22},{"not_picked":["Perfected Strike","Clothesline+1","Heavy Blade"],"picked":"Dropkick","floor":23},{"not_picked":["Twin Strike","Cleave","Heavy Blade"],"picked":"Body Slam","floor":25}],"player_experience":902566,"relics_obtained":[{"floor":6,"key":"Bottled Tornado"},{"floor":8,"key":"The Courier"},{"floor":9,"key":"Blue Candle"},{"floor":10,"key":"Ancient Tea Set"},{"floor":13,"key":"TungstenRod"},{"floor":20,"key":"Red Mask"}],"event_choices":[{"damage_healed":0,"gold_gain":75,"player_choice":"Gather Gold","damage_taken":11,"max_hp_gain":0,"max_hp_loss":0,"event_name":"World of Goop","floor":3,"gold_loss":0},{"damage_healed":0,"gold_gain":0,"player_choice":"Entered Light","damage_taken":29,"max_hp_gain":0,"max_hp_loss":0,"event_name":"Shining Light","floor":11,"gold_loss":0,"cards_upgraded":["Panache","Reaper"]},{"damage_healed":0,"gold_gain":0,"player_choice":"Ignored","damage_taken":0,"max_hp_gain":0,"max_hp_loss":0,"event_name":"Ghosts","floor":19,"gold_loss":0},{"damage_healed":0,"gold_gain":0,"player_choice":"Fought Bandits","damage_taken":0,"max_hp_gain":0,"max_hp_loss":0,"event_name":"Masked Bandits","floor":20,"gold_loss":0}],"is_beta":false,"boss_relics":[{"not_picked":["Tiny House","Coffee Dripper"],"picked":"Astrolabe"}],"items_purged_floors":[0,0,0],"is_endless":false,"potions_floor_spawned":[1,10,13,14,20,22,25],"killed_by":"Gremlin Leader","ascension_level":20}}