{"host":"9d9dhukr2jywmy0f","time":1608636855,"event":{"mods":["2.2 Compatiblity","Alarm Clock","BaseMod","Bestiary","Block Reminder","Colored Map","Colored Powertips","Curses Come First","DeckTracker","Displayed Cursed Tome","GifTheSpireLib","Highlight Path","Key Reminder","Keyboard Shortcuts","Minty Spire (QoL Compilation)","MonsterHotkey","Potion Indicator Mod","Quick Restart","Rare Cards Sparkle","Relic Sorter","Relic Stats","Spire Birthday Party","StSLib","Stuff the Spire","Synergy Search","Unceasing Turn Reminder","Unknown Chances"],"gold_per_floor":[115,115,40,52,52,80,80,112,139,5,5,5,22,32,32,107,107,125,25,36,86,86,115,115,115,186,186,198,225,252,177,177,256,256,276,276,291,309,322,322,352,352,352,382,397,397,397,410,410,410,410,410,114,149,149],"floor_reached":56,"playtime":4316,"items_purged":["Defend_B","Strike_B","Steam"],"score":2133,"play_id":"3cfe6ee5-9bba-44cc-a638-6d12b13d5244","local_time":"20201222193415","is_ascension_mode":true,"campfire_choices":[{"data":"Zap","floor":7.0,"key":"SMITH"},{"data":"StuffTheSpire:BrainWave","floor":12.0,"key":"SMITH"},{"data":"Coolheaded","floor":15.0,"key":"SMITH"},{"data":"Coolheaded","floor":24.0,"key":"SMITH"},{"data":"Heatsinks","floor":27.0,"key":"SMITH"},{"data":"Skim","floor":32.0,"key":"SMITH"},{"data":"Scrape","floor":40.0,"key":"SMITH"},{"data":"StuffTheSpire:Plugnplay","floor":42.0,"key":"SMITH"},{"floor":46.0,"key":"RECALL"},{"data":"StuffTheSpire:BrainWave","floor":49.0,"key":"SMITH"},{"data":"Dualcast","floor":52.0,"key":"SMITH"}],"circlet_count":0,"master_deck":["AscendersBane","Zap+1","Dualcast+1","Skim+1","Hello World","Hologram","Echo Form","Turbo","StuffTheSpire:BrainWave+1","Coolheaded+1","Heatsinks+1","All For One","Coolheaded+1","White Noise","Defragment+1","White Noise","Echo Form","Double Energy","All For One","Echo Form","Scrape+1","Madness","Madness","Compile Driver+1","StuffTheSpire:Plugnplay+1","Gash+1","StuffTheSpire:Plugnplay","StuffTheSpire:BrainWave+1"],"relics":["Cracked Core","NeowsBlessing","Bronze Scales","Toy Ornithopter","Nuclear Battery","StrikeDummy","Smiling Mask","Red Mask","Pandora\u0027s Box","White Beast Statue","Cables","CaptainsWheel","StuffTheSpire:HistoryBook","StuffTheSpire:HeavyRock"],"acts_visited":["Exordium","TheCity","TheBeyond","TheEnding"],"potions_floor_usage":[55,55],"damage_taken":[{"damage":0.0,"enemies":"2 Louse","floor":1.0,"turns":1.0},{"damage":0.0,"enemies":"Small Slimes","floor":4.0,"turns":1.0},{"damage":0.0,"enemies":"3 Sentries","floor":6.0,"turns":1.0},{"damage":36.0,"enemies":"Gremlin Nob","floor":8.0,"turns":4.0},{"damage":0.0,"enemies":"Jaw Worm","floor":13.0,"turns":3.0},{"damage":2.0,"enemies":"Exordium Wildlife","floor":14.0,"turns":3.0},{"damage":21.0,"enemies":"Slime Boss","floor":16.0,"turns":10.0},{"damage":12.0,"enemies":"2 Thieves","floor":18.0,"turns":3.0},{"damage":2.0,"enemies":"3 Byrds","floor":20.0,"turns":3.0},{"damage":11.0,"enemies":"Book of Stabbing","floor":23.0,"turns":5.0},{"damage":0.0,"enemies":"Sentry and Sphere","floor":28.0,"turns":4.0},{"damage":5.0,"enemies":"Slavers","floor":29.0,"turns":7.0},{"damage":3.0,"enemies":"Masked Bandits","floor":30.0,"turns":3.0},{"damage":0.0,"enemies":"Automaton","floor":33.0,"turns":6.0},{"damage":0.0,"enemies":"3 Shapes","floor":35.0,"turns":3.0},{"damage":11.0,"enemies":"Orb Walker","floor":37.0,"turns":3.0},{"damage":4.0,"enemies":"3 Darklings","floor":38.0,"turns":3.0},{"damage":8.0,"enemies":"4 Shapes","floor":39.0,"turns":4.0},{"damage":6.0,"enemies":"Reptomancer","floor":41.0,"turns":3.0},{"damage":0.0,"enemies":"Giant Head","floor":44.0,"turns":2.0},{"damage":0.0,"enemies":"Transient","floor":45.0,"turns":5.0},{"damage":0.0,"enemies":"3 Darklings","floor":48.0,"turns":1.0},{"damage":8.0,"enemies":"Time Eater","floor":50.0,"turns":7.0},{"damage":0,"enemies":"Shield and Spear","floor":54,"turns":1},{"damage":45,"enemies":"The Heart","floor":55,"turns":3}],"seed_played":"329651927812368626","potions_obtained":[{"floor":1.0,"key":"Block Potion"},{"floor":6.0,"key":"PowerPotion"},{"floor":16.0,"key":"SteroidPotion"},{"floor":18.0,"key":"Strength Potion"},{"floor":23.0,"key":"Swift Potion"},{"floor":28.0,"key":"DistilledChaos"},{"floor":29.0,"key":"EssenceOfDarkness"},{"floor":35.0,"key":"BlessingOfTheForge"},{"floor":41.0,"key":"SpeedPotion"},{"floor":44.0,"key":"SpeedPotion"}],"is_trial":false,"path_per_floor":["M","?","$","M","?","E","R","E","T","$","?","R","M","M","R","B",null,"M","$","M","?","?","E","R","$","T","R","M","E","?","?","R","B",null,"M","?","M","M","M","R","E","R","T","E","M","R","?","M","R","B",null,"R","$","E","B",null],"character_chosen":"DEFECT","items_purchased":["Echo Form","Turbo","StuffTheSpire:HistoryBook","Dexterity Potion","ColorlessPotion"],"campfire_rested":0,"item_purchase_floors":[10,10,53,53,53],"current_hp_per_floor":[64,57,57,57,57,57,57,21,21,21,21,21,26,24,24,3,54,42,42,45,45,45,34,34,34,34,34,34,39,36,36,36,36,62,62,49,48,44,36,36,30,30,30,30,30,30,30,30,30,32,54,54,54,54,16],"gold":149,"neow_bonus":"THREE_ENEMY_KILL","is_daily":false,"chose_seed":false,"campfire_upgraded":10,"win_rate":0.0,"timestamp":1608636855,"path_taken":["M","?","$","M","?","E","R","E","T","$","?","R","M","?","R","BOSS","M","$","M","?","?","E","R","$","T","R","M","E","?","?","R","BOSS","M","?","M","M","M","R","E","R","T","E","M","R","?","M","R","BOSS","R","$","E","BOSS"],"items_purchased_type":["Card","Card","Relic","Potion","Potion"],"build_version":"2020-11-30","purchased_purges":3,"victory":true,"max_hp_per_floor":[71,71,71,71,71,71,71,71,71,71,71,71,71,71,71,71,71,71,71,71,71,71,71,71,71,71,71,71,71,71,71,71,71,71,71,71,71,71,71,71,71,71,71,71,71,71,61,61,61,61,61,61,61,61,61],"relic_stats":{"counters":[25,89],"Bronze Scales":[260],"Pandora\u0027s Box":["Double Energy","All For One","Steam","Echo Form"],"Smiling Mask":75,"obtain_stats":[{"NeowsBlessing":0,"Smiling Mask":29,"White Beast Statue":41,"Nuclear Battery":17,"Cables":43,"keyreminder:keyreminder":26,"Nunchaku":6,"CaptainsWheel":44,"StuffTheSpire:HistoryBook":53,"Bronze Scales":8,"StuffTheSpire:HeavyRock":54,"Pandora\u0027s Box":34,"Red Mask":30,"Cracked Core":0,"StrikeDummy":23,"Toy Ornithopter":9},{"NeowsBlessing":0,"Smiling Mask":12,"White Beast Statue":19,"Nuclear Battery":7,"Cables":19,"keyreminder:keyreminder":10,"Nunchaku":3,"CaptainsWheel":20,"StuffTheSpire:HistoryBook":23,"Bronze Scales":4,"StuffTheSpire:HeavyRock":24,"Pandora\u0027s Box":14,"Red Mask":13,"Cracked Core":0,"StrikeDummy":10,"Toy Ornithopter":4},{"NeowsBlessing":0,"Smiling Mask":45,"White Beast Statue":70,"Nuclear Battery":23,"Cables":70,"keyreminder:keyreminder":34,"Nunchaku":3,"CaptainsWheel":72,"StuffTheSpire:HistoryBook":85,"Bronze Scales":7,"StuffTheSpire:HeavyRock":86,"Pandora\u0027s Box":54,"Red Mask":48,"Cracked Core":0,"StrikeDummy":34,"Toy Ornithopter":7}],"Toy Ornithopter":47,"Cables":[14,10,3,0,1]},"card_choices":[{"not_picked":["Fusion","FTL"],"picked":"Skim","floor":1.0},{"not_picked":["Cold Snap","StuffTheSpire:GlassShard"],"picked":"Hello World","floor":4.0},{"not_picked":["Rebound","StuffTheSpire:Rend","Skim"],"picked":"SKIP","floor":6.0},{"not_picked":["StuffTheSpire:LoadUp","Steam"],"picked":"Hologram","floor":8.0},{"not_picked":["StuffTheSpire:Brawn","StuffTheSpire:CelestialWarden"],"picked":"StuffTheSpire:BrainWave","floor":11.0},{"not_picked":["Static Discharge","Streamline"],"picked":"Coolheaded","floor":13.0},{"not_picked":["Reinforced Body","StuffTheSpire:LoadUp"],"picked":"Heatsinks","floor":14.0},{"not_picked":["Thunder Strike","StuffTheSpire:ForEach"],"picked":"All For One","floor":16.0},{"not_picked":["Conserve Battery","Static Discharge"],"picked":"Coolheaded","floor":18.0},{"not_picked":["Tempest","Go for the Eyes"],"picked":"White Noise","floor":20.0},{"not_picked":["Blizzard","Reprogram"],"picked":"Defragment+1","floor":23.0},{"not_picked":["StuffTheSpire:NuclearReactor","Auto Shields","Beam Cell"],"picked":"SKIP","floor":28.0},{"not_picked":["Blizzard","Steam","Cold Snap"],"picked":"SKIP","floor":29.0},{"not_picked":["Compile Driver","Steam Power"],"picked":"White Noise","floor":30.0},{"not_picked":["Machine Learning","Meteor Strike"],"picked":"Echo Form","floor":33.0},{"not_picked":["StuffTheSpire:Plugnplay+1","Auto Shields"],"picked":"Scrape","floor":35.0},{"not_picked":["Sweeping Beam+1","Stack"],"picked":"Compile Driver+1","floor":37.0},{"not_picked":["Consume","Coolheaded"],"picked":"StuffTheSpire:Plugnplay","floor":38.0},{"not_picked":["Conserve Battery+1","StuffTheSpire:LoadUp"],"picked":"Gash+1","floor":39.0},{"not_picked":["Redo","Ball Lightning+1","Echo Form"],"picked":"SKIP","floor":41.0},{"not_picked":["Turbo","Aggregate+1"],"picked":"StuffTheSpire:Plugnplay","floor":44.0},{"not_picked":["Rebound","Coolheaded","Hologram"],"picked":"SKIP","floor":45.0},{"not_picked":["StuffTheSpire:Rend","Leap+1","Stack+1"],"picked":"SKIP","floor":48.0},{"not_picked":["Rainbow","StuffTheSpire:Rend","Glacier"],"picked":"SKIP","floor":54}],"player_experience":726681,"relics_obtained":[{"floor":6.0,"key":"Nunchaku"},{"floor":8.0,"key":"Bronze Scales"},{"floor":9.0,"key":"Toy Ornithopter"},{"floor":23.0,"key":"StrikeDummy"},{"floor":29.0,"key":"Smiling Mask"},{"floor":30.0,"key":"Red Mask"},{"floor":41.0,"key":"White Beast Statue"},{"floor":43.0,"key":"Cables"},{"floor":44.0,"key":"CaptainsWheel"},{"floor":54,"key":"StuffTheSpire:HeavyRock"}],"event_choices":[{"cards_removed":["Strike_B"],"damage_healed":0.0,"max_hp_gain":0.0,"max_hp_loss":0.0,"gold_gain":0.0,"event_name":"Golden Wing","player_choice":"Card Removal","floor":2.0,"gold_loss":0.0,"damage_taken":7.0},{"damage_healed":0.0,"max_hp_gain":0.0,"max_hp_loss":0.0,"gold_gain":0.0,"event_name":"Scrap Ooze","player_choice":"Fled","floor":5.0,"gold_loss":0.0,"damage_taken":0.0},{"damage_healed":0.0,"max_hp_gain":0.0,"max_hp_loss":0.0,"gold_gain":50.0,"event_name":"Nest","player_choice":"Stole From Cult","floor":21.0,"gold_loss":0.0,"damage_taken":0.0},{"damage_healed":0.0,"max_hp_gain":0.0,"max_hp_loss":0.0,"gold_gain":0.0,"event_name":"Masked Bandits","player_choice":"Fought Bandits","floor":30.0,"gold_loss":0.0,"damage_taken":0.0},{"cards_removed":["Defend_B"],"damage_healed":0.0,"max_hp_gain":0.0,"max_hp_loss":0.0,"gold_gain":0.0,"event_name":"Beggar","player_choice":"Gave Gold","floor":31.0,"gold_loss":75.0,"damage_taken":0.0},{"damage_healed":0.0,"max_hp_gain":0.0,"max_hp_loss":0.0,"gold_gain":0.0,"event_name":"Winding Halls","player_choice":"Embrace Madness","floor":36.0,"gold_loss":0.0,"damage_taken":13.0,"cards_obtained":["Madness","Madness"]}],"is_beta":false,"boss_relics":[{"not_picked":["SacredBark","Inserter"],"picked":"Nuclear Battery"},{"not_picked":["Black Star","Runic Dome"],"picked":"Pandora\u0027s Box"}],"items_purged_floors":[3,19,53],"is_endless":false,"potions_floor_spawned":[1,6,16,18,23,28,29,35,41,44,45,48,54],"ascension_level":15}}