{"host":"4bjf3jtd8i13astb","time":1608597057,"event":{"mods":["AchievementEnabler","BaseMod","Colored Map","Colored Powertips","Highlight Path","Minty Spire (QoL Compilation)","StSLib"],"gold_per_floor":[119,139,158,174,36,67,67,82,129,129,144,161,336,33,33,129,179,192,212,226,237,137,137,137],"floor_reached":23,"playtime":1771,"items_purged":["Doubt","Defend_R"],"score":247,"play_id":"a04628c9-1801-4171-a509-f4deb485d6bc","local_time":"20201221193057","is_ascension_mode":false,"campfire_choices":[{"data":"Feed","floor":7,"key":"SMITH"},{"data":"Feed","floor":10,"key":"SMITH"},{"data":"Evolve","floor":15,"key":"SMITH"}],"circlet_count":0,"master_deck":["Strike_R","Strike_R","Strike_R","Strike_R+1","Strike_R","Defend_R","Defend_R","Defend_R","Bash","Clumsy","Feed+1","Rampage","Evolve+1","Feed+1","Metallicize","Shrug It Off","Metallicize","Limit Break","Shrug It Off","Heavy Blade+1"],"relics":["Burning Blood","Bag of Marbles","Strawberry","Tiny House"],"acts_visited":["Exordium","TheCity"],"potions_floor_usage":[11,16,18,19,21,23],"damage_taken":[{"damage":1,"enemies":"Cultist","floor":1,"turns":3},{"damage":5,"enemies":"2 Louse","floor":2,"turns":3},{"damage":2,"enemies":"Small Slimes","floor":3,"turns":3},{"damage":17,"enemies":"2 Fungi Beasts","floor":4,"turns":5},{"damage":33,"enemies":"3 Sentries","floor":6,"turns":10},{"damage":13,"enemies":"Blue Slaver","floor":8,"turns":5},{"damage":13,"enemies":"3 Louse","floor":11,"turns":4},{"damage":4,"enemies":"2 Fungi Beasts","floor":12,"turns":3},{"damage":33,"enemies":"The Guardian","floor":16,"turns":14},{"damage":10,"enemies":"Chosen","floor":18,"turns":5},{"damage":29,"enemies":"Spheric Guardian","floor":19,"turns":7},{"damage":37,"enemies":"Centurion and Healer","floor":20,"turns":16},{"damage":50,"enemies":"3 Cultists","floor":21,"turns":9},{"damage":115,"enemies":"Gremlin Leader","floor":23,"turns":13}],"seed_played":"-4817411197388961694","potions_obtained":[{"floor":3,"key":"LiquidBronze"},{"floor":4,"key":"Fire Potion"},{"floor":6,"key":"Swift Potion"},{"floor":12,"key":"Block Potion"},{"floor":16,"key":"AttackPotion"},{"floor":18,"key":"FairyPotion"},{"floor":20,"key":"LiquidBronze"}],"is_trial":false,"path_per_floor":["M","M","M","M","$","E","R","M","T","R","M","M","?","$","R","B",null,"M","M","M","M","$","E"],"character_chosen":"IRONCLAD","items_purchased":["Feed","Strawberry","Metallicize"],"campfire_rested":0,"item_purchase_floors":[5,14,14],"current_hp_per_floor":[83,86,89,81,81,60,60,57,57,57,58,68,68,75,75,52,134,134,115,92,56,56,0,0],"gold":137,"neow_bonus":"THREE_RARE_CARDS","is_daily":false,"chose_seed":false,"campfire_upgraded":3,"win_rate":0.0,"timestamp":1608597057,"path_taken":["M","M","M","M","?","E","R","M","T","R","M","M","?","$","R","BOSS","M","M","M","M","$","E"],"items_purchased_type":["Card","Relic","Card"],"build_version":"2020-12-13","purchased_purges":2,"victory":false,"max_hp_per_floor":[83,86,89,92,92,98,98,102,102,102,110,118,118,125,125,129,134,138,142,150,158,158,158,158],"card_choices":[{"not_picked":["Berserk","Impervious"],"picked":"Feed","floor":0},{"not_picked":["Warcry","Flex","Sever Soul"],"picked":"SKIP","floor":1},{"not_picked":["Warcry","Flex","Sever Soul"],"picked":"SKIP","floor":1},{"not_picked":["Blood for Blood","Combust"],"picked":"Rampage","floor":2},{"not_picked":["Hemokinesis","Body Slam"],"picked":"Evolve","floor":3},{"not_picked":["Iron Wave","Thunderclap","Seeing Red"],"picked":"SKIP","floor":4},{"not_picked":["Blood for Blood","Reaper","Thunderclap"],"picked":"SKIP","floor":6},{"not_picked":["True Grit","Searing Blow"],"picked":"Metallicize","floor":8},{"not_picked":["Headbutt","Flex"],"picked":"Shrug It Off","floor":11},{"not_picked":["Battle Trance","Infernal Blade","Searing Blow"],"picked":"SKIP","floor":12},{"not_picked":["Double Tap","Reaper"],"picked":"Limit Break","floor":16},{"not_picked":["Body Slam","Clash","Headbutt"],"picked":"SKIP","floor":18},{"not_picked":["Havoc","Disarm"],"picked":"Shrug It Off","floor":19},{"not_picked":["Twin Strike","Searing Blow"],"picked":"Heavy Blade+1","floor":20},{"not_picked":["Clothesline+1","Blood for Blood+1","Feel No Pain"],"picked":"SKIP","floor":21}],"player_experience":1216291,"relics_obtained":[{"floor":6,"key":"Bag of Marbles"}],"event_choices":[{"damage_healed":0,"gold_gain":175,"player_choice":"AGREE","damage_taken":0,"max_hp_gain":0,"max_hp_loss":0,"event_name":"Liars Game","floor":13,"gold_loss":0,"cards_obtained":["Doubt"]}],"is_beta":false,"boss_relics":[{"not_picked":["Snecko Eye","Runic Cube"],"picked":"Tiny House"}],"items_purged_floors":[14,22],"is_endless":false,"potions_floor_spawned":[3,4,6,12,16,18,20],"killed_by":"Gremlin Leader","ascension_level":0}}