{"host":"15f3wpiimhe5yrng","time":1608641964,"event":{"mods":["2.2 Compatiblity","Bard","BaseMod","Better Altar","Better Match","Better Note","Better Sensory Stone","Better Skull","Better Third Choice","Colored Map","Colored Powertips","Downfall","Marisa????????","Minty Spire (QoL Compilation)","Permanent Neow","Puzzle Mod","Relic Filter","SacredBarkPlus","Spicy Shops","StSLib","The Animator","The Hierophant","TheSwordswoman","WarShipGirlsR/????R mod","??????REMEMod"],"gold_per_floor":[118,118,118,293,32,32,69,69,69,69,37,66,66,83,83,194,194,209,209,209,236,248,248,23,54,123,152,165,179,206,232,244,266,266],"floor_reached":33,"playtime":4352,"items_purged":["Doubt","animator:Defend","animator:Raven"],"score":384,"play_id":"9d039ee3-5f8b-412e-a36d-94bc0a5a059e","local_time":"20201222135924","is_ascension_mode":false,"campfire_choices":[{"data":"animator:AyaShameimaru","floor":6,"key":"SMITH"},{"data":"animator:Elsword","floor":10,"key":"SMITH"},{"data":"animator:MarisaKirisame","floor":15,"key":"SMITH"},{"floor":23,"key":"RECALL"},{"data":"animator:Ciel","floor":32,"key":"SMITH"}],"circlet_count":0,"master_deck":["animator:Strike_Elsword","animator:Defend_Elsword","animator:Chung","rmod:gendarmerie+1","animator:Elsword+1","animator:AyaShameimaru+1","animator:Ciel+1","animator:MarisaKirisame+1","animator:Ciel","animator:Shizu","animator:Saber+1","animator:Chung+1","animator:Chung+1","REME_ACTH+1","animator:Yusa+1","animator:Lu+1","animator:Ciel"],"relics":["animator:TheMissingPiece","REME_ComplimentaryCards","Busted Crown","Toolbox","animator:HeavyHalberd","Vajra","Juzu Bracelet","Oddly Smooth Stone","Astrolabe","Meat on the Bone","animator:WornHelmet","REME_PuzzleBoxRelic","Bronze Scales","MawBank"],"acts_visited":["Exordium","TheCity"],"potions_floor_usage":[],"damage_taken":[{"damage":0,"enemies":"Small Slimes","floor":1,"turns":3},{"damage":1,"enemies":"Gremlin Nob","floor":7,"turns":4},{"damage":0,"enemies":"3 Sentries","floor":12,"turns":8},{"damage":0,"enemies":"2 Louse","floor":14,"turns":1},{"damage":0,"enemies":"The Guardian","floor":16,"turns":8},{"damage":6,"enemies":"3 Byrds","floor":18,"turns":4},{"damage":0,"enemies":"Shell Parasite","floor":22,"turns":4},{"damage":18,"enemies":"animator:HornedBat","floor":25,"turns":10},{"damage":9,"enemies":"Gremlin Leader","floor":27,"turns":9},{"damage":3,"enemies":"Snake Plant","floor":28,"turns":3},{"damage":0,"enemies":"Shelled Parasite and Fungi","floor":29,"turns":4},{"damage":8,"enemies":"Slavers","floor":30,"turns":4},{"damage":9,"enemies":"Centurion and Healer","floor":31,"turns":6},{"damage":9,"enemies":"Champ","floor":33,"turns":8}],"seed_played":"7355226232807757791","potions_obtained":[{"floor":1,"key":"Strength Potion"},{"floor":25,"key":"GamblersBrew"},{"floor":27,"key":"ColorlessPotion"},{"floor":30,"key":"ColorlessPotion"}],"is_trial":false,"path_per_floor":["M","?","?","?","$","R","E","$","T","R","$","E","T","M","R","B",null,"M","?","?","T","M","R","$","E","T","E","M","M","E","M","R","B"],"character_chosen":"THE_ANIMATOR","items_purchased":["animator:Elsword","Toolbox","animator:AyaShameimaru","animator:MarisaKirisame"],"campfire_rested":0,"item_purchase_floors":[5,5,5,11],"current_hp_per_floor":[66,59,54,54,54,54,53,53,53,53,53,53,53,53,53,53,66,60,60,60,60,60,60,60,42,42,45,42,42,35,38,38,29,29],"gold":266,"neow_bonus":"BOSS_RELIC","is_daily":false,"chose_seed":true,"campfire_upgraded":4,"win_rate":0.0,"timestamp":1608641964,"path_taken":["M","?","?","?","$","R","E","$","T","R","?","E","?","M","R","BOSS","M","?","?","?","M","R","?","E","T","E","M","M","E","M","R","BOSS"],"items_purchased_type":["Card","Relic","Card","Card"],"build_version":"2020-12-13","purchased_purges":3,"victory":false,"max_hp_per_floor":[66,66,66,66,66,66,66,66,66,66,66,66,66,66,66,66,66,66,66,66,66,66,66,66,66,66,66,66,66,67,67,67,67,67],"card_choices":[{"not_picked":["animator:AliceMargatroid"],"picked":"SKIP","floor":1},{"not_picked":[],"picked":"animator:Ciel","floor":7},{"not_picked":["animator:Alexander"],"picked":"SKIP","floor":12},{"not_picked":[],"picked":"animator:Ciel","floor":14},{"not_picked":[],"picked":"animator:Shizu","floor":16},{"not_picked":["animator:WinryRockbell+1"],"picked":"SKIP","floor":18},{"not_picked":["animator:WinryRockbell+1"],"picked":"SKIP","floor":18},{"not_picked":["animator:Chung"],"picked":"SKIP","floor":22},{"not_picked":["animator:SakuraMatou"],"picked":"SKIP","floor":25},{"not_picked":["animator:ReimuHakurei"],"picked":"SKIP","floor":28},{"not_picked":[],"picked":"animator:Yusa+1","floor":29},{"not_picked":[],"picked":"animator:Lu+1","floor":30},{"not_picked":[],"picked":"animator:Ciel","floor":31}],"player_experience":117896,"relics_obtained":[{"floor":7,"key":"animator:HeavyHalberd"},{"floor":9,"key":"Vajra"},{"floor":12,"key":"Juzu Bracelet"},{"floor":13,"key":"Oddly Smooth Stone"},{"floor":21,"key":"animator:WornHelmet"},{"floor":25,"key":"REME_PuzzleBoxRelic"},{"floor":27,"key":"Bronze Scales"},{"floor":30,"key":"MawBank"}],"event_choices":[{"cards_removed":["animator:Defend"],"damage_healed":0,"gold_gain":0,"player_choice":"Card Removal","damage_taken":7,"max_hp_gain":0,"max_hp_loss":0,"event_name":"Golden Wing","floor":2,"gold_loss":0},{"damage_healed":0,"gold_gain":175,"player_choice":"AGREE","damage_taken":118,"max_hp_gain":0,"max_hp_loss":0,"event_name":"betterThird:BetterSerpent","floor":4,"gold_loss":0},{"damage_healed":0,"gold_gain":0,"player_choice":"Gave Potion","damage_taken":0,"relics_obtained":["Meat on the Bone"],"max_hp_gain":0,"max_hp_loss":0,"event_name":"WeMeetAgain","floor":19,"gold_loss":0},{"cards_removed":["animator:Raven"],"damage_healed":0,"gold_gain":0,"player_choice":"Take \u0026 Give","damage_taken":0,"max_hp_gain":0,"max_hp_loss":0,"event_name":"betterNote:BetterNote","floor":20,"gold_loss":0,"cards_obtained":["REME_ACTH"]}],"is_beta":false,"boss_relics":[{"not_picked":["Cursed Key","REME_DemonsWealth"],"picked":"Astrolabe"}],"items_purged_floors":[5,24,24],"is_endless":false,"potions_floor_spawned":[1,25,27,30,31],"killed_by":"Champ","ascension_level":0}}