{"host":"3jjxuhjpio8e4zkv","time":1608671795,"event":{"mods":["BaseMod","Colored Map","Minty Spire (QoL Compilation)","Permanent Neow","Relic Stats","StSLib"],"gold_per_floor":[112,132,150,163,181,181,213,50,50,75,90,107,107,141,141,215,215,233,113,113,152,165,221,221,247,247,247,297,352,392,18,18,90,90,125,200,238,238,238,238,263,305,358,358,373,373,384,449,449,499,499,499,70,70,70],"floor_reached":54,"playtime":2449,"items_purged":["Regret","FlurryOfBlows","Strike_P"],"score":1733,"play_id":"83c28728-1737-4810-900a-14d33c9166b2","local_time":"20201222161635","is_ascension_mode":true,"campfire_choices":[{"data":"Tantrum","floor":6.0,"key":"SMITH"},{"data":"JustLucky","floor":13.0,"key":"SMITH"},{"data":"Conclude","floor":15.0,"key":"SMITH"},{"floor":24.0,"key":"REST"},{"data":"Fasting2","floor":27,"key":"SMITH"},{"floor":32,"key":"REST"},{"data":"WheelKick","floor":40,"key":"SMITH"},{"floor":44,"key":"RECALL"},{"data":"Worship","floor":46,"key":"SMITH"},{"floor":49,"key":"REST"},{"data":"LikeWater","floor":52,"key":"SMITH"}],"circlet_count":0,"master_deck":["AscendersBane","Strike_P","Strike_P","Strike_P","Defend_P","Defend_P","Defend_P","Defend_P","Eruption","Vigilance","CutThroughFate","Tantrum+1","WheelKick+1","Conclude+1","LikeWater+1","MentalFortress","JustLucky+1","ClearTheMind","Vault","Wish","Crescendo+1","Fasting2+1","ForeignInfluence+1","Worship+1","BattleHymn","Wireheading+1","DevaForm+1","LikeWater+1","Wish","ThirdEye+1","Swivel","LikeWater+1"],"relics":["HolyWater","ClockworkSouvenir","Question Card","Shuriken","White Beast Statue","Snecko Eye","Ornamental Fan","Akabeko","StrikeDummy","Frozen Egg 2","Bottled Tornado","Unceasing Top","Pantograph"],"acts_visited":["Exordium","TheCity","TheBeyond","TheEnding"],"potions_floor_usage":[25,25,29,30,33,36,36,41,45,47],"damage_taken":[{"damage":10.0,"enemies":"Cultist","floor":1.0,"turns":4.0},{"damage":0.0,"enemies":"Jaw Worm","floor":2.0,"turns":3.0},{"damage":10.0,"enemies":"2 Louse","floor":3.0,"turns":4.0},{"damage":5.0,"enemies":"Blue Slaver","floor":4.0,"turns":3.0},{"damage":0.0,"enemies":"2 Fungi Beasts","floor":5.0,"turns":1.0},{"damage":3.0,"enemies":"Lagavulin","floor":7.0,"turns":4.0},{"damage":3.0,"enemies":"Gremlin Nob","floor":10.0,"turns":2.0},{"damage":0.0,"enemies":"Exordium Wildlife","floor":11.0,"turns":2.0},{"damage":9.0,"enemies":"Looter","floor":12.0,"turns":2.0},{"damage":0.0,"enemies":"3 Sentries","floor":14.0,"turns":2.0},{"damage":7.0,"enemies":"Slime Boss","floor":16.0,"turns":4.0},{"damage":22.0,"enemies":"2 Thieves","floor":18.0,"turns":2.0},{"damage":17.0,"enemies":"3 Byrds","floor":21.0,"turns":4.0},{"damage":12.0,"enemies":"Snecko","floor":22.0,"turns":6.0},{"damage":14.0,"enemies":"Slavers","floor":23.0,"turns":3.0},{"damage":0,"enemies":"Gremlin Leader","floor":25,"turns":3},{"damage":0,"enemies":"Slavers","floor":29,"turns":4},{"damage":10,"enemies":"Chosen and Byrds","floor":30,"turns":7},{"damage":10,"enemies":"Collector","floor":33,"turns":5},{"damage":26,"enemies":"3 Shapes","floor":35,"turns":5},{"damage":7,"enemies":"2 Orb Walkers","floor":36,"turns":4},{"damage":0,"enemies":"3 Darklings","floor":37,"turns":3},{"damage":0,"enemies":"Nemesis","floor":41,"turns":2},{"damage":0,"enemies":"Transient","floor":42,"turns":7},{"damage":13,"enemies":"Sphere and 2 Shapes","floor":45,"turns":4},{"damage":4,"enemies":"Jaw Worm Horde","floor":47,"turns":4},{"damage":0,"enemies":"Maw","floor":48,"turns":7},{"damage":47,"enemies":"Donu and Deca","floor":50,"turns":9},{"damage":58,"enemies":"Shield and Spear","floor":54,"turns":2}],"seed_played":"6324168104945880682","potions_obtained":[{"floor":2.0,"key":"PowerPotion"},{"floor":3.0,"key":"SneckoOil"},{"floor":7.0,"key":"DistilledChaos"},{"floor":10.0,"key":"EssenceOfSteel"},{"floor":11.0,"key":"DuplicationPotion"},{"floor":16.0,"key":"FearPotion"},{"floor":18.0,"key":"GamblersBrew"},{"floor":21.0,"key":"SpeedPotion"},{"floor":22.0,"key":"Fire Potion"},{"floor":23.0,"key":"Regen Potion"},{"floor":25,"key":"AttackPotion"},{"floor":29,"key":"EssenceOfSteel"},{"floor":30,"key":"AttackPotion"},{"floor":33,"key":"LiquidMemories"},{"floor":35,"key":"Strength Potion"},{"floor":36,"key":"Ancient Potion"},{"floor":37,"key":"SmokeBomb"},{"floor":42,"key":"Energy Potion"},{"floor":45,"key":"Block Potion"},{"floor":47,"key":"Regen Potion"},{"floor":48,"key":"Weak Potion"}],"is_trial":false,"path_per_floor":["M","M","M","M","M","R","E","$","T","E","M","M","R","E","R","B",null,"M","$","?","M","M","E","R","E","T","R","?","E","M","$","R","B",null,"M","?","M","?","?","R","E","M","T","R","M","R","M","M","R","B",null,"R","$","E"],"character_chosen":"WATCHER","items_purchased":["ClockworkSouvenir","Fasting2","Bottled Tornado","Pantograph","LikeWater+1"],"campfire_rested":3,"item_purchase_floors":[8,19,31,53,53],"current_hp_per_floor":[63,63,53,48,48,48,45,45,45,42,42,33,33,33,33,26,67,45,45,45,28,16,2,26,35,35,35,35,35,25,25,49,39,70,44,37,37,37,66,66,66,66,66,66,53,53,49,49,66,19,54,54,54,0,0],"gold":70,"neow_bonus":"TWENTY_PERCENT_HP_BONUS","is_daily":false,"chose_seed":false,"campfire_upgraded":7,"win_rate":0.0,"timestamp":1608671795,"path_taken":["M","M","M","?","M","R","E","$","T","E","M","?","R","E","R","BOSS","M","$","?","M","M","E","R","E","T","R","?","E","M","$","R","BOSS","M","?","M","?","?","R","E","M","T","R","M","R","M","M","R","BOSS","R","$","E"],"items_purchased_type":["Relic","Card","Relic","Relic","Card"],"build_version":"2020-12-13","purchased_purges":3,"victory":false,"max_hp_per_floor":[80,80,80,80,80,80,80,80,80,80,80,80,80,80,80,80,80,80,80,80,80,80,80,80,80,80,80,80,80,80,80,80,80,80,80,80,80,80,66,66,66,66,66,66,66,66,66,66,66,66,66,66,66,66,66],"relic_stats":{"counters":[29,112],"Shuriken":[29],"Ornamental Fan":[72],"Pantograph":0,"Snecko Eye":[140,136,138,185],"Question Card":20,"obtain_stats":[{"Frozen Egg 2":29,"Bottled Tornado":31,"Question Card":9,"White Beast Statue":14,"Akabeko":25,"ClockworkSouvenir":8,"Shuriken":10,"Ornamental Fan":23,"Pantograph":53,"Snecko Eye":17,"HolyWater":34,"PureWater":0,"StrikeDummy":26,"Unceasing Top":36},{"Frozen Egg 2":17,"Bottled Tornado":18,"Question Card":6,"White Beast Statue":10,"Akabeko":16,"ClockworkSouvenir":6,"Shuriken":7,"Ornamental Fan":15,"Pantograph":28,"Snecko Eye":11,"HolyWater":19,"PureWater":0,"StrikeDummy":16,"Unceasing Top":21},{"Frozen Egg 2":53,"Bottled Tornado":60,"Question Card":19,"White Beast Statue":27,"Akabeko":49,"ClockworkSouvenir":19,"Shuriken":21,"Ornamental Fan":46,"Pantograph":110,"Snecko Eye":31,"HolyWater":65,"PureWater":0,"StrikeDummy":49,"Unceasing Top":74}],"Unceasing Top":[0]},"card_choices":[{"not_picked":["Nirvana","Prostrate"],"picked":"CutThroughFate","floor":1.0},{"not_picked":["ThirdEye","FlurryOfBlows"],"picked":"Tantrum","floor":2.0},{"not_picked":["Study","Protect"],"picked":"WheelKick","floor":3.0},{"not_picked":["WindmillStrike","Consecrate"],"picked":"Conclude","floor":4.0},{"not_picked":["CutThroughFate","Prostrate"],"picked":"LikeWater","floor":5.0},{"not_picked":["FollowUp","Crescendo"],"picked":"MentalFortress","floor":7.0},{"not_picked":["WindmillStrike","BowlingBash","PathToVictory"],"picked":"JustLucky","floor":10.0},{"not_picked":["Crescendo","Nirvana","Wireheading"],"picked":"ClearTheMind","floor":11.0},{"not_picked":["Wireheading","Evaluate","BowlingBash"],"picked":"FlurryOfBlows","floor":12.0},{"not_picked":["Indignation","Conclude","EmptyFist"],"picked":"Vault","floor":14.0},{"not_picked":["Devotion","Establishment","Judgement"],"picked":"Wish","floor":16.0},{"not_picked":["DeceiveReality","Weave","Evaluate"],"picked":"Crescendo+1","floor":18.0},{"not_picked":["Consecrate+1","SashWhip","WreathOfFlame"],"picked":"ForeignInfluence+1","floor":21.0},{"not_picked":["ThirdEye","Meditate","Crescendo"],"picked":"Worship","floor":22.0},{"not_picked":["EmptyBody+1","FlyingSleeves","FollowUp"],"picked":"BattleHymn","floor":23.0},{"not_picked":["EmptyBody","JustLucky","Evaluate","Crescendo"],"picked":"SKIP","floor":25},{"not_picked":["FlyingSleeves","EmptyBody","Vengeance","Perseverance+1"],"picked":"SKIP","floor":29},{"not_picked":["SashWhip+1","MasterReality+1","Wallop"],"picked":"Wireheading+1","floor":30},{"not_picked":["ConjureBlade","Alpha","Vault"],"picked":"DevaForm+1","floor":33},{"not_picked":["EmptyFist","Meditate","Protect"],"picked":"LikeWater+1","floor":35},{"not_picked":["CrushJoints","FlyingSleeves","ClearTheMind","SashWhip"],"picked":"SKIP","floor":37},{"not_picked":["SashWhip","Judgement","ThirdEye","FollowUp"],"picked":"SKIP","floor":42},{"not_picked":["Pray","EmptyFist","FlurryOfBlows"],"picked":"Wish","floor":45},{"not_picked":["CutThroughFate","FlyingSleeves","Indignation"],"picked":"ThirdEye+1","floor":47},{"not_picked":["Consecrate+1","EmptyBody+1","DevaForm+1"],"picked":"Swivel","floor":48}],"player_experience":1093900,"relics_obtained":[{"floor":9.0,"key":"Question Card"},{"floor":10.0,"key":"Shuriken"},{"floor":14.0,"key":"White Beast Statue"},{"floor":23.0,"key":"Ornamental Fan"},{"floor":25,"key":"Akabeko"},{"floor":26,"key":"StrikeDummy"},{"floor":29,"key":"Frozen Egg 2"},{"floor":36,"key":"Unceasing Top"}],"event_choices":[{"damage_healed":0.0,"max_hp_gain":0.0,"max_hp_loss":0.0,"gold_gain":0.0,"event_name":"The Mausoleum","player_choice":"Ignored","floor":20.0,"gold_loss":0.0,"damage_taken":0.0},{"damage_healed":0,"gold_gain":50,"player_choice":"Stole From Cult","damage_taken":0,"max_hp_gain":0,"max_hp_loss":0,"event_name":"Nest","floor":28,"gold_loss":0},{"damage_healed":0,"gold_gain":0,"player_choice":"Fight","damage_taken":0,"max_hp_gain":0,"max_hp_loss":0,"event_name":"Mysterious Sphere","floor":36,"gold_loss":0},{"damage_healed":0,"gold_gain":0,"player_choice":"Ignored","damage_taken":0,"max_hp_gain":0,"max_hp_loss":0,"event_name":"Tomb of Lord Red Mask","floor":38,"gold_loss":0},{"damage_healed":66,"gold_gain":0,"player_choice":"Heal","damage_taken":0,"max_hp_gain":0,"max_hp_loss":14,"event_name":"The Moai Head","floor":39,"gold_loss":0}],"is_beta":false,"boss_relics":[{"not_picked":["Runic Dome","VioletLotus"],"picked":"Snecko Eye"},{"not_picked":["Runic Pyramid","SlaversCollar"],"picked":"HolyWater"}],"items_purged_floors":[19,31,53],"is_endless":false,"potions_floor_spawned":[2,3,7,10,11,16,18,21,22,23,25,29,30,33,35,36,37,41,42,45,47,48],"killed_by":"Shield and Spear","ascension_level":18}}