{"host":"ec2wu4mdnvke243f","time":1608632821,"event":{"mods":["2.2 Compatiblity","AchievementEnabler","BaseMod","Defuse TimeMaze Blight","Downfall","Hermit","Infinite Spire","Minty Spire (QoL Compilation)","StSLib","The Cursed","The Disciple","The Jungle","The Servant 0.9.4"],"gold_per_floor":[99,118,137,137,147,72,72,247,210,237,222,147,165,196,208,208,208],"floor_reached":16,"playtime":1006,"items_purged":[],"score":130,"play_id":"b607d636-7ff3-47bc-a66a-aafb6de2c6a4","local_time":"20201222112701","is_ascension_mode":true,"campfire_choices":[{"floor":1,"key":"RECALL"},{"floor":6,"key":"REST"},{"floor":12,"key":"REST"}],"circlet_count":0,"master_deck":["hermit:Strike_Hermit","hermit:Strike_Hermit","hermit:Strike_Hermit","hermit:Strike_Hermit","hermit:Defend_Hermit","hermit:Defend_Hermit","hermit:Defend_Hermit","hermit:Defend_Hermit","hermit:Snapshot","hermit:Covet","Master of Strategy","hermit:Misfire","hermit:Ricochet","hermit:LuckOfTheDraw","Doubt","hermit:Malice","hermit:Manifest","hermit:Headshot","hermit:SprayPray","hermit:EyeOfTheStorm","hermit:Grudge"],"relics":["hermit:Momento","infinitespire:EmpoweringShard","downfall:HeartBlessingRed","Odd Mushroom","downfall:HeartBlessingBlue","infinitespire:Magic Flask"],"acts_visited":["Exordium"],"potions_floor_usage":[10,16,16],"damage_taken":[{"damage":0,"enemies":"Cultist","floor":2,"turns":3},{"damage":6,"enemies":"Jaw Worm","floor":3,"turns":3},{"damage":0,"enemies":"Small Slimes","floor":5,"turns":2},{"damage":0,"enemies":"downfall:FleeingMerchant","floor":9,"turns":4},{"damage":14,"enemies":"The Mushroom Lair","floor":10,"turns":4},{"damage":10,"enemies":"downfall:FleeingMerchant","floor":11,"turns":4},{"damage":7,"enemies":"Blue Slaver","floor":13,"turns":3},{"damage":18,"enemies":"3 Sentries","floor":14,"turns":9},{"damage":0,"enemies":"3 Louse","floor":15,"turns":2},{"damage":65,"enemies":"downfall:Silent","floor":16,"turns":9}],"seed_played":"-2670719951874208164","potions_obtained":[{"floor":3,"key":"CultistPotion"},{"floor":10,"key":"Fruit Juice"},{"floor":15,"key":"Weak Potion"}],"is_trial":false,"path_per_floor":["R","M","M","?","M","R","T","?","$","?","$","R","M","E","M","B"],"character_chosen":"HERMIT","items_purchased":["hermit:Manifest"],"campfire_rested":2,"item_purchase_floors":[9],"current_hp_per_floor":[54,54,48,48,48,70,70,70,70,61,51,88,81,63,63,0,0],"gold":208,"neow_bonus":"RANDOM_COLORLESS_2","is_daily":false,"chose_seed":false,"campfire_upgraded":0,"win_rate":0.0,"timestamp":1608632821,"path_taken":["R","M","?","?","M","R","T","?","?","?","$","R","M","E","M","BOSS"],"items_purchased_type":["Card"],"build_version":"2020-12-13","purchased_purges":0,"victory":false,"max_hp_per_floor":[75,75,75,75,75,75,75,75,75,80,80,90,90,90,90,90,90],"card_choices":[{"not_picked":["Secret Technique","Mayhem"],"picked":"Master of Strategy","floor":0},{"not_picked":["hermit:Feint","hermit:Dive"],"picked":"hermit:Misfire","floor":2},{"not_picked":["hermit:Snipe","hermit:CalledShot"],"picked":"hermit:Ricochet","floor":3},{"not_picked":["hermit:BodyArmor","hermit:Cheat"],"picked":"hermit:LuckOfTheDraw","floor":5},{"not_picked":["hermit:Scavenge","hermit:Snipe"],"picked":"hermit:Malice","floor":9},{"not_picked":["hermit:PistolWhip","hermit:Horror"],"picked":"hermit:Headshot","floor":10},{"not_picked":["hermit:ItchyTrigger","hermit:PistolWhip"],"picked":"hermit:SprayPray","floor":11},{"not_picked":["hermit:Snipe","hermit:Misfire"],"picked":"hermit:EyeOfTheStorm","floor":13},{"not_picked":["hermit:Ricochet","hermit:TakeAim"],"picked":"hermit:Grudge","floor":14},{"not_picked":["hermit:WideOpen","hermit:ItchyTrigger","hermit:Combo"],"picked":"SKIP","floor":15}],"player_experience":520719,"relics_obtained":[{"floor":4,"key":"infinitespire:EmpoweringShard"},{"floor":10,"key":"Odd Mushroom"},{"floor":14,"key":"infinitespire:Magic Flask"}],"event_choices":[{"damage_healed":0,"gold_gain":0,"player_choice":"Fought Mushrooms","damage_taken":0,"max_hp_gain":0,"max_hp_loss":0,"event_name":"Mushrooms","floor":10,"gold_loss":0}],"is_beta":false,"boss_relics":[],"items_purged_floors":[],"is_endless":false,"potions_floor_spawned":[3,10,15],"killed_by":"downfall:Silent","ascension_level":1}}