{"host":"usewcu4ohw2wtmxk","time":1608622957,"event":{"mods":["BaseMod","Minty Spire (QoL Compilation)","Permanent Neow","Quick Restart","Relic Stats","UnlockEverythingMod"],"gold_per_floor":[116,131,131,131,131,131,166,183,209,209,220,253,253,269,269,269,269],"floor_reached":16,"playtime":225,"items_purged":[],"score":270,"play_id":"8a071b14-91c0-4763-98bf-02f8f64dce34","local_time":"20201222154237","is_ascension_mode":true,"campfire_choices":[{"data":"Dualcast","floor":6.0,"key":"SMITH"},{"data":"Fission","floor":10.0,"key":"SMITH"},{"data":"Creative AI","floor":13.0,"key":"SMITH"},{"floor":15.0,"key":"RECALL"}],"circlet_count":0,"master_deck":["AscendersBane","Strike_B","Strike_B","Strike_B","Strike_B","Defend_B","Defend_B","Defend_B","Defend_B","Zap","Dualcast+1","BootSequence","Ball Lightning","Fission+1","Creative AI+1"],"relics":["Cracked Core","NeowsBlessing","Art of War","FaceOfCleric","Molten Egg 2","Regal Pillow"],"acts_visited":["Exordium"],"potions_floor_usage":[],"damage_taken":[{"damage":0.0,"enemies":"2 Louse","floor":1.0,"turns":1.0},{"damage":0.0,"enemies":"Small Slimes","floor":2.0,"turns":1.0},{"damage":0.0,"enemies":"Lagavulin","floor":7.0,"turns":1.0},{"damage":1.0,"enemies":"Cultist","floor":8.0,"turns":3.0},{"damage":0.0,"enemies":"Large Slime","floor":11.0,"turns":4.0},{"damage":14.0,"enemies":"Gremlin Nob","floor":12.0,"turns":3.0},{"damage":0.0,"enemies":"Gremlin Gang","floor":14.0,"turns":2.0},{"damage":31,"enemies":"The Guardian","floor":16,"turns":2}],"seed_played":"-3790398884016592346","potions_obtained":[{"floor":1.0,"key":"Weak Potion"},{"floor":7.0,"key":"Swift Potion"},{"floor":8.0,"key":"Explosive Potion"}],"is_trial":false,"path_per_floor":["M","M","?","?","?","R","E","M","T","R","M","E","R","M","R","B"],"character_chosen":"DEFECT","items_purchased":[],"campfire_rested":0,"item_purchase_floors":[],"current_hp_per_floor":[64,64,38,38,38,38,39,39,39,39,40,27,27,28,28,0,0],"gold":269,"neow_bonus":"THREE_ENEMY_KILL","is_daily":false,"chose_seed":false,"campfire_upgraded":3,"win_rate":0.0,"timestamp":1608622957,"path_taken":["M","M","?","?","?","R","E","?","T","R","M","E","R","M","R","BOSS"],"items_purchased_type":[],"build_version":"2020-12-13","purchased_purges":0,"victory":false,"max_hp_per_floor":[71,71,71,71,71,71,72,73,73,73,74,75,75,76,76,76,76],"relic_stats":{"Regal Pillow":0,"FaceOfCleric":5,"counters":[8,17],"Art of War":[0],"obtain_stats":[{"Regal Pillow":12,"NeowsBlessing":0,"FaceOfCleric":5,"Molten Egg 2":7,"Art of War":3,"Cracked Core":0},{"Regal Pillow":6,"NeowsBlessing":0,"FaceOfCleric":2,"Molten Egg 2":3,"Art of War":2,"Cracked Core":0},{"Regal Pillow":13,"NeowsBlessing":0,"FaceOfCleric":2,"Molten Egg 2":3,"Art of War":2,"Cracked Core":0}]},"card_choices":[{"not_picked":["BootSequence","Sweeping Beam","Aggregate"],"picked":"SKIP","floor":1.0},{"not_picked":["Sweeping Beam","Aggregate"],"picked":"BootSequence","floor":1.0},{"not_picked":["Leap","Undo"],"picked":"Ball Lightning","floor":2.0},{"not_picked":["Ball Lightning+1","Chaos","Compile Driver+1"],"picked":"SKIP","floor":7.0},{"not_picked":["Ball Lightning+1","Chaos","Compile Driver+1"],"picked":"SKIP","floor":7.0},{"not_picked":["Ball Lightning+1","Leap"],"picked":"Fission","floor":8.0},{"not_picked":["Rebound+1","Heatsinks","Redo"],"picked":"SKIP","floor":11.0},{"not_picked":["Rebound+1","Heatsinks","Redo"],"picked":"SKIP","floor":11.0},{"not_picked":["Capacitor","Stack"],"picked":"Creative AI","floor":12.0},{"not_picked":["Hologram","Sweeping Beam+1","Go for the Eyes+1"],"picked":"SKIP","floor":14.0}],"player_experience":218517,"relics_obtained":[{"floor":7.0,"key":"Molten Egg 2"},{"floor":12.0,"key":"Regal Pillow"}],"event_choices":[{"damage_healed":0.0,"max_hp_gain":0.0,"max_hp_loss":0.0,"gold_gain":0.0,"event_name":"Scrap Ooze","player_choice":"Success","floor":3.0,"gold_loss":0.0,"damage_taken":26.0,"relics_obtained":["Art of War"]},{"damage_healed":0.0,"max_hp_gain":0.0,"max_hp_loss":0.0,"gold_gain":0.0,"event_name":"Shining Light","player_choice":"Ignored","floor":4.0,"gold_loss":0.0,"damage_taken":0.0},{"damage_healed":0.0,"max_hp_gain":0.0,"max_hp_loss":0.0,"gold_gain":0.0,"event_name":"FaceTrader","player_choice":"Trade","floor":5.0,"gold_loss":0.0,"damage_taken":0.0,"relics_obtained":["FaceOfCleric"]}],"is_beta":false,"boss_relics":[],"items_purged_floors":[],"is_endless":false,"potions_floor_spawned":[1,7,8],"killed_by":"The Guardian","ascension_level":20}}