{"host":"flx6yngeuogemep4","time":1608664112,"event":{"mods":["BaseMod","BetterRewards","Colored Powertips","Minty Spire (QoL Compilation)"],"gold_per_floor":[113,128,128,147,108,108,108,283,283,283,283,308,323,57,57,160,160,173,173,173,187,207,207,207],"floor_reached":23,"playtime":581,"items_purged":[],"score":189,"play_id":"f7ad4f8d-864e-414c-8449-b8fca98817cf","local_time":"20201222140832","is_ascension_mode":false,"campfire_choices":[{"floor":6,"key":"REST"},{"data":"Infinite Blades","floor":10,"key":"SMITH"},{"floor":15,"key":"REST"}],"circlet_count":0,"master_deck":["Strike_G","Strike_G","Strike_G","Strike_G","Strike_G","Defend_G","Defend_G","Defend_G","Defend_G","Defend_G","Survivor","Neutralize","Poisoned Stab+1","Slice","Dagger Throw","Infinite Blades+1","Doubt","Well Laid Plans","Deadly Poison","Noxious Fumes","Deadly Poison","Corpse Explosion","Outmaneuver+1","RitualDagger","Dagger Throw","Footwork+1"],"relics":["Ring of the Snake","NeowsBlessing","Pocketwatch","Pear","Vajra","Runic Pyramid"],"acts_visited":["Exordium","TheCity"],"potions_floor_usage":[18,22,23],"damage_taken":[{"damage":0,"enemies":"Cultist","floor":1,"turns":1},{"damage":0,"enemies":"2 Louse","floor":2,"turns":1},{"damage":0,"enemies":"Small Slimes","floor":4,"turns":1},{"damage":20,"enemies":"Gremlin Nob","floor":12,"turns":4},{"damage":12,"enemies":"3 Louse","floor":13,"turns":3},{"damage":8,"enemies":"Slime Boss","floor":16,"turns":9},{"damage":34,"enemies":"Spheric Guardian","floor":18,"turns":6},{"damage":5,"enemies":"3 Byrds","floor":21,"turns":2},{"damage":28,"enemies":"Snake Plant","floor":22,"turns":4},{"damage":34,"enemies":"Slavers","floor":23,"turns":2}],"seed_played":"-6619062600439705756","potions_obtained":[{"floor":2,"key":"Dexterity Potion"},{"floor":13,"key":"FairyPotion"},{"floor":16,"key":"PowerPotion"},{"floor":21,"key":"LiquidMemories"},{"floor":22,"key":"Explosive Potion"}],"is_trial":false,"path_per_floor":["M","M","?","M","$","R","?","?","T","R","?","E","M","$","R","B",null,"M","?","?","M","M","E"],"character_chosen":"THE_SILENT","items_purchased":["Infinite Blades","Vajra","Noxious Fumes","Deadly Poison"],"campfire_rested":2,"item_purchase_floors":[5,14,14,14],"current_hp_per_floor":[70,70,70,70,70,70,70,70,70,70,70,60,48,48,72,64,80,46,40,40,35,7,0,0],"gold":207,"neow_bonus":"THREE_ENEMY_KILL","is_daily":false,"chose_seed":false,"campfire_upgraded":1,"win_rate":0.0,"timestamp":1608664112,"path_taken":["M","M","?","M","?","R","?","?","T","R","?","E","M","?","R","BOSS","M","?","?","M","M","E"],"items_purchased_type":["Card","Relic","Card","Card"],"build_version":"2020-12-13","purchased_purges":0,"victory":false,"max_hp_per_floor":[70,70,70,70,70,70,70,70,70,70,70,80,80,80,80,80,80,80,80,80,80,80,80,80],"card_choices":[{"not_picked":["All Out Attack","Quick Slash"],"picked":"Poisoned Stab","floor":1},{"not_picked":["PiercingWail","Blade Dance"],"picked":"Slice","floor":2},{"not_picked":["Well Laid Plans","Finisher"],"picked":"Dagger Throw","floor":4},{"not_picked":["Finisher","Flechettes"],"picked":"Well Laid Plans","floor":12},{"not_picked":["Footwork","Deflect"],"picked":"Deadly Poison","floor":13},{"not_picked":["Venomology","Wraith Form v2"],"picked":"Corpse Explosion","floor":16},{"not_picked":["Cloak And Dagger","Dagger Throw"],"picked":"Outmaneuver+1","floor":18},{"not_picked":["Escape Plan","Dagger Spray"],"picked":"Dagger Throw","floor":21},{"not_picked":["Flying Knee","Catalyst"],"picked":"Footwork+1","floor":22}],"player_experience":51450,"relics_obtained":[{"floor":9,"key":"Pocketwatch"},{"floor":12,"key":"Pear"}],"event_choices":[{"damage_healed":0,"gold_gain":0,"player_choice":"Upgraded","damage_taken":0,"max_hp_gain":0,"max_hp_loss":0,"event_name":"Upgrade Shrine","floor":3,"gold_loss":0,"cards_upgraded":["Poisoned Stab"]},{"damage_healed":0,"gold_gain":0,"player_choice":"Ignored","damage_taken":0,"max_hp_gain":0,"max_hp_loss":0,"event_name":"Golden Wing","floor":7,"gold_loss":0},{"damage_healed":0,"gold_gain":175,"player_choice":"AGREE","damage_taken":0,"max_hp_gain":0,"max_hp_loss":0,"event_name":"Liars Game","floor":8,"gold_loss":0,"cards_obtained":["Doubt"]},{"damage_healed":0,"gold_gain":0,"player_choice":"Leave","damage_taken":0,"max_hp_gain":0,"max_hp_loss":0,"event_name":"The Cleric","floor":11,"gold_loss":0},{"damage_healed":0,"gold_gain":0,"player_choice":"Joined the Cult","damage_taken":6,"max_hp_gain":0,"max_hp_loss":0,"event_name":"Nest","floor":19,"gold_loss":0,"cards_obtained":["RitualDagger"]},{"damage_healed":0,"gold_gain":0,"player_choice":"Ignored","damage_taken":0,"max_hp_gain":0,"max_hp_loss":0,"event_name":"Vampires","floor":20,"gold_loss":0}],"is_beta":false,"boss_relics":[{"not_picked":["Cursed Key","Velvet Choker"],"picked":"Runic Pyramid"}],"items_purged_floors":[],"is_endless":false,"potions_floor_spawned":[2,13,16,21,22],"killed_by":"Slavers","ascension_level":0}}