{"host":"htqwg582tjjtn9p7","time":1608669828,"event":{"mods":["2.2 Compatiblity","AchievementEnabler","Act Like it!","Aspiration","BaseMod","Better Third Choice","Colored Map","Conspire","Curses Come First","Displayed Cursed Tome","Energized Spire","Force Act Four","GifTheSpireLib","Hermit","Highlight Path","JesterMod","Mad Scientist","Minty Spire (QoL Compilation)","Pale of the Ancients","Permanent Neow","Random Character Button","Relic Stats","Replay The Spire","Robot Space Explorer","Somnambulant","Spicy Shops","Spikes Relics","StSLib","Stuff the Spire","The Blue Laboratory","The Disciple","The Dragon Tamer","The Forsaken","The Gatherer","The Judge","The Jungle","The Runesmith","The Servant 0.9.4"],"gold_per_floor":[109,109,21,31,31,31,58,58,140,156,185,204,204,229,229,333,333,352,352,96,96,96,96,125,144,196,215,215,250,270,220,220,321,321,336,93,0,20,20,46,46,46,46,46,46,72,90,104,104,104,116,135,410,36,36,54,54,128,128,128],"floor_reached":61,"playtime":2372,"items_purged":["Decay","Pain","Regret"],"score":2310,"play_id":"f69deaaf-2fa4-4dbe-8198-05d0d539ad21","local_time":"20201222214348","is_ascension_mode":true,"campfire_choices":[{"data":"RobotSpaceExplorer:StarDust","floor":6,"key":"SMITH"},{"floor":13,"key":"REST"},{"floor":15,"key":"REST"},{"data":"Reforge","floor":23,"key":"SMITH"},{"floor":28,"key":"REST"},{"floor":32,"key":"REST"},{"data":"RobotSpaceExplorer:TrailblazerForm","floor":42,"key":"SMITH"},{"data":"RobotSpaceExplorer:MiniLasers","floor":45,"key":"SMITH"},{"floor":49,"key":"DIG"},{"floor":55,"key":"REST"},{"data":"Adrenaline","floor":57,"key":"SMITH"}],"circlet_count":0,"master_deck":["RobotSpaceExplorer:Strike","RobotSpaceExplorer:Defend","RobotSpaceExplorer:Defend","RobotSpaceExplorer:Defend","RobotSpaceExplorer:Defend","RobotSpaceExplorer:Scan","RobotSpaceExplorer:MiniLasers+1","RobotSpaceExplorer:BigMissile","RobotSpaceExplorer:MiniDrones","RobotSpaceExplorer:StarDust+1","Adrenaline+1","RobotSpaceExplorer:DoubleBlock","RobotSpaceExplorer:IronShell","RobotSpaceExplorer:Jetpack","Reforge+1","RobotSpaceExplorer:TrailblazerForm+1","RobotSpaceExplorer:Comet","RobotSpaceExplorer:Asteroid","RobotSpaceExplorer:IronShell+1","RobotSpaceExplorer:StunGrenade","RobotSpaceExplorer:Pulsar+1"],"relics":["RobotSpaceExplorer:RoboCore","MealTicket","Bag of Preparation","RobotSpaceExplorer:FoglandsKnife","InkBottle","ReplayFunnel","aspiration:ChemicalBlood","energizedSpire:StickyHand","WarpedTongs","Turnip","Vajra","ReplayTheSpireMod:Shallot","energizedSpire:DeadBattery","OrangePellets","Red Mask","Akabeko","Singing Bowl","Pantograph","Strawberry","paleoftheancients:Timepiece","Gremlin Horn","CultistMask","paleoftheancients:SoulOfTheWokeBloke","StuffTheSpire:CocoNut","HornCleat"],"acts_visited":["Exordium","TheCity","TheBeyond","TheBeyond"],"potions_floor_usage":[11,24,29,35,47,50,51,51,52,52,56,60],"damage_taken":[{"damage":1,"enemies":"Cultist","floor":1,"turns":3},{"damage":0,"enemies":"Small Slimes","floor":4,"turns":2},{"damage":10,"enemies":"Lagavulin","floor":7,"turns":5},{"damage":0,"enemies":"Jaw Worm","floor":10,"turns":2},{"damage":8,"enemies":"Replay:BlueRogue","floor":11,"turns":5},{"damage":5,"enemies":"conspire:2 RoseBushes","floor":12,"turns":6},{"damage":16,"enemies":"Lagavulin","floor":14,"turns":6},{"damage":37,"enemies":"The Guardian","floor":16,"turns":12},{"damage":0,"enemies":"conspire:FuzzyDice","floor":18,"turns":9},{"damage":14,"enemies":"conspire:Head Lice","floor":24,"turns":10},{"damage":0,"enemies":"Chosen","floor":25,"turns":5},{"damage":11,"enemies":"Shelled Parasite and Fungi","floor":27,"turns":6},{"damage":10,"enemies":"conspire:SneckoGhost","floor":29,"turns":6},{"damage":5,"enemies":"Sentry and Sphere","floor":30,"turns":3},{"damage":36,"enemies":"Pondfish","floor":33,"turns":15},{"damage":2,"enemies":"3 Shapes","floor":35,"turns":6},{"damage":1,"enemies":"3 Darklings","floor":38,"turns":4},{"damage":0,"enemies":"R_Hoarder","floor":40,"turns":8},{"damage":0,"enemies":"Giant Head","floor":46,"turns":8},{"damage":0,"enemies":"4 Shapes","floor":47,"turns":5},{"damage":2,"enemies":"Spire Growth","floor":48,"turns":5},{"damage":23,"enemies":"Awakened One","floor":50,"turns":12},{"damage":27,"enemies":"Awakened One","floor":51,"turns":11},{"damage":68,"enemies":"Awakened One","floor":52,"turns":10},{"damage":18,"enemies":"Awakened One","floor":56,"turns":6},{"damage":23,"enemies":"paleoftheancients:N","floor":60,"turns":9}],"seed_played":"9102481797803715680","potions_obtained":[{"floor":4,"key":"DistilledChaos"},{"floor":10,"key":"Dexterity Potion"},{"floor":14,"key":"blueLaboratory:NullPotion"},{"floor":18,"key":"blueLaboratory:TrueEctoplasm"},{"floor":24,"key":"Strength Potion"},{"floor":29,"key":"blueLaboratory:BottledHope"},{"floor":30,"key":"Weak Potion"},{"floor":33,"key":"Adrenaline Potion"},{"floor":35,"key":"SpeedPotion"},{"floor":38,"key":"LiquidBronze"},{"floor":40,"key":"blueLaboratory:EnragingPotion"},{"floor":47,"key":"Milkshake"},{"floor":50,"key":"RobotSpaceExplorer:RecyclePotion"},{"floor":56,"key":"blueLaboratory:LouseDecoction"},{"floor":56,"key":"BlessingOfTheForge"}],"is_trial":false,"path_per_floor":["M","T","$","M","?","R","E","?","T","M","E","M","R","E","R","B",null,"M","?","$","?","$","R","E","M","T","M","R","E","M","?","R","B",null,"M","$","?","M","?","E","?","R","T","?","R","E","M","M","R_BF","B","M","M","?","$","R","M","R","T","?","B",null],"character_chosen":"RobotSpaceExplorer","items_purchased":["RobotSpaceExplorer:StarDust","Reforge","OrangePellets","StuffTheSpire:CocoNut"],"campfire_rested":5,"item_purchase_floors":[3,20,36,54],"current_hp_per_floor":[67,67,75,75,58,58,48,48,48,48,40,35,57,41,63,26,63,63,71,75,75,75,75,61,61,61,50,72,62,57,57,75,39,66,64,75,75,74,74,74,74,74,74,74,74,76,78,78,85,82,75,56,56,78,97,90,90,90,90,88],"gold":128,"neow_bonus":"TRANSFORM_CARD","is_daily":false,"chose_seed":false,"campfire_upgraded":5,"win_rate":0.0,"timestamp":1608669828,"path_taken":["M","?","$","M","?","R","E","?","T","M","E","M","R","E","R","BOSS","M","?","?","?","$","R","E","M","T","?","R","E","M","?","R","BOSS","M","$","?","M","?","E","?","R","T","?","R","E","M","M","R_BF","BOSS","M","M","?","$","R","M","R","T","?","BOSS"],"items_purchased_type":["Card","Card","Relic","Relic"],"build_version":"2020-12-13","purchased_purges":3,"victory":true,"max_hp_per_floor":[75,75,75,75,75,75,75,75,75,75,75,75,75,75,75,75,75,75,75,75,75,75,75,75,75,75,75,75,75,75,75,75,75,75,75,75,75,75,75,75,75,75,75,75,75,77,79,81,88,88,88,90,90,97,97,99,99,99,99,99],"relic_stats":{"OrangePellets":[10],"Singing Bowl":10,"Gremlin Horn":[24,24],"counters":[26,179],"Pantograph":31,"MealTicket":38,"Turnip":[11],"Bag of Preparation":[48],"obtain_stats":[{"ReplayFunnel":11,"Singing Bowl":43,"Gremlin Horn":50,"Vajra":26,"Bag of Preparation":5,"HornCleat":58,"Pantograph":46,"Strawberry":49,"MealTicket":2,"Red Mask":37,"InkBottle":9,"aspiration:ChemicalBlood":14,"RobotSpaceExplorer:RoboCore":0,"energizedSpire:StickyHand":17,"energizedSpire:DeadBattery":34,"Akabeko":40,"WarpedTongs":21,"paleoftheancients:Timepiece":50,"RobotSpaceExplorer:FoglandsKnife":7,"OrangePellets":36,"ReplayTheSpireMod:Shallot":29,"paleoftheancients:SoulOfTheWokeBloke":52,"StuffTheSpire:CocoNut":54,"Turnip":24,"CultistMask":50},{"ReplayFunnel":5,"Singing Bowl":18,"Gremlin Horn":22,"Vajra":11,"Bag of Preparation":2,"HornCleat":25,"Pantograph":19,"Strawberry":21,"MealTicket":1,"Red Mask":16,"InkBottle":3,"aspiration:ChemicalBlood":7,"RobotSpaceExplorer:RoboCore":0,"energizedSpire:StickyHand":8,"energizedSpire:DeadBattery":15,"Akabeko":18,"WarpedTongs":9,"paleoftheancients:Timepiece":22,"RobotSpaceExplorer:FoglandsKnife":3,"OrangePellets":16,"ReplayTheSpireMod:Shallot":13,"paleoftheancients:SoulOfTheWokeBloke":24,"StuffTheSpire:CocoNut":24,"Turnip":10,"CultistMask":22},{"ReplayFunnel":17,"Singing Bowl":113,"Gremlin Horn":143,"Vajra":65,"Bag of Preparation":5,"HornCleat":170,"Pantograph":121,"Strawberry":131,"MealTicket":3,"Red Mask":101,"InkBottle":10,"aspiration:ChemicalBlood":29,"RobotSpaceExplorer:RoboCore":0,"energizedSpire:StickyHand":41,"energizedSpire:DeadBattery":95,"Akabeko":113,"WarpedTongs":50,"paleoftheancients:Timepiece":143,"RobotSpaceExplorer:FoglandsKnife":10,"OrangePellets":101,"ReplayTheSpireMod:Shallot":77,"paleoftheancients:SoulOfTheWokeBloke":164,"StuffTheSpire:CocoNut":164,"Turnip":60,"CultistMask":143}],"InkBottle":[70],"WarpedTongs":[102]},"card_choices":[{"not_picked":["RobotSpaceExplorer:ScrapMissile","RobotSpaceExplorer:Probe"],"picked":"RobotSpaceExplorer:MiniDrones","floor":1},{"not_picked":["RobotSpaceExplorer:RigExplosive","RobotSpaceExplorer:ImprovisedAttack","RobotSpaceExplorer:StunGrenade"],"picked":"SKIP","floor":4},{"not_picked":["RobotSpaceExplorer:ShovelStrike","RobotSpaceExplorer:PowerGlove","RobotSpaceExplorer:LuckyStrike"],"picked":"SKIP","floor":7},{"not_picked":["RobotSpaceExplorer:Ammunition","RobotSpaceExplorer:SwiftStep"],"picked":"RobotSpaceExplorer:DoubleBlock","floor":10},{"not_picked":["RobotSpaceExplorer:RigExplosive","RobotSpaceExplorer:PlasmaMissile"],"picked":"RobotSpaceExplorer:IronShell","floor":11},{"not_picked":["RobotSpaceExplorer:ShockMissile","RobotSpaceExplorer:FrostMissile","RobotSpaceExplorer:SlimeMissile"],"picked":"SKIP","floor":12},{"not_picked":["RobotSpaceExplorer:GlueShot","RobotSpaceExplorer:ShockKick"],"picked":"RobotSpaceExplorer:Jetpack","floor":14},{"not_picked":["RobotSpaceExplorer:Scanner","RobotSpaceExplorer:HighVoltage"],"picked":"RobotSpaceExplorer:Wormhole","floor":16},{"not_picked":["RobotSpaceExplorer:SelfCleaning","RobotSpaceExplorer:Counterblock","RobotSpaceExplorer:Probe"],"picked":"SKIP","floor":18},{"not_picked":["RobotSpaceExplorer:RigExplosive+1","RobotSpaceExplorer:SlimeMissile+1","RobotSpaceExplorer:Ammunition"],"picked":"SKIP","floor":24},{"not_picked":["RobotSpaceExplorer:Blitz","RobotSpaceExplorer:JunkDive","RobotSpaceExplorer:ImprovisedAttack"],"picked":"SKIP","floor":25},{"not_picked":["RobotSpaceExplorer:GlueSpray","RobotSpaceExplorer:MakeshiftVolley","RobotSpaceExplorer:Ammunition"],"picked":"SKIP","floor":27},{"not_picked":["RobotSpaceExplorer:Asteroid","RobotSpaceExplorer:SurgingStrike","RobotSpaceExplorer:RigExplosive"],"picked":"SKIP","floor":29},{"not_picked":["RobotSpaceExplorer:LuckyStrike","RobotSpaceExplorer:BigMissile","RobotSpaceExplorer:Blitz"],"picked":"SKIP","floor":30},{"not_picked":["RobotSpaceExplorer:Comet","RobotSpaceExplorer:Asteroid"],"picked":"RobotSpaceExplorer:TrailblazerForm","floor":33},{"not_picked":["RobotSpaceExplorer:ImprovisedAttack+1","RobotSpaceExplorer:PowerGlove+1","RobotSpaceExplorer:ShovelStrike"],"picked":"SKIP","floor":35},{"not_picked":["RobotSpaceExplorer:Electroshield","RobotSpaceExplorer:StarLightning","RobotSpaceExplorer:SwiftStep+1"],"picked":"SKIP","floor":38},{"not_picked":["RobotSpaceExplorer:Counterblock+1","RobotSpaceExplorer:JunkDive+1","RobotSpaceExplorer:Fix+1"],"picked":"SKIP","floor":40},{"not_picked":["RobotSpaceExplorer:Electroshield+1","RobotSpaceExplorer:Pulsar","RobotSpaceExplorer:Electropulse+1"],"picked":"Singing Bowl","floor":46},{"not_picked":["RobotSpaceExplorer:GlueShot+1","RobotSpaceExplorer:GlueSpray","RobotSpaceExplorer:MetalStrike+1"],"picked":"Singing Bowl","floor":47},{"not_picked":["RobotSpaceExplorer:TurboDodge","RobotSpaceExplorer:Probe","RobotSpaceExplorer:FreezeRay+1"],"picked":"Singing Bowl","floor":48},{"not_picked":["RobotSpaceExplorer:StunGrenade","RobotSpaceExplorer:Pulsar+1"],"picked":"RobotSpaceExplorer:IronShell+1","floor":51},{"not_picked":["RobotSpaceExplorer:IronShell","RobotSpaceExplorer:DoubleBlock+1","RobotSpaceExplorer:SurgingShield"],"picked":"Singing Bowl","floor":52},{"not_picked":["RobotSpaceExplorer:SelfCleaning+1","RobotSpaceExplorer:SwiftStep+1","RobotSpaceExplorer:SlimeMissile+1"],"picked":"Singing Bowl","floor":56}],"player_experience":1746928,"relics_obtained":[{"floor":2,"key":"MealTicket"},{"floor":7,"key":"RobotSpaceExplorer:FoglandsKnife"},{"floor":9,"key":"InkBottle"},{"floor":11,"key":"ReplayFunnel"},{"floor":14,"key":"aspiration:ChemicalBlood"},{"floor":24,"key":"Turnip"},{"floor":26,"key":"Vajra"},{"floor":29,"key":"ReplayTheSpireMod:Shallot"},{"floor":40,"key":"Akabeko"},{"floor":43,"key":"Singing Bowl"},{"floor":46,"key":"Pantograph"},{"floor":49,"key":"Strawberry"},{"floor":52,"key":"paleoftheancients:SoulOfTheWokeBloke"},{"floor":58,"key":"HornCleat"}],"event_choices":[{"damage_healed":0,"gold_gain":0,"player_choice":"Cursed","damage_taken":0,"max_hp_gain":0,"max_hp_loss":0,"event_name":"Wheel of Change","floor":8,"gold_loss":0,"cards_obtained":["Decay"]},{"damage_healed":0,"gold_gain":0,"player_choice":"Rummage","damage_taken":0,"relics_obtained":["WarpedTongs"],"max_hp_gain":0,"max_hp_loss":0,"event_name":"Accursed Blacksmith","floor":21,"gold_loss":0,"cards_obtained":["Pain"]},{"damage_healed":0,"gold_gain":0,"player_choice":"Bet on Murderer","damage_taken":0,"max_hp_gain":0,"max_hp_loss":0,"event_name":"The Joust","floor":31,"gold_loss":50},{"damage_healed":0,"gold_gain":0,"player_choice":"Paid","damage_taken":0,"relics_obtained":["Red Mask"],"max_hp_gain":0,"max_hp_loss":0,"event_name":"Tomb of Lord Red Mask","floor":37,"gold_loss":93},{"cards_removed":["RobotSpaceExplorer:Strike"],"damage_healed":0,"gold_gain":0,"player_choice":"Purged","damage_taken":0,"max_hp_gain":0,"max_hp_loss":0,"event_name":"Purifier","floor":44,"gold_loss":0},{"damage_healed":0,"gold_gain":275,"player_choice":"Desecrate","damage_taken":0,"max_hp_gain":0,"max_hp_loss":0,"event_name":"Golden Shrine","floor":53,"gold_loss":0,"cards_obtained":["Regret"]}],"is_beta":false,"boss_relics":[{"not_picked":["Snecko Heart","Kintsugi"],"picked":"energizedSpire:StickyHand"},{"not_picked":["SlaversCollar","RobotSpaceExplorer:SearchSpecs"],"picked":"energizedSpire:DeadBattery"}],"items_purged_floors":[20,36,54],"is_endless":false,"potions_floor_spawned":[4,10,14,18,29,30,38,40,47,56],"ascension_level":6}}