{"host":"4qt77pm52ljaz00q","time":1608642998,"event":{"mods":["2.2 Compatiblity","BaseMod","BetterRewards","Colored Map","Downfall","Minty Spire (QoL Compilation)","Permanent Neow","Relic Sorter","Shop Mod","StSLib","Unknown Chances"],"gold_per_floor":[99,109,109,121,131,131,156,167,186,186,201,234,234,234,234,234],"floor_reached":14,"playtime":499,"items_purged":[],"score":101,"play_id":"25ed73a6-1272-43af-ac4c-ab0ca1d7af7b","local_time":"20201222081638","is_ascension_mode":true,"campfire_choices":[{"data":"champ:Taunt","floor":1.0,"key":"SMITH"},{"floor":6,"key":"RECALL"}],"circlet_count":0,"master_deck":["champ:Strike+1","champ:Strike","champ:Strike","champ:Strike","champ:Defend","champ:Defend","champ:Defend","champ:Defend","champ:Execute","champ:Taunt+1","champ:ShieldThrow","champ:FalseCounter","champ:Circumvent+1","champ:Circumvent","champ:ViciousMockery+1","Regret"],"relics":["champ:ChampionCrown","downfall:BrokenWingStatue","Toy Ornithopter"],"acts_visited":["Exordium"],"potions_floor_usage":[14],"damage_taken":[{"damage":5,"enemies":"Cultist","floor":2,"turns":3},{"damage":0,"enemies":"2 Louse","floor":4,"turns":3},{"damage":13,"enemies":"Jaw Worm","floor":5,"turns":5},{"damage":8,"enemies":"Blue Slaver","floor":8,"turns":4},{"damage":6,"enemies":"3 Louse","floor":9,"turns":3},{"damage":0,"enemies":"2 Fungi Beasts","floor":11,"turns":5},{"damage":21,"enemies":"3 Sentries","floor":12,"turns":12},{"damage":30,"enemies":"Gremlin Nob","floor":14,"turns":4}],"seed_played":"7423315845438493073","potions_obtained":[{"floor":2,"key":"Dexterity Potion"},{"floor":8,"key":"sneckomod:MuddlingPotion"},{"floor":12,"key":"SneckoOil"}],"is_trial":false,"path_per_floor":["R","M","?","M","M","R","T","M","M","?","M","E","?","E"],"character_chosen":"THE_CHAMP","items_purchased":[],"campfire_rested":0,"item_purchase_floors":[],"current_hp_per_floor":[90,90,95,95,87,87,87,84,83,83,83,72,72,47,47,47],"gold":234,"neow_bonus":"ONE_RANDOM_RARE_CARD","is_daily":false,"chose_seed":false,"campfire_upgraded":1,"win_rate":0.0,"timestamp":1608642998,"path_taken":["R","M","?","M","M","R","T","M","M","?","?","E","?","E"],"items_purchased_type":[],"build_version":"2020-12-13","purchased_purges":0,"victory":false,"max_hp_per_floor":[90,90,95,95,95,95,95,95,95,95,95,95,95,95,95,95],"card_choices":[{"not_picked":["champ:BerserkerStyle","champ:StanceDance"],"picked":"champ:FalseCounter","floor":2},{"not_picked":["champ:Haymaker","champ:RageSigil","champ:SwordSigil"],"picked":"SKIP","floor":4},{"not_picked":["champ:BerserkersShout","champ:ArenaPreparation","champ:PerfectedStrike"],"picked":"SKIP","floor":5},{"not_picked":["champ:EnGarde","champ:IronFortress"],"picked":"champ:Circumvent","floor":8},{"not_picked":["champ:Shatter","champ:BladeFlurry","champ:CalledShot"],"picked":"SKIP","floor":9},{"not_picked":["champ:EnGarde","champ:FanOfKnives"],"picked":"champ:Circumvent","floor":11},{"not_picked":["champ:FocusedDefense","champ:TornadoPunch"],"picked":"champ:ViciousMockery","floor":12}],"player_experience":179826,"relics_obtained":[{"floor":12,"key":"Toy Ornithopter"}],"event_choices":[{"damage_healed":0,"gold_gain":0,"player_choice":"Donut","damage_taken":0,"max_hp_gain":5,"max_hp_loss":0,"event_name":"Big Fish","floor":3,"gold_loss":0}],"is_beta":false,"boss_relics":[],"items_purged_floors":[],"is_endless":false,"potions_floor_spawned":[2,8,12],"killed_by":"Gremlin Nob","ascension_level":2}}