{"host":"egyxg9lnjq7g2hmw","time":1608602467,"event":{"mods":["AchievementEnabler","BaseMod","Block Reminder","Colored Map","Colored Powertips","Highlight Path","Minty Spire (QoL Compilation)","Rare Cards Sparkle","StSLib"],"gold_per_floor":[114,114,129,129,91,91,91,129,155,193,218,218,218,1,1,100,100,123,0,13,13,34,69,69,102,102,121,12,12,27,27,27,27,27],"floor_reached":33,"playtime":1286,"items_purged":["Strike_G"],"score":582,"play_id":"14e1365d-8e19-4ddd-a127-ad2a16b6260b","local_time":"20201221180107","is_ascension_mode":true,"campfire_choices":[{"data":"Choke","floor":6.0,"key":"SMITH"},{"data":"Calculated Gamble","floor":13.0,"key":"SMITH"},{"floor":15.0,"key":"REST"},{"floor":24.0,"key":"REST"},{"floor":29.0,"key":"REST"},{"data":"Tactician","floor":32.0,"key":"SMITH"}],"circlet_count":0,"master_deck":["AscendersBane","Strike_G","Strike_G","Strike_G","Defend_G","Defend_G","Defend_G","Defend_G","Defend_G+1","Survivor+1","Neutralize+1","Choke+1","Quick Slash","Slice","Endless Agony","Calculated Gamble+1","Footwork","Phantasmal Killer","Blade Dance","Prepared","A Thousand Cuts","Tactician+1","Deflect+1","PiercingWail+1","Setup","Acrobatics","Prepared"],"relics":["Ring of the Snake","Golden Idol","Matryoshka","War Paint","Toy Ornithopter","Gremlin Horn","Oddly Smooth Stone","Bottled Lightning","WristBlade","Paper Crane","TungstenRod","Ninja Scroll"],"acts_visited":["Exordium","TheCity"],"potions_floor_usage":[33],"damage_taken":[{"damage":1.0,"enemies":"2 Louse","floor":1.0,"turns":4.0},{"damage":1.0,"enemies":"Jaw Worm","floor":3.0,"turns":4.0},{"damage":25.0,"enemies":"Lagavulin","floor":8.0,"turns":6.0},{"damage":19.0,"enemies":"Gremlin Nob","floor":10.0,"turns":4.0},{"damage":0.0,"enemies":"Cultist","floor":11.0,"turns":2.0},{"damage":29.0,"enemies":"The Guardian","floor":16.0,"turns":13.0},{"damage":10.0,"enemies":"2 Thieves","floor":18.0,"turns":5.0},{"damage":0.0,"enemies":"Chosen","floor":20.0,"turns":2.0},{"damage":19.0,"enemies":"Shelled Parasite and Fungi","floor":22.0,"turns":6.0},{"damage":14.0,"enemies":"Gremlin Leader","floor":23.0,"turns":4.0},{"damage":22.0,"enemies":"Book of Stabbing","floor":25.0,"turns":7.0},{"damage":3.0,"enemies":"Snecko","floor":27.0,"turns":3.0},{"damage":2.0,"enemies":"Centurion and Healer","floor":30.0,"turns":5.0},{"damage":58,"enemies":"Collector","floor":33,"turns":5}],"seed_played":"-7732250963828219220","potions_obtained":[{"floor":3.0,"key":"BlessingOfTheForge"},{"floor":8.0,"key":"Energy Potion"},{"floor":18.0,"key":"DuplicationPotion"},{"floor":20.0,"key":"Swift Potion"}],"is_trial":false,"path_per_floor":["M","?","M","?","?","R","?","E","T","E","M","T","R","$","R","B",null,"M","?","M","?","M","E","R","E","T","M","$","R","M","$","R","B"],"character_chosen":"THE_SILENT","items_purchased":["Footwork","Strength Potion","Acrobatics","FearPotion"],"campfire_rested":3,"item_purchase_floors":[14,14,28,28],"current_hp_per_floor":[64,64,63,56,56,56,56,31,31,17,17,17,17,17,36,12,52,42,42,42,42,23,14,33,16,16,13,13,32,30,30,30,0,0],"gold":27,"neow_bonus":"TEN_PERCENT_HP_BONUS","is_daily":false,"chose_seed":false,"campfire_upgraded":3,"win_rate":0.0,"timestamp":1608602467,"path_taken":["M","?","M","?","?","R","?","E","T","E","M","?","R","?","R","BOSS","M","?","M","?","?","E","R","E","T","M","$","R","M","?","R","BOSS"],"items_purchased_type":["Card","Potion","Card","Potion"],"build_version":"2020-12-13","purchased_purges":1,"victory":false,"max_hp_per_floor":[72,72,72,72,72,72,65,65,65,65,65,65,65,65,65,65,65,65,65,65,65,65,65,65,65,65,65,65,65,65,65,65,65,65],"card_choices":[{"not_picked":["Bane","Deadly Poison"],"picked":"Choke","floor":1.0},{"not_picked":["Deadly Poison","Leg Sweep"],"picked":"Quick Slash","floor":3.0},{"not_picked":["Backstab","Doppelganger"],"picked":"Slice","floor":8.0},{"not_picked":["Dagger Spray","Dodge and Roll"],"picked":"Endless Agony","floor":10.0},{"not_picked":["All Out Attack","Quick Slash"],"picked":"Calculated Gamble","floor":11.0},{"not_picked":["Venomology","Malaise"],"picked":"Phantasmal Killer","floor":16.0},{"not_picked":["Caltrops+1","Deadly Poison"],"picked":"Blade Dance","floor":18.0},{"not_picked":["Blur","Quick Slash"],"picked":"Prepared","floor":20.0},{"not_picked":["Calculated Gamble","Expertise"],"picked":"Tactician","floor":22.0},{"not_picked":["Bullet Time","Dash"],"picked":"Deflect+1","floor":23.0},{"not_picked":["Backstab","Blade Dance"],"picked":"PiercingWail+1","floor":25.0},{"not_picked":["Setup","Caltrops","Sucker Punch"],"picked":"SKIP","floor":27.0},{"not_picked":["Caltrops","Sucker Punch"],"picked":"Setup","floor":27.0},{"not_picked":["Footwork","Expertise"],"picked":"Prepared","floor":30.0}],"player_experience":563601,"relics_obtained":[{"floor":8.0,"key":"Matryoshka"},{"floor":9.0,"key":"War Paint"},{"floor":9.0,"key":"Toy Ornithopter"},{"floor":10.0,"key":"Gremlin Horn"},{"floor":12.0,"key":"Oddly Smooth Stone"},{"floor":12.0,"key":"Bottled Lightning"},{"floor":23.0,"key":"Paper Crane"},{"floor":25.0,"key":"TungstenRod"},{"floor":26.0,"key":"Ninja Scroll"}],"event_choices":[{"damage_healed":0.0,"max_hp_gain":0.0,"max_hp_loss":0.0,"gold_gain":0.0,"event_name":"Living Wall","player_choice":"Grow","floor":2.0,"gold_loss":0.0,"damage_taken":0.0,"cards_upgraded":["Neutralize"]},{"cards_removed":["Strike_G"],"damage_healed":0.0,"max_hp_gain":0.0,"max_hp_loss":0.0,"gold_gain":0.0,"event_name":"Golden Wing","player_choice":"Card Removal","floor":4.0,"gold_loss":0.0,"damage_taken":7.0},{"damage_healed":0.0,"max_hp_gain":0.0,"max_hp_loss":0.0,"gold_gain":0.0,"event_name":"World of Goop","player_choice":"Left Gold","floor":5.0,"gold_loss":38.0,"damage_taken":0.0},{"damage_healed":0.0,"max_hp_gain":0.0,"max_hp_loss":7.0,"gold_gain":0.0,"event_name":"Golden Idol","player_choice":"Lose Max HP","floor":7.0,"gold_loss":0.0,"damage_taken":0.0,"relics_obtained":["Golden Idol"]},{"damage_healed":0.0,"max_hp_gain":0.0,"max_hp_loss":0.0,"gold_gain":0.0,"event_name":"Masked Bandits","player_choice":"Paid Fearfully","floor":19.0,"gold_loss":123.0,"damage_taken":0.0},{"damage_healed":0.0,"max_hp_gain":0.0,"max_hp_loss":0.0,"gold_gain":0.0,"event_name":"Match and Keep!","player_choice":"1 cards matched","floor":21.0,"gold_loss":0.0,"damage_taken":0.0,"cards_obtained":["A Thousand Cuts"]}],"is_beta":false,"boss_relics":[{"not_picked":["Black Star","Fusion Hammer"],"picked":"WristBlade"}],"items_purged_floors":[14],"is_endless":false,"potions_floor_spawned":[3,8,18,20],"killed_by":"Collector","ascension_level":20}}