{"host":"xhamcave7q47vrco","time":1608625503,"event":{"mods":["ATMod(°¢èªMod)","AchievementEnabler","BaseMod","BetterRewards","Colored Powertips","Minty Spire (QoL Compilation)","Permanent Neow","Quick Restart","Remove Card Discount Mod","StSLib","¡¾ÒÅÎï¿¨ÅÆ¡¿REMEMod"],"gold_per_floor":[114,128,124,142,156,187,187,187,187],"floor_reached":8,"playtime":342,"items_purged":["Strike_R","Defend_R"],"score":67,"play_id":"52b1bb0b-2247-4d33-a214-9f890f90782b","local_time":"20201222162503","is_ascension_mode":true,"campfire_choices":[{"data":"AT_ChampionKick","floor":7,"key":"SMITH"}],"circlet_count":0,"master_deck":["Strike_R","Strike_R","Strike_R","Defend_R","Defend_R","Defend_R","Bash","AT_ChampionKick+1","Heavy Blade","AT_IchimonjiDouble"],"relics":["Burning Blood","REME_ComplimentaryCards","AT_ATBox","Lantern"],"acts_visited":["Exordium"],"potions_floor_usage":[],"damage_taken":[{"damage":1.0,"enemies":"Cultist","floor":1.0,"turns":3.0},{"damage":4,"enemies":"Small Slimes","floor":2,"turns":3},{"damage":7,"enemies":"Jaw Worm","floor":4,"turns":3},{"damage":0,"enemies":"Large Slime","floor":5,"turns":4},{"damage":32,"enemies":"Gremlin Nob","floor":6,"turns":4},{"damage":25,"enemies":"Lagavulin","floor":8,"turns":7}],"seed_played":"-4835252817848748081","potions_obtained":[{"floor":4,"key":"BloodPotion"},{"floor":5,"key":"BlessingOfTheForge"},{"floor":6,"key":"SkillPotion"}],"is_trial":false,"path_per_floor":["M","M","$","M","M","E","R","E"],"character_chosen":"IRONCLAD","items_purchased":[],"campfire_rested":0,"item_purchase_floors":[],"current_hp_per_floor":[80,80,80,79,80,54,54,29,29],"gold":187,"neow_bonus":"TRANSFORM_CARD","is_daily":false,"chose_seed":false,"campfire_upgraded":1,"win_rate":0.0,"timestamp":1608625503,"path_taken":["M","M","?","?","M","E","R","E"],"items_purchased_type":[],"build_version":"2020-12-13","purchased_purges":2,"victory":false,"max_hp_per_floor":[80,80,80,80,80,80,80,80,80],"card_choices":[{"not_picked":["Rupture","Body Slam","Disarm"],"picked":"SKIP","floor":1},{"not_picked":["Clothesline","Body Slam","Clash"],"picked":"SKIP","floor":2},{"not_picked":["True Grit","Body Slam"],"picked":"AT_IchimonjiDouble","floor":4},{"not_picked":["Warcry","Wild Strike","Entrench"],"picked":"SKIP","floor":5},{"not_picked":["REME_Scribble","Clash","Burning Pact"],"picked":"SKIP","floor":6}],"player_experience":42098,"relics_obtained":[{"floor":6,"key":"Lantern"}],"event_choices":[],"is_beta":false,"boss_relics":[],"items_purged_floors":[3,3],"is_endless":false,"potions_floor_spawned":[4,5,6],"killed_by":"Lagavulin","ascension_level":3}}