{"host":"nn0usk9aafse27ii","time":1608596423,"event":{"mods":["BaseMod","Colored Map","Highlight Path","Minty Spire (QoL Compilation)","Shop Mod","StSLib","The Disciple"],"gold_per_floor":[113,124,143,22,22,52,52,86,86,86,98,98,68,68,68,170,170,141,141,168,182,162,162,178,178,178,178,195,210,223,241,241,241,241],"floor_reached":33,"playtime":7652,"items_purged":["Strike_Br"],"score":259,"play_id":"01dfbf7d-d482-4432-a10e-1c6b9185bdfa","local_time":"20201221162023","is_ascension_mode":false,"campfire_choices":[{"floor":7.0,"key":"REST"},{"floor":10.0,"key":"REST"},{"floor":12.0,"key":"REST"},{"floor":15.0,"key":"REST"},{"floor":23,"key":"REST"},{"floor":25,"key":"REST"},{"floor":27,"key":"REST"},{"floor":32,"key":"REST"}],"circlet_count":0,"master_deck":["Allargando","Allegro","Strike_Br","Defend_Br","Defend_Br","Defend_Br","Defend_Br","SecondHand","PatternShift","TickedOff+1","LockedMercury+1","LockedBlood","Allegro","AlternateTimeline","LockedAstrolabe","LockedScales","ResonantCall","BackFourSeconds","ShortSighted","Facsimile","BeatsPerMinute","Goo","CrunchTime+1","SlimeSpray+1","PrimeTime+1","Recurrance"],"relics":["Chronometer","NeowsBlessing","Shuriken","The Courier","Paper Turtyl","HangingClock","Bottled Flame"],"acts_visited":["Exordium","TheCity"],"potions_floor_usage":[28,30,31,31],"damage_taken":[{"damage":0.0,"enemies":"Cultist","floor":1.0,"turns":1.0},{"damage":0.0,"enemies":"Jaw Worm","floor":2.0,"turns":1.0},{"damage":0.0,"enemies":"Small Slimes","floor":3.0,"turns":1.0},{"damage":17.0,"enemies":"3 Sentries","floor":6.0,"turns":9.0},{"damage":53.0,"enemies":"Lagavulin","floor":8.0,"turns":11.0},{"damage":8.0,"enemies":"Red Slaver","floor":11.0,"turns":4.0},{"damage":10.0,"enemies":"Looter","floor":13.0,"turns":4.0},{"damage":13.0,"enemies":"The Guardian","floor":16.0,"turns":12.0},{"damage":23.0,"enemies":"2 Thieves","floor":18.0,"turns":5.0},{"damage":56,"enemies":"Chosen","floor":20,"turns":7},{"damage":60,"enemies":"Centurion and Healer","floor":21,"turns":11},{"damage":52,"enemies":"Cultist and Chosen","floor":24,"turns":8},{"damage":27,"enemies":"Chosen and Byrds","floor":28,"turns":6},{"damage":27,"enemies":"Centurion and Healer","floor":29,"turns":6},{"damage":27,"enemies":"Snecko","floor":30,"turns":6},{"damage":17,"enemies":"Cultist and Chosen","floor":31,"turns":6},{"damage":52,"enemies":"Champ","floor":33,"turns":8}],"seed_played":"-9135490688624865762","potions_obtained":[{"floor":1.0,"key":"SkillPotion"},{"floor":3.0,"key":"DistilledChaos"},{"floor":6.0,"key":"AttackPotion"},{"floor":8.0,"key":"PowerPotion"},{"floor":18.0,"key":"BlessingOfTheForge"},{"floor":22,"key":"Fire Potion"},{"floor":28,"key":"Explosive Potion"},{"floor":30,"key":"DuplicationPotion"}],"is_trial":false,"path_per_floor":["M","M","M","$","?","E","R","E","T","R","M","R","M","?","R","B",null,"M","?","M","M","?","R","M","R","T","R","M","M","M","M","R","B"],"character_chosen":"CHRONO_CLASS","items_purchased":["LockedBlood"],"campfire_rested":8,"item_purchase_floors":[4],"current_hp_per_floor":[65,65,65,65,52,41,60,13,13,32,26,45,41,41,60,56,65,56,56,25,29,29,48,6,25,25,44,32,16,21,6,25,0,0],"gold":241,"neow_bonus":"THREE_ENEMY_KILL","is_daily":false,"chose_seed":false,"campfire_upgraded":0,"win_rate":0.0,"timestamp":1608596423,"path_taken":["M","M","?","$","?","E","R","E","T","R","M","R","M","?","R","BOSS","M","?","M","?","?","R","M","R","T","R","M","M","?","M","R","BOSS"],"items_purchased_type":["Card"],"build_version":"2020-12-13","purchased_purges":1,"victory":false,"max_hp_per_floor":[65,65,65,65,65,65,65,65,65,65,65,65,65,65,65,65,65,65,65,65,65,65,65,65,65,65,65,65,65,65,65,65,65,65],"card_choices":[{"not_picked":["EscortCommand","LockedBlood"],"picked":"TickedOff","floor":1.0},{"not_picked":["BlueShift","HandsUpB"],"picked":"Tempo","floor":2.0},{"not_picked":["Stagnate","BiteCommand"],"picked":"LockedMercury","floor":3.0},{"not_picked":["BiteCommand","Recurrance"],"picked":"AlternateTimeline","floor":6.0},{"not_picked":["HandsUpB","Backlash"],"picked":"LockedAstrolabe","floor":8.0},{"not_picked":["LockedWarPaint","ReapSow"],"picked":"LockedScales","floor":11.0},{"not_picked":["AlternateTimeline","Stagnate","LockedMedicine"],"picked":"SKIP","floor":13.0},{"not_picked":["Pendulum","Echonomics"],"picked":"BackFourSeconds","floor":16.0},{"not_picked":["HandsUpB","Engulf+1"],"picked":"ShortSighted","floor":18.0},{"not_picked":["LockedTornado","Analog+1"],"picked":"BeatsPerMinute","floor":20},{"not_picked":["LockedTurtyl","LockedAnchor","BlueShift+1"],"picked":"SKIP","floor":21},{"not_picked":["LockedMedicine+1","Engulf"],"picked":"Goo","floor":24},{"not_picked":["Stagnate","ResonantCall"],"picked":"CrunchTime+1","floor":28},{"not_picked":["Engulf","WindUp+1"],"picked":"SlimeSpray+1","floor":29},{"not_picked":["CrunchTime","LockedAnchor"],"picked":"PrimeTime+1","floor":30},{"not_picked":["PrimeTime","LockedWhetstone"],"picked":"Recurrance","floor":31}],"player_experience":336514,"relics_obtained":[{"floor":6.0,"key":"Shuriken"},{"floor":8.0,"key":"The Courier"},{"floor":9.0,"key":"Paper Turtyl"},{"floor":26,"key":"Bottled Flame"}],"event_choices":[{"damage_healed":0.0,"max_hp_gain":0.0,"max_hp_loss":0.0,"gold_gain":0.0,"event_name":"Shining Light","player_choice":"Entered Light","floor":5.0,"gold_loss":0.0,"damage_taken":13.0,"cards_upgraded":["LockedMercury","TickedOff"]},{"damage_healed":0.0,"max_hp_gain":0.0,"max_hp_loss":0.0,"gold_gain":0.0,"cards_transformed":["Strike_Br"],"event_name":"Living Wall","player_choice":"Change","floor":14.0,"gold_loss":0.0,"damage_taken":0.0,"cards_obtained":["ResonantCall"]},{"damage_healed":0.0,"max_hp_gain":0.0,"max_hp_loss":0.0,"gold_gain":0.0,"cards_transformed":["Strike_Br"],"event_name":"Transmorgrifier","player_choice":"Transformed","floor":19.0,"gold_loss":0.0,"damage_taken":0.0,"cards_obtained":["Facsimile"]},{"damage_healed":0,"gold_gain":0,"player_choice":"Bought 1 Potion","damage_taken":0,"max_hp_gain":0,"max_hp_loss":0,"event_name":"The Woman in Blue","floor":22,"gold_loss":0}],"is_beta":false,"boss_relics":[{"not_picked":["Fusion Hammer","Cursed Key"],"picked":"HangingClock"}],"items_purged_floors":[4],"is_endless":false,"potions_floor_spawned":[1,3,6,8,18,28,30],"killed_by":"Champ","ascension_level":0}}