{"host":"t0dvmwh9w61bq0j7","time":1608656415,"event":{"mods":["2.2 Compatiblity","AchievementEnabler","BaseMod","Better Note","Block Reminder","Colored Map","DeckTracker","Highlight Path","Jorbs\u0027s Wanderer Trilogy","Minty Spire (QoL Compilation)","Random Character Button","Rare Cards Sparkle","Relic Stats","Spicy Shops","StSLib","The Cursed","The Hierophant","The Judge","TheVacant","Transform Curses"],"gold_per_floor":[111,111,111,125,136,167,177,26,26,101,120,155,155,165,165,269,269,285,304,304,304,324,352,352,387,412,412,492,492,492],"floor_reached":29,"playtime":1077,"items_purged":[],"score":314,"play_id":"622c2bcd-12e9-4f67-9ea5-955d2dab4724","local_time":"20201222180015","is_ascension_mode":true,"campfire_choices":[{"floor":13,"key":"REST"},{"floor":15,"key":"RECALL"},{"floor":24,"key":"REST"}],"circlet_count":0,"master_deck":["Strike_R","Strike_R","Strike_R","Defend_R+1","Defend_R","Defend_R+1","Bash","Inflame+1","Shrug It Off+1","Seeing Red","Shrug It Off","Battle Trance","Twin Strike","Exhume","Intimidate+1","Armaments+1","Cleave","Inflame","Rampage"],"relics":["Burning Blood","Strawberry","Bag of Preparation","Vajra","MealTicket","Black Star","Centennial Puzzle","Prayer Wheel","Dream Catcher","War Paint","Bronze Scales","Bottled Tornado"],"acts_visited":["Exordium","TheCity"],"potions_floor_usage":[1,6,11,12,12,16,19,23,23,23,23,23,23,25],"damage_taken":[{"damage":2,"enemies":"Jaw Worm","floor":1,"turns":3},{"damage":1,"enemies":"Cultist","floor":4,"turns":3},{"damage":0,"enemies":"Small Slimes","floor":5,"turns":4},{"damage":31,"enemies":"3 Sentries","floor":6,"turns":10},{"damage":3,"enemies":"Looter","floor":7,"turns":3},{"damage":7,"enemies":"2 Fungi Beasts","floor":11,"turns":3},{"damage":19,"enemies":"Lagavulin","floor":12,"turns":6},{"damage":20,"enemies":"Lots of Slimes","floor":14,"turns":3},{"damage":55,"enemies":"Hexaghost","floor":16,"turns":12},{"damage":33,"enemies":"2 Thieves","floor":18,"turns":5},{"damage":23,"enemies":"Shell Parasite","floor":19,"turns":7},{"damage":0,"enemies":"Centurion and Healer","floor":22,"turns":6},{"damage":62,"enemies":"Book of Stabbing","floor":23,"turns":8},{"damage":28,"enemies":"Slavers","floor":25,"turns":6},{"damage":14,"enemies":"Snake Plant","floor":29,"turns":3}],"seed_played":"-519120573992376225","potions_obtained":[{"floor":0,"key":"SkillPotion"},{"floor":0,"key":"AttackPotion"},{"floor":0,"key":"EntropicBrew"},{"floor":1,"key":"EntropicBrew"},{"floor":6,"key":"BloodPotion"},{"floor":12,"key":"Block Potion"},{"floor":18,"key":"Weak Potion"},{"floor":19,"key":"Explosive Potion"},{"floor":23,"key":"Fire Potion"}],"is_trial":false,"path_per_floor":["M","?","T","M","M","E","M","$","T","?","M","E","R","M","R","B",null,"M","M","?","?","M","E","R","E","T","?","T","M"],"character_chosen":"IRONCLAD","items_purchased":["Vajra"],"campfire_rested":2,"item_purchase_floors":[8],"current_hp_per_floor":[80,64,71,76,82,57,60,60,60,49,65,52,78,64,64,15,87,60,43,43,43,49,10,36,14,14,14,14,0,0],"gold":492,"neow_bonus":"THREE_SMALL_POTIONS","is_daily":false,"chose_seed":false,"campfire_upgraded":0,"win_rate":0.0,"timestamp":1608656415,"path_taken":["M","?","?","?","M","E","M","?","T","?","M","E","R","M","R","BOSS","M","M","?","?","?","E","R","E","T","?","?","M"],"items_purchased_type":["Relic"],"build_version":"2020-12-13","purchased_purges":0,"victory":false,"max_hp_per_floor":[80,80,87,87,87,87,87,87,87,87,87,87,87,87,87,87,87,87,87,87,87,87,87,87,87,87,87,87,87,87],"relic_stats":{"Centennial Puzzle":[6],"Dream Catcher":0,"counters":[15,82],"Bronze Scales":[12],"MealTicket":0,"Prayer Wheel":0,"Bag of Preparation":[22],"Black Star":2,"War Paint":["Defend_R","Shrug It Off"],"obtain_stats":[{"Centennial Puzzle":23,"Dream Catcher":25,"Strawberry":3,"Bronze Scales":26,"Vajra":8,"MealTicket":12,"Prayer Wheel":23,"Bag of Preparation":6,"Black Star":17,"War Paint":25,"Bottled Tornado":28,"Burning Blood":0},{"Centennial Puzzle":13,"Dream Catcher":14,"Strawberry":1,"Bronze Scales":14,"Vajra":5,"MealTicket":7,"Prayer Wheel":13,"Bag of Preparation":4,"Black Star":9,"War Paint":14,"Bottled Tornado":14,"Burning Blood":0},{"Centennial Puzzle":73,"Dream Catcher":79,"Strawberry":3,"Bronze Scales":79,"Vajra":23,"MealTicket":32,"Prayer Wheel":73,"Bag of Preparation":20,"Black Star":47,"War Paint":79,"Bottled Tornado":79,"Burning Blood":0}],"Burning Blood":80},"card_choices":[{"not_picked":["Shockwave","Dark Embrace"],"picked":"Inflame","floor":1},{"not_picked":["Body Slam","Flex"],"picked":"Shrug It Off","floor":4},{"not_picked":["Searing Blow","Disarm","Perfected Strike"],"picked":"SKIP","floor":5},{"not_picked":["Heavy Blade","Rupture"],"picked":"Seeing Red","floor":6},{"not_picked":["Perfected Strike","Thunderclap"],"picked":"Shrug It Off","floor":7},{"not_picked":["Heavy Blade","Rage"],"picked":"Battle Trance","floor":11},{"not_picked":["Double Tap","Blood for Blood"],"picked":"Twin Strike","floor":12},{"not_picked":["Wild Strike","Clothesline","Shrug It Off"],"picked":"SKIP","floor":14},{"not_picked":["Bludgeon","Fiend Fire"],"picked":"Exhume","floor":16},{"not_picked":["Armaments","Infernal Blade"],"picked":"Intimidate+1","floor":18},{"not_picked":["True Grit","Feel No Pain"],"picked":"Armaments+1","floor":19},{"not_picked":["Body Slam","Rage+1"],"picked":"Cleave","floor":22},{"not_picked":["Shrug It Off","True Grit+1"],"picked":"Inflame","floor":23},{"not_picked":["Sever Soul","Uppercut","Heavy Blade"],"picked":"SKIP","floor":25}],"player_experience":303730,"relics_obtained":[{"floor":3,"key":"Strawberry"},{"floor":6,"key":"Bag of Preparation"},{"floor":12,"key":"MealTicket"},{"floor":23,"key":"Centennial Puzzle"},{"floor":23,"key":"Prayer Wheel"},{"floor":25,"key":"Dream Catcher"},{"floor":25,"key":"War Paint"},{"floor":26,"key":"Bronze Scales"},{"floor":28,"key":"Bottled Tornado"}],"event_choices":[{"damage_healed":0,"gold_gain":0,"player_choice":"Entered Light","damage_taken":16,"max_hp_gain":0,"max_hp_loss":0,"event_name":"Shining Light","floor":2,"gold_loss":0,"cards_upgraded":["Defend_R","Inflame"]},{"damage_healed":0,"gold_gain":75,"player_choice":"Gather Gold","damage_taken":11,"max_hp_gain":0,"max_hp_loss":0,"event_name":"World of Goop","floor":10,"gold_loss":0},{"cards_removed":["Strike_R"],"damage_healed":0,"gold_gain":0,"player_choice":"Purged","damage_taken":0,"max_hp_gain":0,"max_hp_loss":0,"event_name":"Purifier","floor":20,"gold_loss":0},{"cards_removed":["Defend_R"],"damage_healed":0,"gold_gain":0,"player_choice":"Card Removal","damage_taken":0,"max_hp_gain":0,"max_hp_loss":0,"event_name":"Wheel of Change","floor":21,"gold_loss":0},{"damage_healed":0,"gold_gain":0,"cards_transformed":["Strike_R"],"player_choice":"Transformed","damage_taken":0,"max_hp_gain":0,"max_hp_loss":0,"event_name":"Transmorgrifier","floor":27,"gold_loss":0,"cards_obtained":["Rampage"]}],"is_beta":false,"boss_relics":[{"not_picked":["Velvet Choker","Empty Cage"],"picked":"Black Star"}],"items_purged_floors":[],"is_endless":false,"potions_floor_spawned":[1,4,6,12,18,19,23],"killed_by":"Snake Plant","ascension_level":3}}