{"host":"7rmsgc3rayi00cdt","time":1608634362,"event":{"mods":["BaseMod","Minty Spire (QoL Compilation)"],"gold_per_floor":[110,110,122,141,151,151,186,186,186,199,199,218,244,257,257,331,331,341,341,354,354,354,354,334,344,391,418,429,429,439,439,439],"floor_reached":31,"playtime":1141,"items_purged":[],"score":453,"play_id":"8a2cb198-c997-48c8-8e46-f300f1958b67","local_time":"20201222105242","is_ascension_mode":true,"campfire_choices":[{"data":"Zap","floor":6,"key":"SMITH"},{"floor":11,"key":"REST"},{"floor":15,"key":"REST"},{"floor":23,"key":"REST"},{"floor":29,"key":"REST"}],"circlet_count":0,"master_deck":["AscendersBane","Strike_B","Strike_B","Strike_B","Strike_B","Defend_B","Defend_B","Defend_B","Defend_B","Zap+1","Dualcast","Go for the Eyes","Leap","Seek","Gash","Conserve Battery","Electrodynamics","Reboot","Streamline","Redo","Writhe","Lockon","Sunder","Auto Shields"],"relics":["Cracked Core","Mummified Hand","Blue Candle","Bag of Marbles","Nuclear Battery","MutagenicStrength","Bronze Scales","Potion Belt","Nunchaku"],"acts_visited":["Exordium","TheCity"],"potions_floor_usage":[7,10,18,20,25,27,30],"damage_taken":[{"damage":1,"enemies":"Cultist","floor":1,"turns":4},{"damage":17,"enemies":"Small Slimes","floor":3,"turns":3},{"damage":6,"enemies":"Jaw Worm","floor":4,"turns":4},{"damage":2,"enemies":"2 Fungi Beasts","floor":5,"turns":4},{"damage":22,"enemies":"3 Sentries","floor":7,"turns":9},{"damage":12,"enemies":"3 Louse","floor":10,"turns":3},{"damage":1,"enemies":"Looter","floor":12,"turns":3},{"damage":0,"enemies":"Gremlin Gang","floor":14,"turns":6},{"damage":54,"enemies":"Hexaghost","floor":16,"turns":13},{"damage":5,"enemies":"Chosen","floor":18,"turns":3},{"damage":11,"enemies":"2 Thieves","floor":20,"turns":3},{"damage":10,"enemies":"Snake Plant","floor":25,"turns":4},{"damage":25,"enemies":"Slavers","floor":27,"turns":3},{"damage":20,"enemies":"Cultist and Chosen","floor":28,"turns":5},{"damage":31,"enemies":"Shelled Parasite and Fungi","floor":30,"turns":5},{"damage":9,"enemies":"Gremlin Leader","floor":31,"turns":2}],"seed_played":"3437254735216006303","potions_obtained":[{"floor":3,"key":"Weak Potion"},{"floor":5,"key":"Swift Potion"},{"floor":10,"key":"PowerPotion"},{"floor":16,"key":"DuplicationPotion"},{"floor":18,"key":"Dexterity Potion"},{"floor":24,"key":"BlessingOfTheForge"},{"floor":27,"key":"FocusPotion"},{"floor":28,"key":"SpeedPotion"}],"is_trial":false,"path_per_floor":["M","?","M","M","M","R","E","?","T","M","R","M","T","M","R","B",null,"M","?","M","?","?","R","?","M","T","E","M","R","M","E"],"character_chosen":"DEFECT","items_purchased":[],"campfire_rested":4,"item_purchase_floors":[],"current_hp_per_floor":[70,70,53,47,45,45,23,23,23,11,34,33,33,33,56,2,59,54,54,43,43,43,66,66,56,56,31,11,34,3,0,0],"gold":439,"neow_bonus":"TEN_PERCENT_HP_BONUS","is_daily":false,"chose_seed":false,"campfire_upgraded":1,"win_rate":0.0,"timestamp":1608634362,"path_taken":["M","?","M","M","?","R","E","?","T","M","R","M","?","M","R","BOSS","M","?","M","?","?","R","?","?","T","E","M","R","M","E"],"items_purchased_type":[],"build_version":"2020-12-13","purchased_purges":0,"victory":false,"max_hp_per_floor":[78,78,78,78,78,78,78,78,78,78,78,78,78,78,78,78,78,78,78,78,78,78,78,78,78,78,78,78,78,78,78,78],"card_choices":[{"not_picked":["Steam","Reinforced Body","Self Repair"],"picked":"SKIP","floor":1},{"not_picked":["Sweeping Beam","Reprogram"],"picked":"Go for the Eyes","floor":3},{"not_picked":["Coolheaded","Redo"],"picked":"Leap","floor":4},{"not_picked":["Stack","Cold Snap"],"picked":"Seek","floor":5},{"not_picked":["Double Energy","Cold Snap","Barrage"],"picked":"SKIP","floor":7},{"not_picked":["Barrage","Self Repair"],"picked":"Gash","floor":10},{"not_picked":["Sunder","Glacier"],"picked":"Conserve Battery","floor":12},{"not_picked":["Sweeping Beam","Redo"],"picked":"Electrodynamics","floor":14},{"not_picked":["Machine Learning","Amplify"],"picked":"Reboot","floor":16},{"not_picked":["Reprogram","Compile Driver"],"picked":"Streamline","floor":18},{"not_picked":["Compile Driver","Barrage"],"picked":"Redo","floor":20},{"not_picked":["Steam","Conserve Battery","Streamline"],"picked":"SKIP","floor":25},{"not_picked":["Reprogram","Barrage"],"picked":"Lockon","floor":27},{"not_picked":["Reprogram","Steam"],"picked":"Sunder","floor":28},{"not_picked":["Genetic Algorithm","Go for the Eyes"],"picked":"Auto Shields","floor":30}],"player_experience":719323,"relics_obtained":[{"floor":7,"key":"Mummified Hand"},{"floor":9,"key":"Blue Candle"},{"floor":13,"key":"Bag of Marbles"},{"floor":26,"key":"Potion Belt"},{"floor":27,"key":"Nunchaku"}],"event_choices":[{"damage_healed":0,"gold_gain":0,"player_choice":"0 cards matched","damage_taken":0,"max_hp_gain":0,"max_hp_loss":0,"event_name":"Match and Keep!","floor":2,"gold_loss":0,"cards_obtained":[]},{"damage_healed":0,"gold_gain":0,"player_choice":"Ignored","damage_taken":0,"max_hp_gain":0,"max_hp_loss":0,"event_name":"Shining Light","floor":8,"gold_loss":0},{"damage_healed":0,"gold_gain":0,"player_choice":"Inject Mutagens","damage_taken":0,"relics_obtained":["MutagenicStrength"],"max_hp_gain":0,"max_hp_loss":0,"event_name":"Drug Dealer","floor":19,"gold_loss":0},{"damage_healed":0,"gold_gain":0,"player_choice":"Ignored","damage_taken":0,"max_hp_gain":0,"max_hp_loss":0,"event_name":"Cursed Tome","floor":21,"gold_loss":0},{"damage_healed":0,"gold_gain":0,"player_choice":"Opened","damage_taken":0,"relics_obtained":["Bronze Scales"],"max_hp_gain":0,"max_hp_loss":0,"event_name":"The Mausoleum","floor":22,"gold_loss":0,"cards_obtained":["Writhe"]},{"damage_healed":0,"gold_gain":0,"player_choice":"Bought 1 Potion","damage_taken":0,"max_hp_gain":0,"max_hp_loss":0,"event_name":"The Woman in Blue","floor":24,"gold_loss":0}],"is_beta":false,"boss_relics":[{"not_picked":["Sozu","Runic Pyramid"],"picked":"Nuclear Battery"}],"items_purged_floors":[],"is_endless":false,"potions_floor_spawned":[3,5,10,16,18,27,28],"killed_by":"Gremlin Leader","ascension_level":15}}