{"host":"5trcja4hacd149zc","time":1608604543,"event":{"mods":["BaseMod","Colored Map","GifTheSpireLib","Minty Spire (QoL Compilation)","Relic Stats","StSLib"],"gold_per_floor":[112,129,129,2,18,45,45,59,59,59,76,76,76,103,103,180,180,190,390,408,408,426,426,460,225,248,0,0,0,0,50,50,121,121,131,18,18,36,36,36,49,380,380,380,392,392,392],"floor_reached":46,"playtime":1634,"items_purged":["Strike_B","Strike_B","Strike_B","Shame"],"score":973,"play_id":"3c25290b-6ff2-498f-a37c-6607ab260bae","local_time":"20201221203543","is_ascension_mode":true,"campfire_choices":[{"data":"Tempest","floor":7.0,"key":"SMITH"},{"floor":13.0,"key":"REST"},{"data":"Hologram","floor":15.0,"key":"SMITH"},{"data":"Sweeping Beam","floor":23.0,"key":"SMITH"},{"data":"Self Repair","floor":28.0,"key":"SMITH"},{"floor":32.0,"key":"REST"},{"floor":40.0,"key":"RECALL"},{"floor":44,"key":"REST"}],"circlet_count":0,"master_deck":["AscendersBane","Defend_B","Defend_B","Defend_B","Defend_B","Zap","Dualcast","Gash","Tempest+1","Ball Lightning","Genetic Algorithm","Hologram+1","Hyperbeam+1","Leap","Sweeping Beam+1","Core Surge","White Noise+1","Sunder+1","Self Repair+1","Coolheaded","Conserve Battery","Echo Form","Double Energy","Defragment","Compile Driver+1","BootSequence+1"],"relics":["Cracked Core","Centennial Puzzle","Pantograph","Emotion Chip","Turnip","Runic Pyramid","White Beast Statue","Juzu Bracelet","Membership Card","Sundial","Pear","Fusion Hammer","Old Coin"],"acts_visited":["Exordium","TheCity","TheBeyond"],"potions_floor_usage":[45,46],"damage_taken":[{"damage":1.0,"enemies":"Cultist","floor":1.0,"turns":3.0},{"damage":2.0,"enemies":"2 Louse","floor":2.0,"turns":2.0},{"damage":2.0,"enemies":"Jaw Worm","floor":5.0,"turns":4.0},{"damage":44.0,"enemies":"Gremlin Nob","floor":6.0,"turns":4.0},{"damage":10.0,"enemies":"Red Slaver","floor":8.0,"turns":3.0},{"damage":1.0,"enemies":"Looter","floor":11.0,"turns":3.0},{"damage":19.0,"enemies":"Lagavulin","floor":14.0,"turns":4.0},{"damage":25.0,"enemies":"Hexaghost","floor":16.0,"turns":9.0},{"damage":3.0,"enemies":"Chosen","floor":18.0,"turns":5.0},{"damage":7.0,"enemies":"3 Byrds","floor":20.0,"turns":4.0},{"damage":9.0,"enemies":"Centurion and Healer","floor":22.0,"turns":4.0},{"damage":12.0,"enemies":"Gremlin Leader","floor":24.0,"turns":7.0},{"damage":51.0,"enemies":"Champ","floor":33.0,"turns":13.0},{"damage":5.0,"enemies":"Orb Walker","floor":35.0,"turns":4.0},{"damage":6.0,"enemies":"3 Shapes","floor":38.0,"turns":4.0},{"damage":35.0,"enemies":"Jaw Worm Horde","floor":41.0,"turns":4.0},{"damage":42.0,"enemies":"Nemesis","floor":42.0,"turns":8.0},{"damage":26,"enemies":"Spire Growth","floor":45,"turns":5},{"damage":52,"enemies":"Giant Head","floor":46,"turns":7}],"seed_played":"2434634956387608","potions_obtained":[{"floor":5.0,"key":"LiquidBronze"},{"floor":6.0,"key":"SteroidPotion"},{"floor":11.0,"key":"Energy Potion"},{"floor":20.0,"key":"EssenceOfSteel"},{"floor":22.0,"key":"Block Potion"},{"floor":33.0,"key":"PowerPotion"},{"floor":35.0,"key":"Regen Potion"},{"floor":41.0,"key":"ColorlessPotion"},{"floor":42.0,"key":"Dexterity Potion"},{"floor":45,"key":"SpeedPotion"}],"is_trial":false,"path_per_floor":["M","M","?","$","M","E","R","M","T","?","M","?","R","E","R","B",null,"M","?","M","?","M","R","E","$","T","$","R","?","T","?","R","B",null,"M","$","?","M","$","R","M","E","T","R","M","E"],"character_chosen":"DEFECT","items_purchased":["Ball Lightning","DuplicationPotion","Coolheaded","Membership Card","Conserve Battery","Defragment"],"campfire_rested":3,"item_purchase_floors":[4,25,25,27,27,36],"current_hp_per_floor":[63,61,61,61,59,15,15,5,5,5,4,4,25,6,6,6,55,52,52,45,45,36,36,24,24,24,24,24,24,34,26,50,44,72,77,77,77,71,71,71,46,24,24,47,31,0,0],"gold":392,"neow_bonus":"RANDOM_COMMON_RELIC","is_daily":false,"chose_seed":false,"campfire_upgraded":4,"win_rate":0.0,"timestamp":1608604543,"path_taken":["M","M","?","$","M","E","R","M","T","?","M","?","R","E","R","BOSS","M","?","?","?","?","R","E","$","T","?","R","?","?","?","R","BOSS","M","$","?","M","$","R","M","E","T","R","M","E"],"items_purchased_type":["Card","Potion","Card","Relic","Card","Card"],"build_version":"2020-12-13","purchased_purges":4,"victory":false,"max_hp_per_floor":[71,71,71,71,71,71,71,71,71,71,71,71,71,71,71,71,71,71,71,71,71,71,71,71,71,71,71,71,71,81,81,81,81,81,81,81,77,77,77,77,77,77,77,77,77,77,77],"relic_stats":{"Centennial Puzzle":[57],"Emotion Chip":[66,63,3,0,0],"counters":[19,97],"Sundial":[4],"Pantograph":50,"Turnip":[8],"Juzu Bracelet":0,"obtain_stats":[{"Pear":30,"Juzu Bracelet":26,"White Beast Statue":24,"Old Coin":42,"Centennial Puzzle":0,"Emotion Chip":9,"Sundial":29,"Pantograph":6,"Turnip":14,"Fusion Hammer":34,"Membership Card":27,"Cracked Core":0,"Runic Pyramid":17},{"Pear":12,"Juzu Bracelet":12,"White Beast Statue":12,"Old Coin":17,"Centennial Puzzle":0,"Emotion Chip":5,"Sundial":12,"Pantograph":4,"Turnip":7,"Fusion Hammer":13,"Membership Card":12,"Cracked Core":0,"Runic Pyramid":8},{"Pear":52,"Juzu Bracelet":52,"White Beast Statue":52,"Old Coin":85,"Centennial Puzzle":0,"Emotion Chip":16,"Sundial":52,"Pantograph":13,"Turnip":23,"Fusion Hammer":65,"Membership Card":52,"Cracked Core":0,"Runic Pyramid":32}]},"card_choices":[{"not_picked":["Stack","Leap"],"picked":"Gash","floor":1.0},{"not_picked":["Go for the Eyes","Conserve Battery"],"picked":"Tempest","floor":2.0},{"not_picked":["Storm","Gash"],"picked":"Genetic Algorithm","floor":5.0},{"not_picked":["Steam","Beam Cell"],"picked":"Hologram","floor":6.0},{"not_picked":["Hologram","Turbo"],"picked":"Hyperbeam","floor":8.0},{"not_picked":["Hologram","Rebound"],"picked":"Leap","floor":11.0},{"not_picked":["Redo","White Noise"],"picked":"Sweeping Beam","floor":14.0},{"not_picked":["Thunder Strike","Rainbow"],"picked":"Core Surge","floor":16.0},{"not_picked":["Go for the Eyes","Stack"],"picked":"White Noise+1","floor":18.0},{"not_picked":["Redo","Ball Lightning"],"picked":"Sunder+1","floor":20.0},{"not_picked":["Hologram","Rebound","Skim"],"picked":"SKIP","floor":22.0},{"not_picked":["Conserve Battery","Rebound"],"picked":"Self Repair","floor":24.0},{"not_picked":["Multi-Cast","Seek"],"picked":"Echo Form","floor":33.0},{"not_picked":["Chill","Tempest"],"picked":"Double Energy","floor":35.0},{"not_picked":["Barrage","Leap+1"],"picked":"Compile Driver+1","floor":38.0},{"not_picked":["Skim","Beam Cell+1"],"picked":"BootSequence+1","floor":41.0},{"not_picked":["Rebound","Turbo","Steam"],"picked":"SKIP","floor":42.0},{"not_picked":["Heatsinks","Rip and Tear","Cold Snap+1"],"picked":"SKIP","floor":45}],"player_experience":756570,"relics_obtained":[{"floor":6.0,"key":"Pantograph"},{"floor":9.0,"key":"Emotion Chip"},{"floor":14.0,"key":"Turnip"},{"floor":24.0,"key":"White Beast Statue"},{"floor":26.0,"key":"Juzu Bracelet"},{"floor":30.0,"key":"Pear"},{"floor":42.0,"key":"Old Coin"}],"event_choices":[{"damage_healed":0.0,"max_hp_gain":0.0,"max_hp_loss":0.0,"gold_gain":0.0,"event_name":"The Cleric","player_choice":"Leave","floor":3.0,"gold_loss":0.0,"damage_taken":0.0},{"damage_healed":0.0,"max_hp_gain":0.0,"max_hp_loss":0.0,"gold_gain":0.0,"event_name":"Living Wall","player_choice":"Grow","floor":10.0,"gold_loss":0.0,"damage_taken":0.0,"cards_upgraded":["Hyperbeam"]},{"damage_healed":0.0,"max_hp_gain":0.0,"max_hp_loss":0.0,"gold_gain":0.0,"event_name":"Scrap Ooze","player_choice":"Fled","floor":12.0,"gold_loss":0.0,"damage_taken":0.0},{"damage_healed":0.0,"max_hp_gain":0.0,"max_hp_loss":0.0,"gold_gain":250.0,"event_name":"The Joust","player_choice":"Bet on Owner","floor":19.0,"gold_loss":50.0,"damage_taken":0.0},{"cards_removed":["Strike_B"],"damage_healed":0.0,"max_hp_gain":0.0,"max_hp_loss":0.0,"gold_gain":0.0,"event_name":"Bonfire Elementals","player_choice":"Offered Basic","floor":21.0,"gold_loss":0.0,"damage_taken":0.0},{"damage_healed":0.0,"max_hp_gain":0.0,"max_hp_loss":0.0,"gold_gain":0.0,"event_name":"Addict","player_choice":"Stole Relic","floor":29.0,"gold_loss":0.0,"damage_taken":0.0,"relics_obtained":["Sundial"],"cards_obtained":["Shame"]},{"damage_healed":0.0,"max_hp_gain":0.0,"max_hp_loss":0.0,"gold_gain":50.0,"event_name":"FaceTrader","player_choice":"Touch","floor":31.0,"gold_loss":0.0,"damage_taken":8.0},{"damage_healed":0.0,"max_hp_gain":0.0,"max_hp_loss":4.0,"gold_gain":0.0,"event_name":"Winding Halls","player_choice":"Max HP","floor":37.0,"gold_loss":0.0,"damage_taken":0.0}],"is_beta":false,"boss_relics":[{"not_picked":["Ectoplasm","Astrolabe"],"picked":"Runic Pyramid"},{"not_picked":["SacredBark","Coffee Dripper"],"picked":"Fusion Hammer"}],"items_purged_floors":[4,25,27,36],"is_endless":false,"potions_floor_spawned":[5,6,11,20,22,33,35,38,41,42,45],"killed_by":"Giant Head","ascension_level":20}}