{"host":"iml8x8es9od4zowg","time":1608643386,"event":{"mods":["BaseMod","Minty Spire (QoL Compilation)","StSLib","The Jungle","¡¼?Úª?ø«¡½REMEMod"],"gold_per_floor":[215,226,226,242,253,283,298,298,298,298,311,311,386,1,1,103,103,114,24,24,24,40,40,57,57,82,117,128,145,174,19,19,124,124,142,0,20,31,31,63,74,103,156,188,203,203,203,203,203,203,203,203,23,149,176,176],"floor_reached":55,"playtime":3848,"items_purged":["Defend_P","Writhe"],"score":887,"play_id":"01baaff6-dc25-4b7e-827f-0d456ce394a8","local_time":"20201222222306","is_ascension_mode":true,"campfire_choices":[{"floor":8,"key":"REST"},{"data":"Pray","floor":10,"key":"SMITH"},{"data":"Pray","floor":12,"key":"SMITH"},{"floor":15,"key":"REST"},{"floor":23,"key":"DIG"},{"floor":25,"key":"REST"},{"floor":32,"key":"DIG"},{"floor":49,"key":"RECALL"},{"floor":52,"key":"DIG"}],"circlet_count":0,"master_deck":["Strike_P+1","Strike_P+1","Defend_P+1","Defend_P+1","Eruption+1","Vigilance+1","Seek+1","Perseverance+1","Pray+1","Prostrate+1","BattleHymn+1","Ragnarok+1","Pray+1","Prostrate+1","Sanctity+1","Panacea+1","LessonLearned+1","JustLucky+1","FlurryOfBlows+1","Collect+1","FlurryOfBlows+1","Evaluate+1","ReachHeaven+1","Devotion+1","Pray+1","DeusExMachina+1","REME_ProfessionalPlagiarism+1","Study","Weave"],"relics":["PureWater","REME_ComplimentaryCards","Orichalcum","Nunchaku","theJungle:ParSnip","Shovel","Centennial Puzzle","Bag of Preparation","Toxic Egg 2","War Paint","MealTicket","Strawberry","Black Star","Red Mask","Dream Catcher","Unceasing Top","Boot","Art of War","Anchor","Pear","Singing Bowl","REME_ArchaeologicalTools","TeardropLocket","Letter Opener"],"acts_visited":["Exordium","Exordium","TheBeyond","TheEnding"],"potions_floor_usage":[6,6,28,30,41,42,44,50,55,55,55],"damage_taken":[{"damage":0,"enemies":"Small Slimes","floor":1,"turns":2},{"damage":0,"enemies":"Cultist","floor":2,"turns":3},{"damage":1,"enemies":"Jaw Worm","floor":4,"turns":6},{"damage":0,"enemies":"Exordium Wildlife","floor":5,"turns":3},{"damage":28,"enemies":"Gremlin Nob","floor":6,"turns":3},{"damage":7,"enemies":"2 Fungi Beasts","floor":7,"turns":3},{"damage":11,"enemies":"3 Louse","floor":11,"turns":5},{"damage":3,"enemies":"Slime Boss","floor":16,"turns":5},{"damage":8,"enemies":"theJungle:MUSHROOMGANG","floor":18,"turns":4},{"damage":0,"enemies":"theJungle:5_Spyders","floor":22,"turns":4},{"damage":5,"enemies":"theJungle:JungleHuntersEncounter","floor":24,"turns":4},{"damage":1,"enemies":"theJungle:MamaSnecko","floor":27,"turns":4},{"damage":0,"enemies":"theJungle:Snecko_Cultist_And_Trap","floor":28,"turns":4},{"damage":0,"enemies":"theJungle:2_Snecko_Cultists","floor":29,"turns":2},{"damage":4,"enemies":"theJungle:Cassacara","floor":30,"turns":3},{"damage":5,"enemies":"theJungle:FunGuy","floor":33,"turns":6},{"damage":15,"enemies":"3 Darklings","floor":35,"turns":4},{"damage":3,"enemies":"Orb Walker","floor":37,"turns":3},{"damage":6,"enemies":"Spire Growth","floor":38,"turns":3},{"damage":20,"enemies":"Giant Head","floor":40,"turns":6},{"damage":0,"enemies":"Jaw Worm Horde","floor":41,"turns":2},{"damage":13,"enemies":"Reptomancer","floor":42,"turns":4},{"damage":11,"enemies":"Nemesis","floor":44,"turns":3},{"damage":2,"enemies":"4 Shapes","floor":45,"turns":3},{"damage":20,"enemies":"Donu and Deca","floor":50,"turns":6},{"damage":0,"enemies":"Shield and Spear","floor":54,"turns":3},{"damage":91,"enemies":"The Heart","floor":55,"turns":4}],"seed_played":"1406502883950020468","potions_obtained":[{"floor":2,"key":"Ambrosia"},{"floor":4,"key":"Strength Potion"},{"floor":5,"key":"BlessingOfTheForge"},{"floor":7,"key":"DuplicationPotion"},{"floor":24,"key":"AttackPotion"},{"floor":27,"key":"Fire Potion"},{"floor":29,"key":"Swift Potion"},{"floor":30,"key":"FearPotion"},{"floor":37,"key":"LiquidMemories"},{"floor":41,"key":"Strength Potion"},{"floor":42,"key":"BlessingOfTheForge"},{"floor":45,"key":"Regen Potion"},{"floor":54,"key":"Fire Potion"}],"is_trial":false,"path_per_floor":["M","M","?","M","M","E","M","R","T","R","M","R","?","$","R","B",null,"M","?","?","?","M","R","M","R","T","E","M","M","E","$","R","B",null,"M","?","M","M","$","E","M","E","T","E","M","?","?","?","R","B",null,"R","$","E","B"],"character_chosen":"WATCHER","items_purchased":["Sanctity","Nunchaku","Panacea","MealTicket","Study"],"campfire_rested":3,"item_purchase_floors":[14,14,14,31,53],"current_hp_per_floor":[72,72,72,71,71,43,36,57,57,57,46,46,35,35,56,53,72,64,64,54,44,44,44,39,60,60,59,59,59,55,55,62,57,79,64,64,61,55,70,50,50,37,37,36,36,59,59,59,59,54,91,91,91,91,0,0],"gold":176,"neow_bonus":"HUNDRED_GOLD","is_daily":false,"chose_seed":false,"campfire_upgraded":2,"win_rate":0.0,"timestamp":1608643386,"path_taken":["M","M","?","?","M","E","M","R","T","R","M","R","?","?","R","BOSS","M","?","?","?","M","R","M","R","T","E","M","M","E","$","R","BOSS","M","?","M","M","$","E","M","E","T","E","M","?","?","?","R","BOSS","R","$","E","BOSS"],"items_purchased_type":["Card","Relic","Card","Relic","Card"],"build_version":"2020-12-13","purchased_purges":2,"victory":false,"max_hp_per_floor":[72,72,72,72,72,72,72,72,72,72,72,72,72,72,72,72,72,72,72,72,72,72,72,72,72,72,72,72,72,72,72,79,79,79,79,79,79,79,79,79,79,79,79,89,91,91,91,91,91,91,91,91,91,91,91,91],"card_choices":[{"not_picked":["Meditate","Consecrate"],"picked":"Perseverance","floor":1},{"not_picked":["SashWhip","ClearTheMind"],"picked":"Pray","floor":2},{"not_picked":["ForeignInfluence","Crescendo"],"picked":"Prostrate","floor":4},{"not_picked":["Crescendo","PathToVictory"],"picked":"BattleHymn","floor":5},{"not_picked":["BowlingBash","REME_MusicOfDeath"],"picked":"Ragnarok","floor":6},{"not_picked":["Prostrate","Nirvana"],"picked":"Pray","floor":7},{"not_picked":["BowlingBash","Evaluate"],"picked":"Prostrate","floor":11},{"not_picked":["SpiritShield","REME_WorshipGod"],"picked":"LessonLearned","floor":16},{"not_picked":["TalkToTheHand","EmptyFist"],"picked":"JustLucky","floor":18},{"not_picked":["Protect","REME_Repentance","PathToVictory"],"picked":"SKIP","floor":22},{"not_picked":["Crescendo","Wireheading"],"picked":"FlurryOfBlows+1","floor":24},{"not_picked":["SignatureMove+1","BowlingBash"],"picked":"Collect+1","floor":27},{"not_picked":["JustLucky","Collect+1"],"picked":"FlurryOfBlows","floor":28},{"not_picked":["ClearTheMind+1","WreathOfFlame+1"],"picked":"Evaluate+1","floor":29},{"not_picked":["Omniscience+1","Wireheading"],"picked":"ReachHeaven+1","floor":30},{"not_picked":["Omniscience+1","REME_CRH+1"],"picked":"Devotion","floor":33},{"not_picked":["ThirdEye+1","ReachHeaven+1"],"picked":"Pray+1","floor":35},{"not_picked":["JustLucky","SashWhip+1","SignatureMove+1"],"picked":"SKIP","floor":37},{"not_picked":["Halt+1","InnerPeace+1","CutThroughFate+1"],"picked":"SKIP","floor":38},{"not_picked":["CutThroughFate","WheelKick","EmptyFist+1"],"picked":"SKIP","floor":40},{"not_picked":["CrushJoints","ClearTheMind+1","Indignation+1"],"picked":"SKIP","floor":41},{"not_picked":["SashWhip+1","WindmillStrike","ClearTheMind+1"],"picked":"SKIP","floor":42},{"not_picked":["InnerPeace+1","REME_WorshipGod+1"],"picked":"DeusExMachina+1","floor":44},{"not_picked":["SandsOfTime","Protect+1","CrushJoints+1"],"picked":"Singing Bowl","floor":45},{"not_picked":["REME_FirmDetermination","REME_AllRoundStrike"],"picked":"REME_ProfessionalPlagiarism+1","floor":48},{"not_picked":["WreathOfFlame+1","LessonLearned"],"picked":"Weave","floor":54}],"player_experience":467143,"relics_obtained":[{"floor":6,"key":"Orichalcum"},{"floor":23,"key":"Centennial Puzzle"},{"floor":26,"key":"Bag of Preparation"},{"floor":27,"key":"Toxic Egg 2"},{"floor":30,"key":"War Paint"},{"floor":32,"key":"Strawberry"},{"floor":40,"key":"Dream Catcher"},{"floor":40,"key":"Unceasing Top"},{"floor":42,"key":"Boot"},{"floor":42,"key":"Art of War"},{"floor":43,"key":"Anchor"},{"floor":44,"key":"Pear"},{"floor":44,"key":"Singing Bowl"},{"floor":52,"key":"REME_ArchaeologicalTools"},{"floor":54,"key":"TeardropLocket"},{"floor":54,"key":"Letter Opener"}],"event_choices":[{"cards_removed":["Defend_P"],"damage_healed":0,"gold_gain":0,"player_choice":"Offered Basic","damage_taken":0,"max_hp_gain":0,"max_hp_loss":0,"event_name":"Bonfire Elementals","floor":3,"gold_loss":0},{"damage_healed":0,"gold_gain":75,"player_choice":"Gather Gold","damage_taken":11,"max_hp_gain":0,"max_hp_loss":0,"event_name":"World of Goop","floor":13,"gold_loss":0},{"damage_healed":0,"gold_gain":0,"player_choice":"Paid","damage_taken":0,"relics_obtained":["Red Mask"],"max_hp_gain":0,"max_hp_loss":0,"event_name":"Tomb of Lord Red Mask","floor":36,"gold_loss":142},{"damage_healed":23,"gold_gain":0,"player_choice":"Writhe","damage_taken":0,"max_hp_gain":0,"max_hp_loss":0,"event_name":"Winding Halls","floor":46,"gold_loss":0,"cards_obtained":["Writhe"]},{"cards_removed":["Strike_P"],"damage_healed":0,"gold_gain":0,"player_choice":"Removed Attack","damage_taken":0,"max_hp_gain":0,"max_hp_loss":0,"event_name":"Falling","floor":47,"gold_loss":0},{"damage_healed":0,"gold_gain":0,"player_choice":"Memory 1","damage_taken":0,"max_hp_gain":0,"max_hp_loss":0,"event_name":"SensoryStone","floor":48,"gold_loss":0}],"is_beta":false,"boss_relics":[{"not_picked":["REME_DuelDisc","Snecko Eye","Ectoplasm"]},{"not_picked":["SacredBark","Tiny House"],"picked":"Black Star"}],"items_purged_floors":[14,53],"is_endless":false,"potions_floor_spawned":[2,4,5,7,24,27,29,30,37,38,41,42,45,54],"killed_by":"The Heart","ascension_level":1}}