{"host":"cojowzl7ldeir62o","time":1608638603,"event":{"mods":["BaseMod","Downfall","Lobotomy","LobotomyExtend","Marisa£®ÏF”Í°°ƒß¿Ì…≥£©","Minty Spire (QoL Compilation)","Quick Restart","Reimu£®≤©¿ˆ¡È√Œ£©","Remilia£®¿Ÿ√◊¿Ú—«£©","StSLib"],"gold_per_floor":[111,111,128,203,217,217,217],"floor_reached":6,"playtime":468,"items_purged":[],"score":36,"play_id":"33a08662-0784-49f5-b703-0cbfb48fd676","local_time":"20201222200323","is_ascension_mode":false,"campfire_choices":[],"circlet_count":0,"master_deck":["Strike_Lin:ReiMu","Strike_Lin:ReiMu","Strike_Lin:ReiMu","Strike_Lin:ReiMu","Defend_Lin:ReiMu","Defend_Lin:ReiMu","Defend_Lin:ReiMu","NB:ReiMu","Stagnation:ReiMu","Intuition:ReiMu","LovePray:ReiMu","Conquer:ReiMu"],"relics":["FlyPower:ReiMu","Vajra","LetterFromLob"],"acts_visited":["Exordium"],"potions_floor_usage":[6],"damage_taken":[{"damage":7.0,"enemies":"Jaw Worm","floor":1.0,"turns":4.0},{"damage":4.0,"enemies":"Cultist","floor":3.0,"turns":4.0},{"damage":9.0,"enemies":"Small Slimes","floor":5.0,"turns":8.0},{"damage":30,"enemies":"Lagavulin","floor":6,"turns":9}],"seed_played":"-3104648878456768983","potions_obtained":[{"floor":5.0,"key":"LiquidFlight:ReiMu"}],"is_trial":false,"path_per_floor":["M","?","M","?","M","E"],"character_chosen":"REIMU","items_purchased":[],"campfire_rested":0,"item_purchase_floors":[],"current_hp_per_floor":[58,58,54,43,34,4,4],"gold":217,"neow_bonus":"RANDOM_COMMON_RELIC","is_daily":false,"chose_seed":false,"campfire_upgraded":0,"win_rate":0.0,"timestamp":1608638603,"path_taken":["M","?","?","?","M","E"],"items_purchased_type":[],"build_version":"2020-12-13","purchased_purges":0,"victory":false,"max_hp_per_floor":[65,65,65,65,65,65,65],"card_choices":[{"not_picked":["SafetyPray:ReiMu","FantasyBorder:ReiMu"],"picked":"Intuition:ReiMu","floor":1.0},{"not_picked":["Enchanting:ReiMu","SpreadBorder2:ReiMu"],"picked":"LovePray:ReiMu","floor":3.0},{"not_picked":["PassingAway:ReiMu","AirManeuver:ReiMu"],"picked":"Conquer:ReiMu","floor":5.0}],"player_experience":192391,"relics_obtained":[{"floor":1.0,"key":"LetterFromLob"}],"event_choices":[{"cards_removed":["Defend_Lin:ReiMu"],"damage_healed":0.0,"max_hp_gain":0.0,"max_hp_loss":0.0,"gold_gain":0.0,"event_name":"Purifier","player_choice":"Purged","floor":2.0,"gold_loss":0.0,"damage_taken":0.0},{"damage_healed":0.0,"max_hp_gain":0.0,"max_hp_loss":0.0,"gold_gain":75.0,"event_name":"World of Goop","player_choice":"Gather Gold","floor":4.0,"gold_loss":0.0,"damage_taken":11.0}],"is_beta":false,"boss_relics":[],"items_purged_floors":[],"is_endless":false,"potions_floor_spawned":[5],"killed_by":"Lagavulin","ascension_level":0}}