{"host":"uiaocagxbjlinul0","time":1608610281,"event":{"mods":["Act Like it!","BaseMod","Better Match","Block Reminder","CapriCore","ChefMod","GifTheSpireLib","Hallownest","Hermit","Minty Spire (QoL Compilation)","Quick Restart","Robot Space Explorer","Shade Mod","StSLib","Stuff the Spire","The Animator","The Bug Knight","The Death Knight","The Dragon Tamer","The Forsaken","The Immortal","The Marked","TheSwordswoman","TheVacant","Wandering Minibosses"],"gold_per_floor":[114,114,126,164,164,198,126,126,151,187,187,226,226,226,226,327,327,280,280,205,205,222,266,266,266,266,284,328,29,29,55,55,161,186,100,0,4,4],"floor_reached":37,"playtime":2477,"items_purged":["animator:Strike","animator:Defend"],"score":497,"play_id":"e4e2a893-d89e-4392-9074-c6c1941f1c3f","local_time":"20201221201121","is_ascension_mode":true,"campfire_choices":[{"data":"animator:ElricAlphonse","floor":8.0,"key":"SMITH"},{"floor":13.0,"key":"REST"},{"data":"animator:Defend_FullmetalAlchemist","floor":15.0,"key":"SMITH"},{"floor":24,"key":"REST"},{"floor":30,"key":"REST"},{"floor":32,"key":"REST"}],"circlet_count":0,"master_deck":["animator:Strike_FullmetalAlchemist","animator:Defend_FullmetalAlchemist+1","animator:Defend","animator:ElricEdward","animator:ElricAlphonse+1","animator:CowGirl","animator:ElricEdward","animator:Lancer","animator:GuildGirl","animator:Fredrika","animator:ChaikaTrabant+1","animator:ElricEdward","animator:Hans","animator:Nanami+1","animator:ChaikaBohdan","animator:ChaikaTrabant","animator:Melzalgald+1","animator:Viivi","animator:Envy","Hallownest:pwrSporeShroom","animator:Viivi","animator:AcuraTooru+1","animator:Witch","animator:Gilgamesh+1","animator:TukaLunaMarceau"],"relics":["animator:LivingPicture","animator:TheMissingPiece","animator:PurgingStone","StuffTheSpire:Experiment12","HollowMod:PaleOreRelic","Ancient Tea Set","Red Skull","animator:Hoodie","Fusion Hammer","StuffTheSpire:CocoNut","Pantograph","DataDisk","Paper Crane","Sozu"],"acts_visited":["Exordium","Hallownest:CityofTears","Hallownest:KingdomsEdge"],"potions_floor_usage":[22,33,37],"damage_taken":[{"damage":5.0,"enemies":"Jaw Worm","floor":1.0,"turns":4.0},{"damage":2.0,"enemies":"Cultist","floor":3.0,"turns":3.0},{"damage":3.0,"enemies":"Small Slimes","floor":4.0,"turns":4.0},{"damage":18.0,"enemies":"Lagavulin","floor":6.0,"turns":5.0},{"damage":10.0,"enemies":"Gremlin Nob","floor":10.0,"turns":4.0},{"damage":9.0,"enemies":"3 Sentries","floor":12.0,"turns":6.0},{"damage":18,"enemies":"Slime Boss","floor":16,"turns":4},{"damage":16,"enemies":"Hallownest:Flukemon_and_Top","floor":18,"turns":5},{"damage":19,"enemies":"Hallownest:3_Youths","floor":22,"turns":6},{"damage":5,"enemies":"Hallownest:Nosk","floor":23,"turns":6},{"damage":2,"enemies":"Hallownest:monsterShrumalOgre","floor":27,"turns":4},{"damage":31,"enemies":"Hallownest:2_Husk_Sentries","floor":28,"turns":4},{"damage":14,"enemies":"Hallownest:eliteWatcherKnight","floor":31,"turns":9},{"damage":37,"enemies":"Hallownest:BossGrimm","floor":33,"turns":8},{"damage":27,"enemies":"Hallownest:Shield_Heavy","floor":35,"turns":7},{"damage":68,"enemies":"Hallownest:3_Siblings","floor":37,"turns":6}],"seed_played":"6411765982268399158","potions_obtained":[{"floor":6.0,"key":"DeathKnight:RimePotion"},{"floor":10.0,"key":"CultistPotion"},{"floor":16,"key":"EssenceOfSteel"},{"floor":22,"key":"DeathKnight:RimePotion"},{"floor":23,"key":"DeathKnight:BottledBloodEchoes"},{"floor":31,"key":"CultistPotion"}],"is_trial":false,"path_per_floor":["M","?","M","M","?","E","$","R","T","E","?","E","R","T","R","B",null,"M","?","?","?","M","E","R","?","T","M","M","$","R","E","R","B",null,"M","$","M"],"character_chosen":"THE_ANIMATOR","items_purchased":["animator:Hans","DataDisk","animator:Witch"],"campfire_rested":4,"item_purchase_floors":[7,29,29],"current_hp_per_floor":[61,61,59,56,57,39,39,39,39,29,29,20,40,40,40,22,67,51,51,51,51,33,35,57,53,53,53,24,24,46,34,56,40,75,50,50,0,0],"gold":4,"neow_bonus":"TRANSFORM_CARD","is_daily":false,"chose_seed":false,"campfire_upgraded":2,"win_rate":0.0,"timestamp":1608610281,"path_taken":["M","?","?","M","?","E","?","R","T","E","?","E","R","?","R","BOSS","M","?","?","?","?","E","R","?","T","?","M","$","R","E","R","BOSS","M","$","M"],"items_purchased_type":["Card","Relic","Card"],"build_version":"2020-12-13","purchased_purges":2,"victory":false,"max_hp_per_floor":[66,66,66,66,67,67,67,67,67,67,67,67,67,67,67,67,67,67,67,67,67,68,75,75,75,75,75,75,75,75,75,75,75,75,75,75,75,75],"card_choices":[{"not_picked":["animator:TukaLunaMarceau","animator:AcuraAkari"],"picked":"animator:ElricEdward","floor":1.0},{"not_picked":["animator:AcuraTooru","animator:TukaLunaMarceau"],"picked":"animator:GuildGirl","floor":3.0},{"not_picked":["animator:SilverFang","animator:Kuribayashi"],"picked":"animator:Fredrika","floor":4.0},{"not_picked":["animator:Wiz+1","animator:Eris+1"],"picked":"animator:ChaikaTrabant+1","floor":5.0},{"not_picked":["animator:Sloth","animator:Pride"],"picked":"animator:ElricEdward","floor":6.0},{"not_picked":["animator:Priestess","animator:ShinjiMatou"],"picked":"animator:Nanami","floor":10.0},{"not_picked":["animator:Tet","animator:Bozes"],"picked":"animator:ChaikaBohdan","floor":12.0},{"not_picked":["animator:HigakiRinne","animator:ItamiYouji"],"picked":"animator:ChaikaTrabant","floor":16},{"not_picked":["animator:MumenRider","animator:TsurugaMeisai","animator:Priestess"],"picked":"SKIP","floor":18},{"not_picked":["animator:Scar+1","animator:RinTohsaka+1"],"picked":"animator:Melzalgald+1","floor":20},{"not_picked":["animator:Guy","animator:NivaLada"],"picked":"animator:Viivi","floor":22},{"not_picked":["animator:YaoHaDucy","animator:Fredrika"],"picked":"animator:Envy","floor":23},{"not_picked":["animator:Alexander","animator:Shichika+1"],"picked":"animator:Viivi","floor":27},{"not_picked":["animator:TukaLunaMarceau+1","animator:Alexander+1"],"picked":"animator:AcuraTooru+1","floor":28},{"not_picked":["animator:ItamiYouji","animator:Greed"],"picked":"animator:Gilgamesh","floor":33},{"not_picked":["animator:MaesHughes","animator:Genos"],"picked":"animator:TukaLunaMarceau","floor":35}],"player_experience":192268,"relics_obtained":[{"floor":6.0,"key":"StuffTheSpire:Experiment12"},{"floor":9.0,"key":"HollowMod:PaleOreRelic"},{"floor":10.0,"key":"Ancient Tea Set"},{"floor":12.0,"key":"Red Skull"},{"floor":14.0,"key":"animator:Hoodie"},{"floor":23,"key":"StuffTheSpire:CocoNut"},{"floor":26,"key":"Pantograph"},{"floor":31,"key":"Paper Crane"}],"event_choices":[{"damage_healed":0.0,"max_hp_gain":0.0,"max_hp_loss":0.0,"gold_gain":0.0,"cards_transformed":["animator:Defend"],"event_name":"Transmorgrifier","player_choice":"Transformed","floor":2.0,"gold_loss":0.0,"damage_taken":0.0,"cards_obtained":["animator:Lancer"]},{"damage_healed":0.0,"max_hp_gain":0.0,"max_hp_loss":0.0,"gold_gain":0.0,"event_name":"betterMatch:BetterMatch","player_choice":"2","floor":5.0,"gold_loss":0.0,"damage_taken":0.0,"cards_obtained":["betterMatch:RareCard"]},{"damage_healed":0.0,"max_hp_gain":0.0,"max_hp_loss":0.0,"gold_gain":0.0,"event_name":"Living Wall","player_choice":"Grow","floor":11.0,"gold_loss":0.0,"damage_taken":0.0,"cards_upgraded":["animator:Nanami"]},{"damage_healed":0,"gold_gain":0,"player_choice":"2","damage_taken":0,"max_hp_gain":0,"max_hp_loss":0,"event_name":"betterMatch:BetterMatch","floor":20,"gold_loss":0,"cards_obtained":["betterMatch:UncommonCard"]}],"is_beta":false,"boss_relics":[{"not_picked":["animator:RacePiece","Black Star"],"picked":"Fusion Hammer"},{"not_picked":["animator:HolyGrailRelic","Velvet Choker"],"picked":"Sozu"}],"items_purged_floors":[29,36],"is_endless":false,"potions_floor_spawned":[6,10,16,22,23,31],"killed_by":"Hallownest:3_Siblings","ascension_level":4}}