{"host":"15dd7v8o90xso62x","time":1608598688,"event":{"mods":["BaseMod","Minty Spire (QoL Compilation)","Quick Restart","StSLib"],"gold_per_floor":[117,129,54,70,87,116,116,147,147,182,211,44,55,73,73,148,148,166,34,44,44,56,56,56],"floor_reached":23,"playtime":828,"items_purged":["Sunder"],"score":487,"play_id":"7e866f37-0c25-4713-876b-a08a9b5c5a3b","local_time":"20201222095808","is_ascension_mode":true,"campfire_choices":[{"data":"Zap","floor":7.0,"key":"SMITH"},{"data":"Dualcast","floor":15.0,"key":"SMITH"}],"circlet_count":0,"master_deck":["AscendersBane","Strike_B","Strike_B","Defend_B","Defend_B","Defend_B","Defend_B","Zap+1","Dualcast+1","BootSequence","Doom and Gloom","Coolheaded","Conserve Battery","Biased Cognition","Stack+1","Leap+1","Redo+1","Coolheaded+1"],"relics":["Cracked Core","NeowsBlessing","Vajra","StrikeDummy","Toxic Egg 2","Darkstone Periapt","Odd Mushroom","DataDisk","Busted Crown"],"acts_visited":["Exordium","TheCity"],"potions_floor_usage":[],"damage_taken":[{"damage":0.0,"enemies":"Cultist","floor":1.0,"turns":1.0},{"damage":0.0,"enemies":"Small Slimes","floor":2.0,"turns":1.0},{"damage":0.0,"enemies":"Jaw Worm","floor":4.0,"turns":1.0},{"damage":3.0,"enemies":"Blue Slaver","floor":5.0,"turns":3.0},{"damage":16.0,"enemies":"Gremlin Nob","floor":6.0,"turns":3.0},{"damage":0.0,"enemies":"3 Sentries","floor":8.0,"turns":6.0},{"damage":0.0,"enemies":"Gremlin Nob","floor":10.0,"turns":3.0},{"damage":19.0,"enemies":"The Mushroom Lair","floor":11.0,"turns":4.0},{"damage":0.0,"enemies":"Lots of Slimes","floor":13.0,"turns":3.0},{"damage":0.0,"enemies":"Large Slime","floor":14.0,"turns":3.0},{"damage":29.0,"enemies":"The Guardian","floor":16.0,"turns":11.0},{"damage":12.0,"enemies":"2 Thieves","floor":18.0,"turns":3.0},{"damage":7.0,"enemies":"Chosen","floor":20.0,"turns":5.0},{"damage":8,"enemies":"Centurion and Healer","floor":22,"turns":8},{"damage":35,"enemies":"Slavers","floor":23,"turns":5}],"seed_played":"-3315261255359085824","potions_obtained":[{"floor":1.0,"key":"Fire Potion"},{"floor":4.0,"key":"EssenceOfSteel"},{"floor":6.0,"key":"Energy Potion"},{"floor":8.0,"key":"DistilledChaos"},{"floor":14.0,"key":"Regen Potion"},{"floor":22,"key":"SteroidPotion"}],"is_trial":false,"path_per_floor":["M","M","?","M","M","E","R","E","T","E","?","$","M","M","R","B",null,"M","$","M","?","M","E"],"character_chosen":"DEFECT","items_purchased":["DataDisk","Redo+1"],"campfire_rested":0,"item_purchase_floors":[12,19],"current_hp_per_floor":[64,64,64,64,61,45,45,45,45,45,26,26,26,26,26,12,56,44,44,37,37,29,0,0],"gold":56,"neow_bonus":"THREE_ENEMY_KILL","is_daily":false,"chose_seed":false,"campfire_upgraded":2,"win_rate":0.0,"timestamp":1608598688,"path_taken":["M","?","?","M","M","E","R","E","T","E","?","?","M","M","R","BOSS","M","$","M","?","M","E"],"items_purchased_type":["Relic","Card"],"build_version":"2020-12-13","purchased_purges":1,"victory":false,"max_hp_per_floor":[71,71,71,71,71,71,71,71,71,71,71,71,71,71,71,71,71,71,71,71,71,71,71,71],"card_choices":[{"not_picked":["Chaos","Gash"],"picked":"BootSequence","floor":1.0},{"not_picked":["Capacitor","Barrage"],"picked":"Sunder","floor":2.0},{"not_picked":["Aggregate","Steam"],"picked":"Doom and Gloom","floor":4.0},{"not_picked":["Streamline","Darkness"],"picked":"Coolheaded","floor":5.0},{"not_picked":["Rebound","Steam"],"picked":"Conserve Battery","floor":6.0},{"not_picked":["Redo","Stack"],"picked":"Biased Cognition","floor":8.0},{"not_picked":["BootSequence+1","Barrage","Steam+1"],"picked":"SKIP","floor":10.0},{"not_picked":["Storm","Cold Snap"],"picked":"Stack+1","floor":11.0},{"not_picked":["Steam+1","Static Discharge"],"picked":"Leap+1","floor":13.0},{"not_picked":["BootSequence+1","Scrape","Sweeping Beam"],"picked":"SKIP","floor":14.0},{"not_picked":["Loop"],"picked":"SKIP","floor":18.0},{"not_picked":["Force Field+1"],"picked":"SKIP","floor":20.0},{"not_picked":[],"picked":"Coolheaded+1","floor":22}],"player_experience":936552,"relics_obtained":[{"floor":6.0,"key":"Vajra"},{"floor":8.0,"key":"StrikeDummy"},{"floor":9.0,"key":"Toxic Egg 2"},{"floor":10.0,"key":"Darkstone Periapt"},{"floor":11.0,"key":"Odd Mushroom"}],"event_choices":[{"cards_removed":["Strike_B"],"damage_healed":0.0,"max_hp_gain":0.0,"max_hp_loss":0.0,"gold_gain":0.0,"event_name":"The Cleric","player_choice":"Card Removal","floor":3.0,"gold_loss":75.0,"damage_taken":0.0},{"damage_healed":0.0,"max_hp_gain":0.0,"max_hp_loss":0.0,"gold_gain":0.0,"event_name":"Mushrooms","player_choice":"Fought Mushrooms","floor":11.0,"gold_loss":0.0,"damage_taken":0.0},{"cards_removed":["Strike_B"],"damage_healed":0,"gold_gain":0,"player_choice":"Elegance","damage_taken":0,"max_hp_gain":0,"max_hp_loss":0,"event_name":"Back to Basics","floor":21,"gold_loss":0}],"is_beta":false,"boss_relics":[{"not_picked":["Cursed Key","Snecko Eye"],"picked":"Busted Crown"}],"items_purged_floors":[19],"is_endless":false,"potions_floor_spawned":[1,4,6,8,14,22],"killed_by":"Slavers","ascension_level":17}}