{"host":"26je6g5b6jsd0prz","time":1608633165,"event":{"mods":["AchievementEnabler","BaseMod","Colored Map","Minty Spire (QoL Compilation)"],"gold_per_floor":[118,293,243,255,282,282,299,299,299,299,317,168,168,204,204,204,204],"floor_reached":16,"playtime":614,"items_purged":[],"score":98,"play_id":"b85fb1be-63e1-46b8-aa5c-dc71b22f4c9e","local_time":"20201222193245","is_ascension_mode":false,"campfire_choices":[{"data":"Loop","floor":6,"key":"SMITH"},{"data":"Genetic Algorithm","floor":8,"key":"SMITH"},{"data":"Darkness","floor":15,"key":"SMITH"}],"circlet_count":0,"master_deck":["Strike_B","Strike_B","Strike_B","Strike_B","Defend_B","Defend_B","Defend_B","Zap","Dualcast","Loop+1","Genetic Algorithm+1","Leap","Static Discharge","Darkness+1","Stack","Ball Lightning","Streamline","Reboot","Injury","Meteor Strike"],"relics":["Nuclear Battery","Boot","InkBottle","Orrery","Golden Idol","Happy Flower"],"acts_visited":["Exordium"],"potions_floor_usage":[7,16],"damage_taken":[{"damage":1,"enemies":"2 Louse","floor":1,"turns":3},{"damage":3,"enemies":"Jaw Worm","floor":4,"turns":5},{"damage":0,"enemies":"Cultist","floor":7,"turns":3},{"damage":20,"enemies":"3 Louse","floor":11,"turns":5},{"damage":10,"enemies":"3 Sentries","floor":14,"turns":6},{"damage":34,"enemies":"The Guardian","floor":16,"turns":5}],"seed_played":"-3394677222525123200","potions_obtained":[{"floor":1,"key":"AttackPotion"},{"floor":7,"key":"FocusPotion"}],"is_trial":false,"path_per_floor":["M","?","?","M","T","R","M","R","T","?","M","$","?","E","R","B"],"character_chosen":"DEFECT","items_purchased":["Orrery"],"campfire_rested":0,"item_purchase_floors":[12],"current_hp_per_floor":[74,74,74,71,71,71,71,71,71,64,44,44,44,34,34,0,0],"gold":204,"neow_bonus":"BOSS_RELIC","is_daily":false,"chose_seed":false,"campfire_upgraded":3,"win_rate":0.0,"timestamp":1608633165,"path_taken":["M","?","?","M","?","R","?","R","T","?","M","$","?","E","R","BOSS"],"items_purchased_type":["Relic"],"build_version":"2020-12-13","purchased_purges":0,"victory":false,"max_hp_per_floor":[75,75,75,75,75,75,75,75,75,75,75,75,75,75,75,75,75],"card_choices":[{"not_picked":["Glacier","Scrape"],"picked":"Loop","floor":1},{"not_picked":["Stack","Ball Lightning"],"picked":"Genetic Algorithm","floor":4},{"not_picked":["Steam","Double Energy"],"picked":"Leap","floor":7},{"not_picked":["Hologram","Turbo"],"picked":"Static Discharge","floor":11},{"not_picked":["Beam Cell","Cold Snap"],"picked":"Darkness","floor":12},{"not_picked":["Turbo","Genetic Algorithm"],"picked":"Stack","floor":12},{"not_picked":["Rip and Tear","Steam"],"picked":"Ball Lightning","floor":12},{"not_picked":["Heatsinks","Static Discharge"],"picked":"Streamline","floor":12},{"not_picked":["Go for the Eyes","Redo"],"picked":"Reboot","floor":12},{"not_picked":["Reinforced Body","Consume"],"picked":"Meteor Strike","floor":14}],"player_experience":165840,"relics_obtained":[{"floor":5,"key":"Boot"},{"floor":9,"key":"InkBottle"},{"floor":14,"key":"Happy Flower"}],"event_choices":[{"damage_healed":0,"gold_gain":175,"player_choice":"AGREE","damage_taken":0,"max_hp_gain":0,"max_hp_loss":0,"event_name":"Liars Game","floor":2,"gold_loss":0,"cards_obtained":["Doubt"]},{"cards_removed":["Doubt"],"damage_healed":0,"gold_gain":0,"player_choice":"Card Removal","damage_taken":0,"max_hp_gain":0,"max_hp_loss":0,"event_name":"The Cleric","floor":3,"gold_loss":50},{"cards_removed":["Defend_B"],"damage_healed":0,"gold_gain":0,"player_choice":"Card Removal","damage_taken":7,"max_hp_gain":0,"max_hp_loss":0,"event_name":"Golden Wing","floor":10,"gold_loss":0},{"damage_healed":0,"gold_gain":0,"player_choice":"Take Wound","damage_taken":0,"relics_obtained":["Golden Idol"],"max_hp_gain":0,"max_hp_loss":0,"event_name":"Golden Idol","floor":13,"gold_loss":0,"cards_obtained":["Injury"]}],"is_beta":false,"boss_relics":[],"items_purged_floors":[],"is_endless":false,"potions_floor_spawned":[1,7],"killed_by":"The Guardian","ascension_level":0}}