{"host":"3jjxuhjpio8e4zkv","time":1608599794,"event":{"mods":["BaseMod","Colored Map","Minty Spire (QoL Compilation)","Permanent Neow","Relic Stats","StSLib"],"gold_per_floor":[18,31,46,57,74,103,123,173,173,173,42,74,74,74,74,74,74],"floor_reached":16,"playtime":414,"items_purged":["Strike_B"],"score":224,"play_id":"163a187b-d2ae-4f6c-bb7f-b20f41b1fc97","local_time":"20201221201634","is_ascension_mode":true,"campfire_choices":[{"floor":10,"key":"REST"},{"data":"Sunder","floor":13,"key":"SMITH"},{"floor":15,"key":"REST"}],"circlet_count":0,"master_deck":["AscendersBane","Strike_B","Strike_B","Strike_B","Defend_B","Defend_B","Defend_B","Defend_B","Zap","Dualcast","Streamline","Doom and Gloom","Cold Snap","Lockon","Consume","Tempest","Sunder+1","Conserve Battery","Compile Driver"],"relics":["Cracked Core","Incense Burner","Centennial Puzzle","Vajra","Frozen Egg 2"],"acts_visited":["Exordium"],"potions_floor_usage":[6,16],"damage_taken":[{"damage":9,"enemies":"Jaw Worm","floor":1,"turns":4},{"damage":0,"enemies":"Cultist","floor":2,"turns":3},{"damage":0,"enemies":"2 Louse","floor":3,"turns":2},{"damage":6,"enemies":"Exordium Thugs","floor":4,"turns":5},{"damage":12,"enemies":"Red Slaver","floor":5,"turns":3},{"damage":13,"enemies":"3 Sentries","floor":6,"turns":4},{"damage":6,"enemies":"Looter","floor":7,"turns":4},{"damage":15,"enemies":"Lagavulin","floor":12,"turns":6},{"damage":50,"enemies":"The Guardian","floor":16,"turns":8}],"seed_played":"982621488369853004","potions_obtained":[{"floor":1,"key":"SteroidPotion"},{"floor":3,"key":"Weak Potion"},{"floor":5,"key":"Fruit Juice"}],"is_trial":false,"path_per_floor":["M","M","M","M","M","E","M","?","T","R","$","E","R","$","R","B"],"character_chosen":"DEFECT","items_purchased":["Conserve Battery"],"campfire_rested":2,"item_purchase_floors":[11],"current_hp_per_floor":[55,55,55,49,37,24,18,18,18,39,39,24,24,24,45,0,0],"gold":74,"neow_bonus":"ONE_RARE_RELIC","is_daily":false,"chose_seed":false,"campfire_upgraded":1,"win_rate":0.0,"timestamp":1608599794,"path_taken":["M","M","M","M","M","E","M","?","T","R","?","E","R","$","R","BOSS"],"items_purchased_type":["Card"],"build_version":"2020-12-13","purchased_purges":1,"victory":false,"max_hp_per_floor":[71,71,71,71,71,71,71,71,71,71,71,71,71,71,71,76,76],"relic_stats":{"Centennial Puzzle":[9],"counters":[9,39],"obtain_stats":[{"Centennial Puzzle":6,"Vajra":9,"Incense Burner":0,"Frozen Egg 2":12,"Cracked Core":0},{"Centennial Puzzle":6,"Vajra":7,"Incense Burner":0,"Frozen Egg 2":8,"Cracked Core":0},{"Centennial Puzzle":21,"Vajra":25,"Incense Burner":0,"Frozen Egg 2":31,"Cracked Core":0}]},"card_choices":[{"not_picked":["Rebound","Reprogram"],"picked":"Streamline","floor":1},{"not_picked":["Defragment","Cold Snap"],"picked":"Doom and Gloom","floor":2},{"not_picked":["Conserve Battery","Steam"],"picked":"Cold Snap","floor":3},{"not_picked":["Leap","Conserve Battery"],"picked":"Lockon","floor":4},{"not_picked":["Gash","Compile Driver"],"picked":"Consume","floor":5},{"not_picked":["Defragment","Amplify"],"picked":"Tempest","floor":6},{"not_picked":["Auto Shields","Steam Power"],"picked":"Sunder","floor":7},{"not_picked":["Go for the Eyes","Reboot"],"picked":"Compile Driver","floor":12}],"player_experience":1089129,"relics_obtained":[{"floor":6,"key":"Centennial Puzzle"},{"floor":9,"key":"Vajra"},{"floor":12,"key":"Frozen Egg 2"}],"event_choices":[{"damage_healed":0,"gold_gain":50,"player_choice":"Pray","damage_taken":0,"max_hp_gain":0,"max_hp_loss":0,"event_name":"Golden Shrine","floor":8,"gold_loss":0}],"is_beta":false,"boss_relics":[],"items_purged_floors":[11],"is_endless":false,"potions_floor_spawned":[1,3,5],"killed_by":"The Guardian","ascension_level":20}}