{"host":"2e3z4r48quhw80cc","time":1608653254,"event":{"mods":["BaseMod","Minty Spire (QoL Compilation)","Quick Restart","StSLib","SuperFastMode"],"gold_per_floor":[110,110,110,121,121,121,136,174,174,214,20,20,34,59,59,182,182,198,123,141,141,165,165,165],"floor_reached":23,"playtime":800,"items_purged":[],"score":377,"play_id":"0a3ece47-17c8-4004-be36-86a5874b9886","local_time":"20201223010734","is_ascension_mode":true,"campfire_choices":[{"floor":6.0,"key":"REST"},{"floor":12.0,"key":"REST"},{"data":"Buffer","floor":15.0,"key":"SMITH"}],"circlet_count":0,"master_deck":["AscendersBane","Strike_B","Strike_B","Strike_B","Strike_B","Defend_B","Defend_B","Defend_B","Zap+1","Dualcast","Echo Form","FTL","Streamline","Buffer+1","Reinforced Body","Storm","Barrage","Leap","Biased Cognition","Conserve Battery","Chaos"],"relics":["Cracked Core","Golden Idol","Girya","Meat on the Bone","HornCleat","Runic Capacitor","Black Star","Question Card"],"acts_visited":["Exordium","TheCity"],"potions_floor_usage":[],"damage_taken":[{"damage":10.0,"enemies":"Cultist","floor":1.0,"turns":5.0},{"damage":9.0,"enemies":"Jaw Worm","floor":4.0,"turns":4.0},{"damage":4.0,"enemies":"Small Slimes","floor":7.0,"turns":2.0},{"damage":32.0,"enemies":"Gremlin Nob","floor":8.0,"turns":4.0},{"damage":5.0,"enemies":"Lagavulin","floor":10.0,"turns":6.0},{"damage":1.0,"enemies":"Looter","floor":13.0,"turns":4.0},{"damage":9.0,"enemies":"Exordium Thugs","floor":14.0,"turns":4.0},{"damage":0.0,"enemies":"The Guardian","floor":16.0,"turns":10.0},{"damage":0.0,"enemies":"Chosen","floor":18.0,"turns":6.0},{"damage":36.0,"enemies":"3 Byrds","floor":20.0,"turns":6.0},{"damage":18.0,"enemies":"Cultist and Chosen","floor":22.0,"turns":8.0},{"damage":0,"enemies":"Gremlin Leader","floor":23,"turns":1}],"seed_played":"-2337331355331727415","potions_obtained":[{"floor":3.0,"key":"PotionOfCapacity"},{"floor":3.0,"key":"DuplicationPotion"},{"floor":3.0,"key":"CultistPotion"},{"floor":4.0,"key":"EssenceOfSteel"},{"floor":18.0,"key":"SteroidPotion"},{"floor":22.0,"key":"Dexterity Potion"}],"is_trial":false,"path_per_floor":["M","?","?","M","?","R","M","E","T","E","$","R","M","M","R","B",null,"M","?","M","T","M","E"],"character_chosen":"DEFECT","items_purchased":["Storm","Runic Capacitor"],"campfire_rested":2,"item_purchase_floors":[11,11],"current_hp_per_floor":[58,58,58,49,32,52,48,16,16,23,23,43,42,45,45,45,62,62,62,38,38,32,32,32],"gold":165,"neow_bonus":"THREE_RARE_CARDS","is_daily":false,"chose_seed":false,"campfire_upgraded":1,"win_rate":0.0,"timestamp":1608653254,"path_taken":["M","?","?","?","?","R","M","E","T","E","$","R","M","M","R","BOSS","M","?","M","?","M","E"],"items_purchased_type":["Card","Relic"],"build_version":"2020-12-13","purchased_purges":0,"victory":false,"max_hp_per_floor":[68,68,68,68,68,68,68,68,68,68,68,68,68,68,68,68,68,68,68,68,68,68,68,68],"card_choices":[{"not_picked":["Creative AI","Fission"],"picked":"Echo Form","floor":0.0},{"not_picked":["Compile Driver","Turbo"],"picked":"FTL","floor":1.0},{"not_picked":["Go for the Eyes","Streamline","Hologram"],"picked":"SKIP","floor":4.0},{"not_picked":["Go for the Eyes","Hologram"],"picked":"Streamline","floor":4.0},{"not_picked":["Rip and Tear","Rebound","Stack"],"picked":"SKIP","floor":7.0},{"not_picked":["Stack","Rebound"],"picked":"Buffer","floor":8.0},{"not_picked":["Doom and Gloom","Hello World"],"picked":"Reinforced Body","floor":10.0},{"not_picked":["Gash","Turbo"],"picked":"Barrage","floor":13.0},{"not_picked":["Ball Lightning","Reinforced Body"],"picked":"Leap","floor":14.0},{"not_picked":["Rainbow","Electrodynamics"],"picked":"Biased Cognition","floor":16.0},{"not_picked":["Rip and Tear","Ball Lightning"],"picked":"Conserve Battery","floor":18.0},{"not_picked":["Scrape","Rebound","Steam"],"picked":"SKIP","floor":20.0},{"not_picked":["Stack","Recycle+1","Steam"],"picked":"Chaos","floor":22.0}],"player_experience":71782,"relics_obtained":[{"floor":8.0,"key":"Girya"},{"floor":9.0,"key":"Meat on the Bone"},{"floor":10.0,"key":"HornCleat"},{"floor":21.0,"key":"Question Card"}],"event_choices":[{"damage_healed":0.0,"max_hp_gain":0.0,"max_hp_loss":0.0,"gold_gain":0.0,"event_name":"Living Wall","player_choice":"Grow","floor":2.0,"gold_loss":0.0,"damage_taken":0.0,"cards_upgraded":["Zap"]},{"damage_healed":0.0,"max_hp_gain":0.0,"max_hp_loss":0.0,"gold_gain":0.0,"event_name":"Lab","player_choice":"Got Potions","floor":3.0,"gold_loss":0.0,"damage_taken":0.0},{"damage_healed":0.0,"max_hp_gain":0.0,"max_hp_loss":0.0,"gold_gain":0.0,"event_name":"Golden Idol","player_choice":"Take Damage","floor":5.0,"gold_loss":0.0,"damage_taken":17.0,"relics_obtained":["Golden Idol"]},{"cards_removed":["Defend_B"],"damage_healed":0.0,"max_hp_gain":0.0,"max_hp_loss":0.0,"gold_gain":0.0,"event_name":"Beggar","player_choice":"Gave Gold","floor":19.0,"gold_loss":75.0,"damage_taken":0.0}],"is_beta":false,"boss_relics":[{"not_picked":["Sozu","Snecko Eye"],"picked":"Black Star"}],"items_purged_floors":[],"is_endless":false,"potions_floor_spawned":[4,10,18,22],"killed_by":"Gremlin Leader","ascension_level":10}}