{"host":"30jsp143e4v19aze","time":1608660159,"event":{"mods":["BaseMod","Colored Map","Colored Powertips","Curses Come First","DeckTracker","Highlight Path","Minty Spire (QoL Compilation)","Quick Restart","Relic Stats","StSLib"],"gold_per_floor":[110,110,129,148,73,73,86,150,174,203,203,16,16,81,81,81,81],"floor_reached":16,"playtime":717,"items_purged":[],"score":253,"play_id":"f7dbd6f7-d02a-42ab-b947-7f57294da743","local_time":"20201222190239","is_ascension_mode":true,"campfire_choices":[{"data":"Skewer","floor":6,"key":"SMITH"},{"data":"Storm of Steel","floor":13,"key":"SMITH"},{"data":"HandOfGreed","floor":15,"key":"SMITH"}],"circlet_count":0,"master_deck":["AscendersBane","Strike_G","Strike_G","Strike_G","Defend_G","Defend_G","Defend_G","Defend_G","Defend_G","Survivor","Neutralize","Sucker Punch","Skewer+1","Blade Dance","Flying Knee","Storm of Steel+1","HandOfGreed+1","PiercingWail"],"relics":["Busted Crown","PreservedInsect","Strawberry","Nunchaku","Meat on the Bone"],"acts_visited":["Exordium"],"potions_floor_usage":[7,8,16],"damage_taken":[{"damage":4,"enemies":"Jaw Worm","floor":1,"turns":6},{"damage":1,"enemies":"Cultist","floor":3,"turns":4},{"damage":1,"enemies":"Small Slimes","floor":4,"turns":3},{"damage":13,"enemies":"Exordium Thugs","floor":7,"turns":5},{"damage":17,"enemies":"Lagavulin Event","floor":8,"turns":4},{"damage":0,"enemies":"Gremlin Nob","floor":10,"turns":3},{"damage":17,"enemies":"3 Sentries","floor":14,"turns":8},{"damage":31,"enemies":"The Guardian","floor":16,"turns":13}],"seed_played":"3291817142129672106","potions_obtained":[{"floor":3,"key":"CultistPotion"},{"floor":4,"key":"LiquidMemories"},{"floor":8,"key":"Regen Potion"}],"is_trial":false,"path_per_floor":["M","?","M","M","?","R","M","?","T","E","?","$","R","E","R","B"],"character_chosen":"THE_SILENT","items_purchased":["HandOfGreed"],"campfire_rested":0,"item_purchase_floors":[12],"current_hp_per_floor":[55,55,54,53,53,53,40,23,30,30,30,30,30,13,13,0,0],"gold":81,"neow_bonus":"BOSS_RELIC","is_daily":false,"chose_seed":false,"campfire_upgraded":3,"win_rate":0.0,"timestamp":1608660159,"path_taken":["M","?","?","M","?","R","M","?","T","E","?","$","R","E","R","BOSS"],"items_purchased_type":["Card"],"build_version":"2020-12-13","purchased_purges":0,"victory":false,"max_hp_per_floor":[66,66,66,66,66,66,66,66,73,73,73,73,73,73,73,73,73],"relic_stats":{"Nunchaku":[3],"Busted Crown":14,"counters":[8,46],"PreservedInsect":57,"obtain_stats":[{"Nunchaku":10,"Busted Crown":0,"Strawberry":9,"PreservedInsect":8,"Ring of the Snake":0,"Meat on the Bone":14},{"Nunchaku":6,"Busted Crown":0,"Strawberry":5,"PreservedInsect":5,"Ring of the Snake":0,"Meat on the Bone":7},{"Nunchaku":25,"Busted Crown":0,"Strawberry":22,"PreservedInsect":22,"Ring of the Snake":0,"Meat on the Bone":33}],"Meat on the Bone":0},"card_choices":[{"not_picked":[],"picked":"Sucker Punch","floor":1},{"not_picked":[],"picked":"Skewer","floor":3},{"not_picked":["Deflect"],"picked":"SKIP","floor":4},{"not_picked":[],"picked":"Blade Dance","floor":7},{"not_picked":[],"picked":"Flying Knee","floor":8},{"not_picked":["Bane"],"picked":"SKIP","floor":10},{"not_picked":[],"picked":"PiercingWail","floor":14}],"player_experience":3057129,"relics_obtained":[{"floor":8,"key":"PreservedInsect"},{"floor":9,"key":"Strawberry"},{"floor":10,"key":"Nunchaku"},{"floor":14,"key":"Meat on the Bone"}],"event_choices":[{"damage_healed":0,"gold_gain":0,"player_choice":"0 cards matched","damage_taken":0,"max_hp_gain":0,"max_hp_loss":0,"event_name":"Match and Keep!","floor":2,"gold_loss":0,"cards_obtained":[]},{"cards_removed":["Strike_G"],"damage_healed":0,"gold_gain":0,"player_choice":"Card Removal","damage_taken":0,"max_hp_gain":0,"max_hp_loss":0,"event_name":"The Cleric","floor":5,"gold_loss":75},{"damage_healed":0,"gold_gain":0,"player_choice":"Searched \u00271\u0027 times","damage_taken":0,"max_hp_gain":0,"max_hp_loss":0,"event_name":"Dead Adventurer","floor":8,"gold_loss":0},{"damage_healed":0,"gold_gain":0,"cards_transformed":["Strike_G"],"player_choice":"Change","damage_taken":0,"max_hp_gain":0,"max_hp_loss":0,"event_name":"Living Wall","floor":11,"gold_loss":0,"cards_obtained":["Storm of Steel"]}],"is_beta":false,"boss_relics":[],"items_purged_floors":[],"is_endless":false,"potions_floor_spawned":[3,4,8],"killed_by":"The Guardian","ascension_level":18}}