{"host":"npubv26u89aif4fa","time":1608625558,"event":{"mods":["Astrologer","BaseMod","Better Vampires","Better-Laid Plans","Colored Powertips","GifTheSpireLib","GungeonMod","HornydragonMod","Hubris","Jedi Mod","KinomotoSakuraMod(木之本樱)","Minty Spire (QoL Compilation)","Nova Terra(诺娃・泰拉)","Quick Restart","Remilia（蕾米莉亚）","Replay The Spire","StSLib","Td1madao Mod","The Administrix","The Alterego","The Bug Knight","The Cursed","The Dragon Tamer","The Hayseed","The Mystic","The Runesmith","TheWitcher","Yuri Mod","Yuyuko","【东方二次创作】八云紫mod"],"gold_per_floor":[16,31,44,44,64,64,97,97,97,97,152,172,199,212,212,312,312,323,323,337,351,351,351],"floor_reached":22,"playtime":1541,"items_purged":[],"score":198,"play_id":"3e669208-c1f5-4688-914f-8eec8df680c2","local_time":"20201222162558","is_ascension_mode":false,"campfire_choices":[{"data":"TheSimpletonMod:HitTheSack","floor":6,"key":"SMITH"},{"data":"hubris:DuctTapeCard","floor":8,"key":"SMITH"},{"floor":15,"key":"RECALL"}],"circlet_count":0,"master_deck":["TheSimpletonMod:Defend_TheSimpleton","TheSimpletonMod:Defend_TheSimpleton","TheSimpletonMod:Defend_TheSimpleton","TheSimpletonMod:Defend_TheSimpleton","TheSimpletonMod:Haymaker","TheSimpletonMod:ReapAndSow","TheSimpletonMod:SlashAndBurn","TheSimpletonMod:Swelter","TheSimpletonMod:CloseScrape","TheSimpletonMod:SoilSample","hubris:DuctTapeCard+2","TheSimpletonMod:SeedCoat","TheSimpletonMod:ErosionControl","TheSimpletonMod:Surplus","TheSimpletonMod:ControlledBurn","TheSimpletonMod:Asparagus","TheSimpletonMod:Mushrooms+1","TheSimpletonMod:Artichokes+1","TheSimpletonMod:Turnips+1","TheSimpletonMod:Chilis","TheSimpletonMod:Coffee","TheSimpletonMod:Corn+1","TheSimpletonMod:Spinach+1","TheSimpletonMod:Innovate","TheSimpletonMod:ControlledBurn"],"relics":["TheSimpletonMod:SpudOfTheInnocent","TheSimpletonMod:NightSoil","TheSimpletonMod:TheHarvester","hubris:DuctTape","SnafuTest:CatRelic","Kunai","jedi:hotpepper","DemoMod:GlassGuonStoneRelic"],"acts_visited":["Exordium","TheCity"],"potions_floor_usage":[7,13,20],"damage_taken":[{"damage":4,"enemies":"Small Slimes","floor":1,"turns":3},{"damage":0,"enemies":"2 Louse","floor":2,"turns":3},{"damage":4,"enemies":"Jaw Worm","floor":3,"turns":3},{"damage":0,"enemies":"Looter","floor":5,"turns":3},{"damage":21,"enemies":"3 Sentries","floor":7,"turns":5},{"damage":9,"enemies":"3 Sentries","floor":11,"turns":4},{"damage":9,"enemies":"Exordium Wildlife","floor":12,"turns":3},{"damage":4,"enemies":"Gremlin Nob","floor":13,"turns":3},{"damage":0,"enemies":"Gremlin Gang","floor":14,"turns":2},{"damage":12,"enemies":"The Guardian","floor":16,"turns":9},{"damage":9,"enemies":"Chosen","floor":18,"turns":4},{"damage":23,"enemies":"2 Thieves","floor":20,"turns":4},{"damage":16,"enemies":"Shelled Parasite and Fungi","floor":21,"turns":5},{"damage":11,"enemies":"Centurion and Healer","floor":22,"turns":1}],"seed_played":"-3851455018260289960","potions_obtained":[{"floor":1,"key":"jedi:StrikingPotion"},{"floor":2,"key":"DemoMod:LeadSkinPotion"},{"floor":3,"key":"PowerPotion"},{"floor":12,"key":"DistilledChaos"},{"floor":18,"key":"AttackPotion"},{"floor":21,"key":"LifebloodPotion"}],"is_trial":false,"path_per_floor":["M","M","M","?","M","R","E","R","T","?","?","M","E","M","R","B",null,"M","?","M","M","M"],"character_chosen":"THE_SIMPLETON","items_purchased":[],"campfire_rested":0,"item_purchase_floors":[],"current_hp_per_floor":[71,71,71,71,71,71,54,54,54,47,42,37,37,37,37,29,56,47,45,22,10,0,0],"gold":351,"neow_bonus":"TRANSFORM_TWO_CARDS","is_daily":false,"chose_seed":false,"campfire_upgraded":2,"win_rate":0.0,"timestamp":1608625558,"path_taken":["M","M","M","?","M","R","E","R","T","?","?","M","E","M","R","BOSS","M","?","M","M","M"],"items_purchased_type":[],"build_version":"2020-12-13","purchased_purges":0,"victory":false,"max_hp_per_floor":[75,75,75,75,75,75,75,75,75,75,75,75,75,75,75,75,56,56,45,45,45,45,45],"card_choices":[{"not_picked":["TheSimpletonMod:CullingStrike","TheSimpletonMod:SlashAndBurn"],"picked":"TheSimpletonMod:Swelter","floor":1},{"not_picked":["TheSimpletonMod:ToughenUp","TheSimpletonMod:GoToMarket"],"picked":"TheSimpletonMod:CloseScrape","floor":2},{"not_picked":["TheSimpletonMod:BumperCrop","TheSimpletonMod:Pruning","TheSimpletonMod:CullingStrike"],"picked":"SKIP","floor":3},{"not_picked":["TheSimpletonMod:SeedCoat","TheSimpletonMod:Rake"],"picked":"TheSimpletonMod:SoilSample","floor":5},{"not_picked":["TheSimpletonMod:PestManagement","TheSimpletonMod:OnionBloom"],"picked":"TheSimpletonMod:Germinate","floor":7},{"not_picked":["TheSimpletonMod:Rake","TheSimpletonMod:ToughenUp"],"picked":"TheSimpletonMod:SeedCoat","floor":12},{"not_picked":["TheSimpletonMod:Ferment","TheSimpletonMod:Aerate"],"picked":"TheSimpletonMod:ErosionControl","floor":13},{"not_picked":["TheSimpletonMod:SpiceUp","TheSimpletonMod:ToughenUp","TheSimpletonMod:SoilSample"],"picked":"SKIP","floor":14},{"not_picked":["TheSimpletonMod:ResistantStrain","TheSimpletonMod:BuzzBomb"],"picked":"TheSimpletonMod:Surplus","floor":16},{"not_picked":["TheSimpletonMod:CloseScrape","TheSimpletonMod:Potatoes"],"picked":"TheSimpletonMod:ControlledBurn","floor":18},{"not_picked":["TheSimpletonMod:RootDown","TheSimpletonMod:Germinate+1"],"picked":"TheSimpletonMod:Innovate","floor":20},{"not_picked":["TheSimpletonMod:CloseScrape","TheSimpletonMod:OnionBloom"],"picked":"TheSimpletonMod:ControlledBurn","floor":21}],"player_experience":150046,"relics_obtained":[{"floor":7,"key":"hubris:DuctTape"},{"floor":11,"key":"SnafuTest:CatRelic"},{"floor":13,"key":"Kunai"}],"event_choices":[{"damage_healed":0,"gold_gain":0,"player_choice":"Ignored","damage_taken":0,"max_hp_gain":0,"max_hp_loss":0,"event_name":"Liars Game","floor":4,"gold_loss":0},{"cards_removed":["TheSimpletonMod:Strike_TheSimpleton"],"damage_healed":0,"gold_gain":0,"player_choice":"Card Removal","damage_taken":7,"max_hp_gain":0,"max_hp_loss":0,"event_name":"Golden Wing","floor":10,"gold_loss":0},{"damage_healed":0,"gold_gain":0,"player_choice":"Searched \u00272\u0027 times","damage_taken":0,"max_hp_gain":0,"max_hp_loss":0,"event_name":"Dead Adventurer","floor":11,"gold_loss":0}],"is_beta":false,"boss_relics":[{"not_picked":["Runic Pyramid","Calling Bell"],"picked":"jedi:hotpepper"}],"items_purged_floors":[],"is_endless":false,"potions_floor_spawned":[1,2,3,12,18,21],"killed_by":"Centurion and Healer","ascension_level":0}}