{"host":"5jn3rki867005t18","time":1608631688,"event":{"mods":["2.2 Compatiblity","AchievementEnabler","BaseMod","Colored Map","DeckTracker","Minty Spire (QoL Compilation)","Permanent Neow","Rare Cards Sparkle","StSLib","SuperFastMode"],"gold_per_floor":[111,111,111,111,136,136,156,106,106,141,160,183,183,222,222,343,343,363,382,382,406,406,444,463,487,556,556,70,70,88,101,101,101,101],"floor_reached":33,"playtime":3568,"items_purged":[],"score":279,"play_id":"9fe59131-ffca-4abe-9383-6734090ec1de","local_time":"20201222190808","is_ascension_mode":false,"campfire_choices":[{"data":"Terror","floor":6,"key":"SMITH"},{"floor":13,"key":"REST"},{"floor":15,"key":"REST"},{"floor":29,"key":"REST"},{"floor":32,"key":"REST"}],"circlet_count":0,"master_deck":["Strike_G","Strike_G","Strike_G","Defend_G+1","Defend_G","Defend_G","Defend_G","Defend_G","Survivor","Neutralize+1","Finesse+1","Endless Agony","Injury","Terror+1","Sucker Punch","Quick Slash","Underhanded Strike","All Out Attack","Dagger Throw","Glass Knife","Reflex","Underhanded Strike","Shame","Outmaneuver","All Out Attack","Finisher+1","Sucker Punch","Blade Dance+1","Tactician","Violence","Blade Dance+1","Masterful Stab"],"relics":["Ring of the Snake","Gremlin Horn","Golden Idol","Meat on the Bone","Tingsha","Pen Nib","SlaversCollar","PreservedInsect","Blood Vial","HornCleat","Oddly Smooth Stone","War Paint"],"acts_visited":["Exordium","TheCity"],"potions_floor_usage":[16,24,30,33],"damage_taken":[{"damage":0,"enemies":"2 Louse","floor":1,"turns":3},{"damage":0,"enemies":"Jaw Worm","floor":5,"turns":3},{"damage":0,"enemies":"Small Slimes","floor":7,"turns":2},{"damage":32,"enemies":"3 Sentries","floor":10,"turns":13},{"damage":0,"enemies":"2 Fungi Beasts","floor":11,"turns":4},{"damage":6,"enemies":"Looter","floor":12,"turns":3},{"damage":23,"enemies":"Gremlin Nob","floor":14,"turns":4},{"damage":12,"enemies":"Slime Boss","floor":16,"turns":10},{"damage":1,"enemies":"3 Byrds","floor":18,"turns":3},{"damage":0,"enemies":"Chosen","floor":19,"turns":3},{"damage":11,"enemies":"Centurion and Healer","floor":21,"turns":4},{"damage":38,"enemies":"Slavers","floor":23,"turns":4},{"damage":9,"enemies":"Shelled Parasite and Fungi","floor":24,"turns":3},{"damage":31,"enemies":"3 Cultists","floor":25,"turns":5},{"damage":13,"enemies":"Cultist and Chosen","floor":30,"turns":6},{"damage":17,"enemies":"Shelled Parasite and Fungi","floor":31,"turns":5},{"damage":86,"enemies":"Automaton","floor":33,"turns":6}],"seed_played":"5793539186726164546","potions_obtained":[{"floor":1,"key":"SpeedPotion"},{"floor":5,"key":"Regen Potion"},{"floor":11,"key":"Energy Potion"},{"floor":18,"key":"SneckoOil"},{"floor":19,"key":"Explosive Potion"},{"floor":23,"key":"Fire Potion"},{"floor":31,"key":"SmokeBomb"}],"is_trial":false,"path_per_floor":["M","?","?","?","M","R","M","?","T","E","M","M","R","E","R","B",null,"M","M","?","M","?","E","M","M","T","?","$","R","M","M","R","B"],"character_chosen":"THE_SILENT","items_purchased":["Violence","Oddly Smooth Stone","War Paint"],"campfire_rested":4,"item_purchase_floors":[28,28,28],"current_hp_per_floor":[70,56,53,53,53,53,53,53,53,33,45,39,60,37,58,46,70,69,69,69,58,58,32,37,20,20,20,20,41,42,39,60,0,0],"gold":101,"neow_bonus":"RANDOM_COLORLESS","is_daily":false,"chose_seed":false,"campfire_upgraded":1,"win_rate":0.0,"timestamp":1608631688,"path_taken":["M","?","?","?","M","R","M","?","T","E","M","M","R","E","R","BOSS","M","M","?","M","?","E","M","M","T","?","$","R","?","M","R","BOSS"],"items_purchased_type":["Card","Relic","Relic"],"build_version":"2020-12-13","purchased_purges":0,"victory":false,"max_hp_per_floor":[70,70,70,70,70,70,70,70,70,70,70,70,70,70,70,70,70,70,70,70,70,70,70,70,70,70,70,70,70,70,70,70,70,70],"card_choices":[{"not_picked":["Enlightenment","Deep Breath"],"picked":"Finesse","floor":0},{"not_picked":["Reflex","Outmaneuver"],"picked":"Endless Agony","floor":1},{"not_picked":["Outmaneuver","Infinite Blades"],"picked":"Terror","floor":5},{"not_picked":["Dagger Spray","Riddle With Holes"],"picked":"Sucker Punch","floor":7},{"not_picked":["Slice","Dodge and Roll"],"picked":"Quick Slash","floor":10},{"not_picked":["Noxious Fumes","Flechettes"],"picked":"Underhanded Strike","floor":11},{"not_picked":["Calculated Gamble","Bane"],"picked":"All Out Attack","floor":12},{"not_picked":["Flechettes","Masterful Stab"],"picked":"Dagger Throw","floor":14},{"not_picked":["Venomology","Malaise"],"picked":"Glass Knife","floor":16},{"not_picked":["Bouncing Flask+1","Poisoned Stab"],"picked":"Reflex","floor":18},{"not_picked":["PiercingWail","Acrobatics"],"picked":"Underhanded Strike","floor":19},{"not_picked":["Poisoned Stab","Backflip"],"picked":"Outmaneuver","floor":21},{"not_picked":["Sucker Punch","Backflip"],"picked":"Finisher+1","floor":23},{"not_picked":["Dagger Throw","Blade Dance"],"picked":"Sucker Punch","floor":24},{"not_picked":["Prepared","Malaise"],"picked":"Blade Dance","floor":25},{"not_picked":["Well Laid Plans","Sucker Punch"],"picked":"Blade Dance+1","floor":30},{"not_picked":["Quick Slash","Blur"],"picked":"Masterful Stab","floor":31}],"player_experience":54714,"relics_obtained":[{"floor":9,"key":"Meat on the Bone"},{"floor":10,"key":"Tingsha"},{"floor":14,"key":"Pen Nib"},{"floor":23,"key":"Blood Vial"},{"floor":26,"key":"HornCleat"}],"event_choices":[{"damage_healed":0,"gold_gain":0,"player_choice":"Entered Light","damage_taken":14,"max_hp_gain":0,"max_hp_loss":0,"event_name":"Shining Light","floor":2,"gold_loss":0,"cards_upgraded":["Finesse","Neutralize"]},{"damage_healed":0,"gold_gain":0,"player_choice":"Success","damage_taken":3,"relics_obtained":["Gremlin Horn"],"max_hp_gain":0,"max_hp_loss":0,"event_name":"Scrap Ooze","floor":3,"gold_loss":0},{"damage_healed":0,"gold_gain":0,"player_choice":"Take Wound","damage_taken":0,"relics_obtained":["Golden Idol"],"max_hp_gain":0,"max_hp_loss":0,"event_name":"Golden Idol","floor":4,"gold_loss":0,"cards_obtained":["Injury"]},{"cards_removed":["Strike_G"],"damage_healed":0,"gold_gain":0,"player_choice":"Card Removal","damage_taken":0,"max_hp_gain":0,"max_hp_loss":0,"event_name":"The Cleric","floor":8,"gold_loss":50},{"damage_healed":0,"gold_gain":0,"player_choice":"Stole Relic","damage_taken":0,"relics_obtained":["PreservedInsect"],"max_hp_gain":0,"max_hp_loss":0,"event_name":"Addict","floor":20,"gold_loss":0,"cards_obtained":["Shame"]},{"damage_healed":0,"gold_gain":0,"player_choice":"Read","damage_taken":0,"max_hp_gain":0,"max_hp_loss":0,"event_name":"The Library","floor":22,"gold_loss":0,"cards_obtained":["All Out Attack"]},{"damage_healed":0,"gold_gain":0,"cards_transformed":["Strike_G"],"player_choice":"Transformed","damage_taken":0,"max_hp_gain":0,"max_hp_loss":0,"event_name":"Transmorgrifier","floor":27,"gold_loss":0,"cards_obtained":["Tactician"]}],"is_beta":false,"boss_relics":[{"not_picked":["Astrolabe","Black Star"],"picked":"SlaversCollar"}],"items_purged_floors":[],"is_endless":false,"potions_floor_spawned":[1,5,11,18,19,23,31],"killed_by":"Automaton","ascension_level":0}}