{"host":"2461dio7vetlq1z3","time":1608608130,"event":{"mods":["2.2 Compatiblity","AchievementEnabler","BaseMod","Better Third Choice","Hermit","Minty Spire (QoL Compilation)","Relic Stats","Spicy Shops","StSLib","The Runesmith","Waifu the Spire"],"gold_per_floor":[160,110,126,138,138,138,168,168,168,188,206,206,235,246,246,246,246],"floor_reached":16,"playtime":708,"items_purged":[],"score":118,"play_id":"de9ea82c-66a7-4bc1-801b-efeb9515dba2","local_time":"20201222043530","is_ascension_mode":true,"campfire_choices":[{"data":"Runesmith:CraftSpiculum","floor":6,"key":"SMITH"},{"data":"Runesmith:Fortify","floor":8,"key":"SMITH"},{"data":"Runesmith:CraftPrismatica","floor":12,"key":"SMITH"},{"data":"Runesmith:Attraction","floor":15,"key":"SMITH"}],"circlet_count":0,"master_deck":["Runesmith:Strike_RS+1","Runesmith:Strike_RS+1","Runesmith:Strike_RS","Runesmith:Defend_RS","Runesmith:Defend_RS","Runesmith:Defend_RS","Runesmith:Defend_RS","Runesmith:CraftFirestone","Runesmith:Fortify+1","Runesmith:CraftSpiculum+1","Runesmith:EnergizedChisel+1","Runesmith:EnergizedChisel","Runesmith:HammerThrow","Runesmith:EnergizedChisel","Runesmith:CraftPrismatica+1","Runesmith:Attraction+1","Runesmith:ElementalConversion"],"relics":["Tiny House","Darkstone Periapt","Kunai","Letter Opener"],"acts_visited":["Exordium"],"potions_floor_usage":[11,13,16],"damage_taken":[{"damage":1,"enemies":"2 Louse","floor":1,"turns":2},{"damage":2,"enemies":"Small Slimes","floor":3,"turns":6},{"damage":0,"enemies":"Jaw Worm","floor":4,"turns":4},{"damage":16,"enemies":"Lagavulin","floor":7,"turns":8},{"damage":0,"enemies":"Exordium Wildlife","floor":10,"turns":4},{"damage":4,"enemies":"3 Louse","floor":11,"turns":4},{"damage":31,"enemies":"Gremlin Nob","floor":13,"turns":5},{"damage":1,"enemies":"Large Slime","floor":14,"turns":5},{"damage":10,"enemies":"The Guardian","floor":16,"turns":2}],"seed_played":"3913643814275648716","potions_obtained":[{"floor":0,"key":"Fruit Juice"},{"floor":4,"key":"PowerPotion"},{"floor":10,"key":"BlessingOfTheForge"},{"floor":11,"key":"Strength Potion"}],"is_trial":false,"path_per_floor":["M","?","M","M","?","R","E","R","T","M","M","R","E","M","R","B"],"character_chosen":"RUNESMITH_CLASS","items_purchased":[],"campfire_rested":0,"item_purchase_floors":[],"current_hp_per_floor":[74,74,72,72,57,57,41,41,41,41,42,42,11,10,10,0,0],"gold":246,"neow_bonus":"BOSS_RELIC","is_daily":false,"chose_seed":false,"campfire_upgraded":4,"win_rate":0.0,"timestamp":1608608130,"path_taken":["M","?","M","M","?","R","E","R","T","M","?","R","E","M","R","BOSS"],"items_purchased_type":[],"build_version":"2020-12-13","purchased_purges":0,"victory":false,"max_hp_per_floor":[75,75,75,75,75,75,75,75,75,75,80,80,80,80,80,80,80],"relic_stats":{"Darkstone Periapt":0,"counters":[9,40],"Kunai":[6],"Letter Opener":[5],"obtain_stats":[{"Darkstone Periapt":7,"Runesmith:BrokenRuby":0,"Tiny House":0,"Kunai":9,"Letter Opener":13},{"Darkstone Periapt":4,"Runesmith:BrokenRuby":0,"Tiny House":0,"Kunai":4,"Letter Opener":7},{"Darkstone Periapt":20,"Runesmith:BrokenRuby":0,"Tiny House":0,"Kunai":20,"Letter Opener":33}]},"card_choices":[{"not_picked":["Runesmith:EarthShield","Runesmith:Refine"],"picked":"Runesmith:CraftSpiculum","floor":0},{"not_picked":["Runesmith:ChiselStab","Runesmith:HammerThrow"],"picked":"Runesmith:EnergizedChisel","floor":1},{"not_picked":["Runesmith:ShiftingStrike","Runesmith:LastStand"],"picked":"Runesmith:EnergizedChisel","floor":3},{"not_picked":["Runesmith:Accelerate","Runesmith:ShiftingStrike"],"picked":"Runesmith:HammerThrow","floor":4},{"not_picked":["Runesmith:MakeshiftArmor","Runesmith:HeatedChisel"],"picked":"Runesmith:EnergizedChisel","floor":7},{"not_picked":["Runesmith:Refine","Runesmith:Prism"],"picked":"Runesmith:CraftPrismatica","floor":10},{"not_picked":["Runesmith:HammerTime","Runesmith:CraftProtectio","Runesmith:ShiftingStrike"],"picked":"SKIP","floor":11},{"not_picked":["Runesmith:Electrocute","Runesmith:UnstableHammer"],"picked":"Runesmith:Attraction","floor":13},{"not_picked":["Runesmith:WhiteBalance","Runesmith:OneForEveryone"],"picked":"Runesmith:ElementalConversion","floor":14}],"player_experience":842335,"relics_obtained":[{"floor":7,"key":"Darkstone Periapt"},{"floor":9,"key":"Kunai"},{"floor":13,"key":"Letter Opener"}],"event_choices":[{"cards_removed":["Runesmith:Strike_RS"],"damage_healed":0,"gold_gain":0,"player_choice":"Card Removal","damage_taken":0,"max_hp_gain":0,"max_hp_loss":0,"event_name":"The Cleric","floor":2,"gold_loss":50},{"damage_healed":72,"gold_gain":0,"player_choice":"Upgrade","damage_taken":15,"max_hp_gain":0,"max_hp_loss":75,"event_name":"betterThird:BetterShining","floor":5,"gold_loss":0,"cards_upgraded":["Runesmith:Strike_RS","Runesmith:EnergizedChisel"]}],"is_beta":false,"boss_relics":[],"items_purged_floors":[],"is_endless":false,"potions_floor_spawned":[4,10,11],"killed_by":"The Guardian","ascension_level":1}}