{"host":"tbel5nf5tai26ewc","time":1608663692,"event":{"mods":["Act Like it!","BaseMod","Better Match","Better Sensory Stone","Better Skull","Better Third Choice","Colored Map","Colored Powertips","Custom Start","Filter the Spire","Minty Spire (QoL Compilation)","Rare Cards Sparkle","Relic Stats","Say the Spire","StSLib"],"gold_per_floor":[13,27,102,122,142,142,170,181,257,257,257,257,281,315,315,439,439,457,471,91,114,135,135,151,182,182,217,236,252,290,314,314,444,444,463,477,495,717,737,737,333,374,423,461,461,486,486,510,510,510,510,510,51,87,87],"floor_reached":56,"playtime":4465,"items_purged":["Strike_R","Strike_R","Regret"],"score":1679,"play_id":"0f9b451d-c305-4c3b-a64c-3d6bb8e70c43","local_time":"20201222200132","is_ascension_mode":true,"campfire_choices":[{"data":"Shockwave","floor":6.0,"key":"SMITH"},{"data":"Brutality","floor":10.0,"key":"SMITH"},{"floor":15.0,"key":"REST"},{"data":"Rupture","floor":23.0,"key":"SMITH"},{"data":"Offering","floor":32.0,"key":"SMITH"},{"data":"Metallicize","floor":40.0,"key":"SMITH"},{"floor":47,"key":"RECALL"},{"data":"Dual Wield","floor":49,"key":"SMITH"},{"data":"Bloodletting","floor":52,"key":"SMITH"}],"circlet_count":0,"master_deck":["Strike_R","Strike_R+1","Defend_R+1","Defend_R","Defend_R","Defend_R","Reaper","Cleave","Shockwave+1","Bloodletting+1","Metallicize+1","Brutality+1","Pummel","Rupture+1","Anger","Immolate","Warcry+1","Finesse+1","Sword Boomerang+1","Offering+1","Pain","True Grit+1","Armaments+1","Dual Wield+1","Intimidate","Rupture+1","Rupture+1","Heavy Blade+1","Impervious","Evolve"],"relics":["Burning Blood","Dream Catcher","Pantograph","Golden Idol","Incense Burner","Cursed Key","Bag of Preparation","Anchor","Magic Flower","Bronze Scales","Red Mask","Runic Cube","War Paint","Whetstone","Oddly Smooth Stone","Blood Vial","Pen Nib"],"acts_visited":["Exordium","TheCity","TheBeyond","TheEnding"],"potions_floor_usage":[55],"damage_taken":[{"damage":6.0,"enemies":"Cultist","floor":1.0,"turns":4.0},{"damage":9.0,"enemies":"Jaw Worm","floor":2.0,"turns":4.0},{"damage":4.0,"enemies":"Small Slimes","floor":4.0,"turns":3.0},{"damage":12.0,"enemies":"Blue Slaver","floor":5.0,"turns":4.0},{"damage":31.0,"enemies":"Lagavulin","floor":7.0,"turns":7.0},{"damage":10.0,"enemies":"2 Fungi Beasts","floor":8.0,"turns":4.0},{"damage":14.0,"enemies":"Looter","floor":13.0,"turns":4.0},{"damage":21.0,"enemies":"Gremlin Nob","floor":14.0,"turns":4.0},{"damage":45.0,"enemies":"Slime Boss","floor":16.0,"turns":8.0},{"damage":51.0,"enemies":"Shell Parasite","floor":18.0,"turns":5.0},{"damage":19.0,"enemies":"Spheric Guardian","floor":19.0,"turns":4.0},{"damage":14.0,"enemies":"Centurion and Healer","floor":21.0,"turns":3.0},{"damage":22.0,"enemies":"Cultist and Chosen","floor":22.0,"turns":6.0},{"damage":38.0,"enemies":"Shelled Parasite and Fungi","floor":24.0,"turns":6.0},{"damage":33.0,"enemies":"Slavers","floor":25.0,"turns":4.0},{"damage":12.0,"enemies":"Gremlin Leader","floor":27.0,"turns":4.0},{"damage":12.0,"enemies":"Sentry and Sphere","floor":28.0,"turns":3.0},{"damage":37.0,"enemies":"Snecko","floor":29.0,"turns":5.0},{"damage":30.0,"enemies":"Masked Bandits","floor":30.0,"turns":3.0},{"damage":13.0,"enemies":"Cultist and Chosen","floor":31.0,"turns":3.0},{"damage":28.0,"enemies":"Champ","floor":33.0,"turns":7.0},{"damage":20.0,"enemies":"3 Shapes","floor":35.0,"turns":2.0},{"damage":17.0,"enemies":"Orb Walker","floor":36.0,"turns":2.0},{"damage":14.0,"enemies":"3 Darklings","floor":37.0,"turns":2.0},{"damage":42.0,"enemies":"Transient","floor":39.0,"turns":5.0},{"damage":34.0,"enemies":"Giant Head","floor":42.0,"turns":3.0},{"damage":32.0,"enemies":"Reptomancer","floor":44.0,"turns":3.0},{"damage":41,"enemies":"4 Shapes","floor":46,"turns":3},{"damage":32,"enemies":"3 Darklings","floor":48,"turns":4},{"damage":43,"enemies":"Awakened One","floor":50,"turns":4},{"damage":24,"enemies":"Shield and Spear","floor":54,"turns":3},{"damage":110,"enemies":"The Heart","floor":55,"turns":8}],"seed_played":"-8389702262447807222","potions_obtained":[{"floor":2.0,"key":"FairyPotion"},{"floor":4.0,"key":"ColorlessPotion"},{"floor":5.0,"key":"BlessingOfTheForge"},{"floor":8.0,"key":"BloodPotion"},{"floor":13.0,"key":"PowerPotion"},{"floor":18.0,"key":"Fruit Juice"},{"floor":19.0,"key":"LiquidBronze"},{"floor":21.0,"key":"EssenceOfSteel"},{"floor":27.0,"key":"Swift Potion"},{"floor":30.0,"key":"DistilledChaos"}],"is_trial":false,"path_per_floor":["M","M","?","M","M","R","E","M","T","R","?","?","M","E","R","B",null,"M","M","$","M","M","R","M","E","T","E","M","M","?","M","R","B",null,"M","M","M","?","M","R","$","E","T","E","?","M","R","M","R","B",null,"R","$","E","B",null],"character_chosen":"IRONCLAD","items_purchased":["Bag of Preparation","Finesse","Fire Potion","War Paint","Dual Wield","Intimidate","Impervious","Swift Potion","Evolve","Blood Vial"],"campfire_rested":1,"item_purchase_floors":[20,20,20,41,41,41,53,53,53,53],"current_hp_per_floor":[72,69,58,67,67,67,48,56,56,56,36,29,37,29,53,39,70,30,30,30,42,44,44,34,7,7,22,58,53,67,85,85,85,85,85,85,85,85,85,85,85,85,85,85,85,85,85,85,85,81,84,84,84,85,85],"gold":87,"neow_bonus":"THREE_RARE_CARDS","is_daily":false,"chose_seed":false,"campfire_upgraded":7,"win_rate":0.0,"timestamp":1608663692,"path_taken":["M","?","?","M","M","R","E","M","T","R","?","?","M","E","R","BOSS","M","M","$","M","M","R","M","E","T","E","M","M","?","M","R","BOSS","M","M","M","?","M","R","$","E","T","E","?","?","R","M","R","BOSS","R","$","E","BOSS"],"items_purchased_type":["Relic","Card","Potion","Relic","Card","Card","Card","Potion","Card","Relic"],"build_version":"2020-12-13","purchased_purges":3,"victory":true,"max_hp_per_floor":[80,80,80,80,80,80,80,80,80,80,80,80,80,80,80,80,80,80,85,85,85,85,85,85,85,85,85,85,85,85,85,85,85,85,85,85,85,85,85,85,85,85,85,85,85,85,85,85,85,85,85,85,85,85,85],"relic_stats":{"counters":[32,134],"Golden Idol":212,"Magic Flower":[74],"Pen Nib":[0],"Bag of Preparation":[42],"Whetstone":["Strike_R","Sword Boomerang"],"War Paint":["Defend_R","Finesse"],"Cursed Key":2,"Burning Blood":157,"Blood Vial":1,"Dream Catcher":1,"Pantograph":25,"Bronze Scales":[231],"obtain_stats":[{"Golden Idol":11,"Magic Flower":26,"Oddly Smooth Stone":44,"Pen Nib":54,"Incense Burner":14,"Bag of Preparation":20,"Whetstone":42,"War Paint":41,"Cursed Key":17,"Burning Blood":0,"Blood Vial":53,"Dream Catcher":7,"Anchor":25,"Pantograph":9,"Bronze Scales":27,"Red Mask":30,"Runic Cube":34},{"Golden Idol":6,"Magic Flower":15,"Oddly Smooth Stone":27,"Pen Nib":31,"Incense Burner":8,"Bag of Preparation":11,"Whetstone":26,"War Paint":25,"Cursed Key":9,"Burning Blood":0,"Blood Vial":30,"Dream Catcher":5,"Anchor":15,"Pantograph":6,"Bronze Scales":16,"Red Mask":19,"Runic Cube":21},{"Golden Idol":26,"Magic Flower":70,"Oddly Smooth Stone":112,"Pen Nib":126,"Incense Burner":34,"Bag of Preparation":51,"Whetstone":109,"War Paint":106,"Cursed Key":42,"Burning Blood":0,"Blood Vial":123,"Dream Catcher":22,"Anchor":70,"Pantograph":26,"Bronze Scales":74,"Red Mask":85,"Runic Cube":95}],"Runic Cube":[208]},"card_choices":[{"not_picked":["Fiend Fire","Demon Form"],"picked":"Reaper","floor":0.0},{"not_picked":["Headbutt","Entrench"],"picked":"Cleave","floor":1.0},{"not_picked":["Entrench","Wild Strike"],"picked":"Shockwave","floor":2.0},{"not_picked":["Clash","Thunderclap"],"picked":"Bloodletting","floor":4.0},{"not_picked":["Entrench","Second Wind"],"picked":"Metallicize","floor":5.0},{"not_picked":["Havoc","Combust"],"picked":"Brutality","floor":7.0},{"not_picked":["Cleave","Perfected Strike","Feel No Pain"],"picked":"SKIP","floor":8.0},{"not_picked":["Rampage","Sword Boomerang"],"picked":"Pummel","floor":13.0},{"not_picked":["Seeing Red","Twin Strike"],"picked":"Rupture","floor":14.0},{"not_picked":["Perfected Strike","Rampage"],"picked":"Anger","floor":15.0},{"not_picked":["Bludgeon","Fiend Fire"],"picked":"Immolate","floor":16.0},{"not_picked":["Carnage","Pommel Strike+1"],"picked":"Warcry+1","floor":18.0},{"not_picked":["Infernal Blade+1","Anger","Entrench"],"picked":"SKIP","floor":19.0},{"not_picked":["Thunderclap+1","Twin Strike"],"picked":"Sword Boomerang","floor":21.0},{"not_picked":["Clash","Fire Breathing","Iron Wave"],"picked":"SKIP","floor":22.0},{"not_picked":["Carnage+1","Seeing Red","Iron Wave"],"picked":"SKIP","floor":24.0},{"not_picked":["Heavy Blade","Burning Pact"],"picked":"Offering","floor":25.0},{"not_picked":["Fire Breathing","Thunderclap+1","Barricade"],"picked":"SKIP","floor":27.0},{"not_picked":["Thunderclap","Entrench","Ghostly Armor+1"],"picked":"SKIP","floor":28.0},{"not_picked":["Entrench","True Grit+1","Power Through"],"picked":"SKIP","floor":29.0},{"not_picked":["Entrench","Power Through"],"picked":"True Grit+1","floor":29.0},{"not_picked":["Armaments","Cleave","Wild Strike+1"],"picked":"SKIP","floor":31.0},{"not_picked":["Armaments","Cleave","Wild Strike+1"],"picked":"SKIP","floor":31.0},{"not_picked":["Sword Boomerang+1","Thunderclap"],"picked":"Armaments+1","floor":35.0},{"not_picked":["Reckless Charge+1","Clothesline","Carnage+1"],"picked":"SKIP","floor":36.0},{"not_picked":["Shrug It Off","Clothesline","Burning Pact+1"],"picked":"SKIP","floor":37.0},{"not_picked":["Havoc+1","Perfected Strike","Wild Strike+1"],"picked":"SKIP","floor":39.0},{"not_picked":["Headbutt+1","Havoc+1"],"picked":"Rupture+1","floor":42.0},{"not_picked":["Sever Soul","Inflame+1"],"picked":"Rupture+1","floor":44.0},{"not_picked":["Shrug It Off+1","Iron Wave+1","Uppercut"],"picked":"SKIP","floor":46},{"not_picked":["Headbutt","Metallicize"],"picked":"Heavy Blade+1","floor":48},{"not_picked":["Cleave+1","Headbutt","Combust"],"picked":"SKIP","floor":54}],"player_experience":327526,"relics_obtained":[{"floor":7.0,"key":"Dream Catcher"},{"floor":9.0,"key":"Pantograph"},{"floor":14.0,"key":"Incense Burner"},{"floor":25.0,"key":"Anchor"},{"floor":26.0,"key":"Magic Flower"},{"floor":27.0,"key":"Bronze Scales"},{"floor":30.0,"key":"Red Mask"},{"floor":42.0,"key":"Whetstone"},{"floor":44.0,"key":"Oddly Smooth Stone"},{"floor":54,"key":"Pen Nib"}],"event_choices":[{"damage_healed":0.0,"max_hp_gain":0.0,"max_hp_loss":0.0,"gold_gain":75.0,"event_name":"betterThird:BetterGoop","player_choice":"Gold","floor":3.0,"gold_loss":0.0,"damage_taken":11.0},{"damage_healed":0.0,"max_hp_gain":0.0,"max_hp_loss":0.0,"gold_gain":0.0,"event_name":"Golden Idol","player_choice":"Take Damage","floor":11.0,"gold_loss":0.0,"damage_taken":20.0,"relics_obtained":["Golden Idol"]},{"cards_removed":["Strike_R"],"damage_healed":0.0,"max_hp_gain":0.0,"max_hp_loss":0.0,"gold_gain":0.0,"event_name":"Golden Wing","player_choice":"Card Removal","floor":12.0,"gold_loss":0.0,"damage_taken":7.0},{"damage_healed":0.0,"max_hp_gain":0.0,"max_hp_loss":0.0,"gold_gain":0.0,"event_name":"Masked Bandits","player_choice":"Fought Bandits","floor":30.0,"gold_loss":0.0,"damage_taken":0.0},{"damage_healed":0.0,"max_hp_gain":0.0,"max_hp_loss":0.0,"gold_gain":222.0,"event_name":"Tomb of Lord Red Mask","player_choice":"Wore Mask","floor":38.0,"gold_loss":0.0,"damage_taken":0.0},{"cards_removed":["Bash"],"damage_healed":0.0,"max_hp_gain":0.0,"max_hp_loss":0.0,"gold_gain":0.0,"event_name":"Falling","player_choice":"Removed Attack","floor":45.0,"gold_loss":0.0,"damage_taken":0.0}],"is_beta":false,"boss_relics":[{"not_picked":["Ectoplasm","Mark of Pain"],"picked":"Cursed Key"},{"not_picked":["Calling Bell","Velvet Choker"],"picked":"Runic Cube"}],"items_purged_floors":[20,41,53],"is_endless":false,"potions_floor_spawned":[2,4,5,8,13,18,19,21,22,27,30,35,37,42,46,54],"ascension_level":7}}