{"host":"x5a6cvihdukvwm3n","time":1608642544,"event":{"mods":["AlwaysNeverKeys","Aspiration","BaseMod","Beaked The Cultist","BetterRewards","Colored Map","Colored Powertips","Conspire","Curses Come First","Downfall","Friendly Minions","GifTheSpireLib","Gremlin Mod","Halation","Highlight Path","Hubris","Minty Spire (QoL Compilation)","Replay The Spire","Shop Mod","StSLib","Stuff the Spire","SuperFastMode","Synergy Search","Td1madao Mod","The Bladedancer","The Construct","The Disciple","The Jungle","The Servant 0.9.4","vexMod"],"gold_per_floor":[99,116,129,129,129,159,159,42,42,76,76,92,126,159,178,281,281,131,143,157,58,77,109,109,34,44,44,97,182,202,183,183,194,291,291,291,89,109,109,109,119,144,144,172,185,116,116,151,151,171,171],"floor_reached":52,"playtime":3299,"items_purged":["Pain"],"score":1063,"play_id":"1c181ee2-ad33-4c23-bb5b-c39380897d5d","local_time":"20201222140904","daily_mods":["Draft","Vintage","Allstar","Heirloom","Time Dilation","Flight","downfall:Lament","DeadlyEvents"],"is_ascension_mode":false,"campfire_choices":[{"floor":1,"key":"RECALL"},{"floor":11,"key":"REST"},{"data":"sneckomod:UnknownRareSkill","floor":18,"key":"SMITH"},{"data":"sneckomod:MorePower","floor":36,"key":"SMITH"}],"circlet_count":0,"master_deck":["sneckomod:UnknownClassSILVER","sneckomod:IronFang","sneckomod:UnknownBlock","sneckomod:UnknownUncommonAttack+1","sneckomod:SnekBeam","sneckomod:UnknownUncommonSkill","sneckomod:MasterEye","sneckomod:RainOfDice","sneckomod:UnknownCommonAttack","sneckomod:SoulRoll","sneckomod:UnknownCommonAttack","sneckomod:SnakeSap","sneckomod:Unknown1Cost","sneckomod:UnknownUncommonAttack+1","sneckomod:UnknownWeak+2","Pot Of Greed","sneckomod:SoulRoll","sneckomod:SoulRoll","sneckomod:UnknownClassBLESSING","sneckomod:UnknownEthereal","sneckomod:UnknownBlock","sneckomod:UnknownUncommonPower+1","sneckomod:UnknownRareSkill+1","Pot Of Greed","sneckomod:CheapStock+1","sneckomod:Unknown1Cost","sneckomod:MorePower+1","StuffTheSpire:Innocence","sneckomod:Unknown3Cost+1","sneckomod:Unknown3Cost+1","sneckomod:SnekBeam","sneckomod:UnknownColorless+1","sneckomod:UnknownColorless+1","sneckomod:Unknown3Cost","sneckomod:UnlimitedRolls","sneckomod:Unknown3Cost+1","Pot Of Greed","sneckomod:UnknownBlock","sneckomod:MorePower"],"relics":["sneckomod:SneckoSoul","NeowsBlessing","hubris:MedicalManual","MealTicket","Replay:Bottled Eggs","m_SnakeBloodCore","Grinning Jar","Chameleon Ring","ReplayTheSpireMod:CursedCoin","MerchantsRug","StuffTheSpire:Experiment12","Unceasing Top","Du-Vu Doll","ReplayTheSpireMod:TigerMarble","Matryoshka","vexMod:TanglingVine","downfall:HeartBlessingRed","downfall:HeartBlessingBlue","Meat on the Bone","Replay:WaspNest","vexMod:PaidLearning","hexamod:BolsterEngine","vexMod:Spyglass","Happy Flower","Mummified Hand","StuffTheSpire:Barrel","hubris:Icosahedron","Replay:Wax Seal","vexMod:BarristanHead","Replay:Mystery Machine","ReplayFunnel","Letter Opener","aspiration:BeakedSkillbook","Mercury Hourglass","Pantograph","downfall:TeleportStone","halation:VictoryRuler","Blue Doll","hubris:TinFlute","aspiration:ChemicalBlood","Omamori","Bottled Flame","StuffTheSpire:Rhapsscallions"],"acts_visited":["Exordium","TheCity","TheBeyond"],"potions_floor_usage":[34],"damage_taken":[{"damage":0,"enemies":"Small Slimes","floor":2,"turns":1},{"damage":0,"enemies":"Jaw Worm","floor":3,"turns":1},{"damage":0,"enemies":"Lagavulin","floor":6,"turns":2},{"damage":3,"enemies":"downfall:FleeingMerchant","floor":8,"turns":4},{"damage":65,"enemies":"Gremlin Nob","floor":10,"turns":6},{"damage":5,"enemies":"2 Louse","floor":12,"turns":3},{"damage":6,"enemies":"3 Sentries","floor":13,"turns":5},{"damage":28,"enemies":"Lagavulin","floor":14,"turns":4},{"damage":0,"enemies":"Large Slime","floor":15,"turns":3},{"damage":15,"enemies":"downfall:Defect","floor":16,"turns":4},{"damage":15,"enemies":"Spheric Guardian","floor":19,"turns":4},{"damage":0,"enemies":"3 Cultists","floor":20,"turns":4},{"damage":8,"enemies":"downfall:FleeingMerchant","floor":21,"turns":4},{"damage":18,"enemies":"Centurion and Healer","floor":22,"turns":4},{"damage":0,"enemies":"downfall:FleeingMerchant","floor":23,"turns":1},{"damage":6,"enemies":"Snake Plant","floor":26,"turns":1},{"damage":2,"enemies":"3 Cultists","floor":30,"turns":5},{"damage":29,"enemies":"conspire:MimicChest","floor":31,"turns":4},{"damage":0,"enemies":"Chosen and Byrds","floor":33,"turns":3},{"damage":0,"enemies":"downfall:Silent","floor":34,"turns":5},{"damage":5,"enemies":"Orb Walker","floor":38,"turns":2},{"damage":1,"enemies":"3 Darklings","floor":41,"turns":1},{"damage":57,"enemies":"R_Hoarder","floor":44,"turns":6},{"damage":7,"enemies":"Sphere and 2 Shapes","floor":45,"turns":3},{"damage":5,"enemies":"Giant Head","floor":48,"turns":5},{"damage":0,"enemies":"4 Shapes","floor":50,"turns":1},{"damage":0,"enemies":"downfall:Watcher","floor":51,"turns":5}],"seed_played":"7604846310320796663","potions_obtained":[{"floor":6,"key":"FearPotion"},{"floor":10,"key":"Fire Potion"},{"floor":14,"key":"Explosive Potion"},{"floor":16,"key":"PowerPotion"},{"floor":20,"key":"DistilledChaos"},{"floor":22,"key":"Weak Potion"},{"floor":26,"key":"Swift Potion"},{"floor":31,"key":"champ:CounterPotion"},{"floor":34,"key":"hexamod:EctoCoolerPotion"},{"floor":41,"key":"LifebloodPotion"},{"floor":43,"key":"Cursed Concoction"},{"floor":43,"key":"GamblersBrew"},{"floor":48,"key":"SneckoOil"},{"floor":50,"key":"SteroidPotion"}],"is_trial":true,"path_per_floor":["R","M","M","?","?","E","T","$","T","E","R","M","E","E","M","B",null,"R","M","M","$","M","$","T","?","M","?","T","?","M","?","?","M","B",null,"R","$","M","?","$","M","T","R","E","M","$","?","E","?","M","B",null],"character_chosen":"THE_SNECKO","items_purchased":["ReplayTheSpireMod:CursedCoin","MerchantsRug","sneckomod:UnknownClassBLESSING","vexMod:PaidLearning","vexMod:Spyglass","sneckomod:MorePower","Mercury Hourglass","Omamori"],"campfire_rested":1,"item_purchase_floors":[8,8,8,21,23,23,37,46],"current_hp_per_floor":[99,99,99,99,99,99,99,100,100,39,69,67,65,41,51,40,104,114,102,105,109,94,113,113,113,110,110,110,96,98,73,73,77,82,120,120,120,118,118,120,120,120,120,69,71,86,87,91,91,95,123],"gold":171,"neow_bonus":"","is_daily":false,"chose_seed":false,"campfire_upgraded":2,"win_rate":0.0,"timestamp":1608642544,"path_taken":["R","M","M","?","?","E","T","$","?","E","R","?","E","?","?","BOSS","R","?","M","$","?","$","T","?","M","?","?","?","?","?","?","M","BOSS","R","?","?","?","?","M","T","R","E","?","?","?","E","?","M","BOSS"],"items_purchased_type":["Relic","Relic","Card","Relic","Relic","Card","Relic","Relic"],"build_version":"2020-12-13","purchased_purges":1,"victory":true,"max_hp_per_floor":[99,99,99,99,99,99,99,100,100,101,101,101,102,103,103,104,104,114,114,114,114,114,115,115,115,115,115,115,115,116,117,117,118,120,120,120,120,120,120,120,120,120,120,120,121,121,122,122,122,123,123],"card_choices":[{"not_picked":["sneckomod:SoulRoll","sneckomod:UnknownCommonAttack"],"picked":"sneckomod:UnknownClassSILVER","floor":0},{"not_picked":["sneckomod:UnknownStrike","sneckomod:WideSting"],"picked":"sneckomod:IronFang","floor":0},{"not_picked":["sneckomod:DiceCrush","sneckomod:IronFang"],"picked":"sneckomod:UnknownBlock","floor":0},{"not_picked":["sneckomod:Unknown2Cost","sneckomod:UnknownBlock"],"picked":"sneckomod:UnknownUncommonAttack","floor":0},{"not_picked":["sneckomod:SoulDraw","sneckomod:RainOfDice"],"picked":"sneckomod:SnekBeam","floor":0},{"not_picked":["sneckomod:UnknownClassCHRONO_GOLD","sneckomod:DiceBlock"],"picked":"sneckomod:UnknownUncommonSkill","floor":0},{"not_picked":["sneckomod:UnknownWeak","sneckomod:UnknownClassPURPLE"],"picked":"sneckomod:MasterEye","floor":0},{"not_picked":["sneckomod:UnknownWeak","sneckomod:WideSting"],"picked":"sneckomod:RainOfDice","floor":0},{"not_picked":["sneckomod:QuickBite","sneckomod:IronFang"],"picked":"sneckomod:UnknownCommonAttack","floor":0},{"not_picked":["sneckomod:UnknownCommonSkill","sneckomod:DiceBlock"],"picked":"sneckomod:SoulRoll","floor":0},{"not_picked":["sneckomod:SoulRoll","sneckomod:RainOfDice"],"picked":"sneckomod:UnknownCommonAttack","floor":0},{"not_picked":["sneckomod:UnknownClassBLUE","sneckomod:UnknownStrike"],"picked":"sneckomod:SnakeSap","floor":0},{"not_picked":["sneckomod:UnknownStrike","sneckomod:QuickBite"],"picked":"sneckomod:Unknown1Cost","floor":0},{"not_picked":["sneckomod:DiceBoulder","sneckomod:Nope"],"picked":"sneckomod:UnknownUncommonAttack","floor":0},{"not_picked":["sneckomod:DefensiveFlair","sneckomod:UnknownClassBEAKED_YELLOW"],"picked":"sneckomod:UnknownWeak","floor":0},{"not_picked":["sneckomod:UnknownWeak","sneckomod:UnknownCommonAttack"],"picked":"sneckomod:SoulRoll","floor":6},{"not_picked":["sneckomod:UnknownClassBLUE","sneckomod:UnknownClassGREEN"],"picked":"sneckomod:SoulRoll","floor":8},{"not_picked":["Reflex","sneckomod:IronFang"],"picked":"sneckomod:UnknownEthereal","floor":10},{"not_picked":["sneckomod:UnknownCommonSkill","sneckomod:QuickMove"],"picked":"sneckomod:UnknownBlock","floor":13},{"not_picked":["sneckomod:UnknownCommonSkill","sneckomod:QuickBite"],"picked":"sneckomod:UnknownUncommonPower","floor":14},{"not_picked":["sneckomod:SerpentMind","sneckomod:Unknown3Cost"],"picked":"sneckomod:UnknownRareSkill","floor":16},{"not_picked":["sneckomod:SoulDraw","sneckomod:QuickBite+1"],"picked":"sneckomod:CheapStock+1","floor":21},{"not_picked":["sneckomod:QuickBite","sneckomod:WideSting+1"],"picked":"sneckomod:Unknown1Cost","floor":23},{"not_picked":["sneckomod:UnknownVulnerable+1","sneckomod:UnknownStrike+1"],"picked":"sneckomod:Unknown3Cost+1","floor":30},{"not_picked":["sneckomod:UnknownUncommonAttack+1","sneckomod:UnknownClassSILVER+1"],"picked":"sneckomod:Unknown3Cost+1","floor":31},{"not_picked":["sneckomod:SoulDraw","sneckomod:DiceBlock+1"],"picked":"sneckomod:SnekBeam","floor":31},{"not_picked":["sneckomod:UnknownX+1","sneckomod:UnknownUncommonSkill+1"],"picked":"sneckomod:UnknownColorless+1","floor":33},{"not_picked":["sneckomod:UnknownClassBLUE+1","sneckomod:UnknownDexterity+1"],"picked":"sneckomod:UnknownColorless+1","floor":34},{"not_picked":["sneckomod:SoulExchange","sneckomod:DangerNoodle"],"picked":"sneckomod:Unknown3Cost","floor":34},{"not_picked":["sneckomod:UnknownUncommonPower+1","beaked:DigDeep+1","beaked:TuckingFeathers+1"],"picked":"sneckomod:UnlimitedRolls","floor":44},{"not_picked":["sneckomod:UnknownClassRED+1","sneckomod:UnknownClassGREMLIN+1","sneckomod:UnknownVulnerable+1"],"picked":"sneckomod:Unknown3Cost+1","floor":45},{"not_picked":["sneckomod:UnknownCommonSkill","ReplayTheSpireMod:Prepare the Ceremony+1","sneckomod:SoulDraw"],"picked":"sneckomod:MorePower","floor":48}],"player_experience":294331,"relics_obtained":[{"floor":2,"key":"MealTicket"},{"floor":3,"key":"Replay:Bottled Eggs"},{"floor":6,"key":"Grinning Jar"},{"floor":7,"key":"Chameleon Ring"},{"floor":10,"key":"StuffTheSpire:Experiment12"},{"floor":12,"key":"Unceasing Top"},{"floor":13,"key":"Du-Vu Doll"},{"floor":14,"key":"ReplayTheSpireMod:TigerMarble"},{"floor":15,"key":"Matryoshka"},{"floor":19,"key":"Meat on the Bone"},{"floor":20,"key":"Replay:WaspNest"},{"floor":22,"key":"hexamod:BolsterEngine"},{"floor":24,"key":"Happy Flower"},{"floor":24,"key":"Mummified Hand"},{"floor":26,"key":"StuffTheSpire:Barrel"},{"floor":28,"key":"Replay:Wax Seal"},{"floor":28,"key":"vexMod:BarristanHead"},{"floor":30,"key":"Replay:Mystery Machine"},{"floor":31,"key":"ReplayFunnel"},{"floor":33,"key":"Letter Opener"},{"floor":38,"key":"Pantograph"},{"floor":41,"key":"halation:VictoryRuler"},{"floor":42,"key":"Blue Doll"},{"floor":44,"key":"hubris:TinFlute"},{"floor":45,"key":"aspiration:ChemicalBlood"},{"floor":48,"key":"Bottled Flame"},{"floor":50,"key":"StuffTheSpire:Rhapsscallions"}],"event_choices":[],"is_beta":false,"boss_relics":[{"not_picked":["halation:Yufonium","vexMod:ImprovementManual"],"picked":"vexMod:TanglingVine"},{"not_picked":["beaked:MawFillet","Empty Cage"],"picked":"aspiration:BeakedSkillbook"}],"items_purged_floors":[8],"is_endless":false,"potions_floor_spawned":[6,10,14,16,20,22,26,31,34,41,48,50],"ascension_level":0}}