{"host":"bnbc66jny2i0hx0x","time":1608612990,"event":{"mods":["AchievementEnabler","BaseMod","Minty Spire (QoL Compilation)","Relic Sorter","StSLib"],"gold_per_floor":[99,99,99,99,99,99,99,99,99,99,99,99,99,99,99,99,99,99,22,22,22,22,22,22,22,22],"floor_reached":25,"playtime":884,"items_purged":[],"score":455,"play_id":"e5d51d3e-18ce-4f10-91ab-5551b6582fdf","local_time":"20201221205630","is_ascension_mode":true,"campfire_choices":[{"floor":7.0,"key":"REST"},{"floor":13,"key":"REST"},{"floor":15,"key":"REST"},{"data":"Consume","floor":23,"key":"SMITH"}],"circlet_count":0,"master_deck":["AscendersBane","Strike_B","Defend_B+1","Defend_B","Defend_B","Defend_B+1","Zap","Dualcast","Capacitor","Streamline","Cold Snap","Beam Cell","Coolheaded","Consume+1","Cold Snap","Echo Form","Tempest","Coolheaded","Decay","Undo","Capacitor"],"relics":["Ectoplasm","Orichalcum","MawBank","Potion Belt","CeramicFish","War Paint","SacredBark","Happy Flower","Frozen Egg 2"],"acts_visited":["TheCity"],"potions_floor_usage":[24],"damage_taken":[{"damage":4.0,"enemies":"Jaw Worm","floor":1.0,"turns":4.0},{"damage":7.0,"enemies":"Small Slimes","floor":2.0,"turns":3.0},{"damage":4.0,"enemies":"2 Louse","floor":5.0,"turns":3.0},{"damage":12.0,"enemies":"Lagavulin","floor":6.0,"turns":8.0},{"damage":18.0,"enemies":"Gremlin Nob","floor":8.0,"turns":4.0},{"damage":12.0,"enemies":"3 Sentries","floor":10.0,"turns":8.0},{"damage":16,"enemies":"Exordium Wildlife","floor":14,"turns":6},{"damage":28,"enemies":"Slime Boss","floor":16,"turns":15},{"damage":10,"enemies":"Spheric Guardian","floor":18,"turns":4},{"damage":0,"enemies":"Book of Stabbing","floor":24,"turns":7},{"damage":12,"enemies":"3 Byrds","floor":25,"turns":3}],"seed_played":"-1039668861761526170","potions_obtained":[{"floor":1.0,"key":"Strength Potion"},{"floor":2.0,"key":"LiquidMemories"},{"floor":6.0,"key":"GamblersBrew"},{"floor":16,"key":"GamblersBrew"},{"floor":24,"key":"BlessingOfTheForge"}],"is_trial":false,"path_per_floor":["M","M","?","?","M","E","R","E","T","E","?","?","R","M","R","B",null,"M","$","?","T","?","R","E","M"],"character_chosen":"DEFECT","items_purchased":["FocusPotion","Coolheaded"],"campfire_rested":3,"item_purchase_floors":[19,19],"current_hp_per_floor":[60,53,53,46,42,30,51,33,33,21,21,10,31,15,36,8,55,45,45,45,45,45,45,45,33,33],"gold":22,"neow_bonus":"BOSS_RELIC","is_daily":false,"chose_seed":false,"campfire_upgraded":1,"win_rate":0.0,"timestamp":1608612990,"path_taken":["M","M","?","?","M","E","R","E","T","E","?","?","R","M","R","BOSS","M","$","?","?","?","R","E","M"],"items_purchased_type":["Potion","Card"],"build_version":"2020-12-13","purchased_purges":0,"victory":false,"max_hp_per_floor":[71,71,71,71,71,71,71,71,71,71,71,71,71,71,71,71,71,71,71,71,71,71,71,71,71,71],"card_choices":[{"not_picked":["Streamline","Gash"],"picked":"Capacitor","floor":1.0},{"not_picked":["Rip and Tear","Conserve Battery"],"picked":"Streamline","floor":2.0},{"not_picked":["Sweeping Beam","Conserve Battery"],"picked":"Cold Snap","floor":5.0},{"not_picked":["Force Field","Redo"],"picked":"Beam Cell","floor":6.0},{"not_picked":["Amplify","Capacitor"],"picked":"Coolheaded","floor":8.0},{"not_picked":["Turbo","Compile Driver"],"picked":"Consume","floor":10.0},{"not_picked":["Recycle","Static Discharge"],"picked":"Cold Snap","floor":14},{"not_picked":["Seek","Fission"],"picked":"Echo Form","floor":16},{"not_picked":["Gash","Force Field"],"picked":"Tempest","floor":18},{"not_picked":["Fusion","Stack+1","Reinforced Body"],"picked":"SKIP","floor":24}],"player_experience":1259262,"relics_obtained":[{"floor":6.0,"key":"Orichalcum"},{"floor":8.0,"key":"MawBank"},{"floor":9.0,"key":"Potion Belt"},{"floor":10.0,"key":"CeramicFish"},{"floor":21,"key":"Happy Flower"},{"floor":24,"key":"Frozen Egg 2"}],"event_choices":[{"damage_healed":0.0,"max_hp_gain":0.0,"max_hp_loss":0.0,"gold_gain":0.0,"event_name":"Golden Idol","player_choice":"Ignored","floor":3.0,"gold_loss":0.0,"damage_taken":0.0},{"cards_removed":["Strike_B"],"damage_healed":0.0,"max_hp_gain":0.0,"max_hp_loss":0.0,"gold_gain":0.0,"event_name":"Golden Wing","player_choice":"Card Removal","floor":4.0,"gold_loss":0.0,"damage_taken":7.0},{"damage_healed":0,"gold_gain":0,"player_choice":"Searched \u00270\u0027 times","damage_taken":0,"max_hp_gain":0,"max_hp_loss":0,"event_name":"Dead Adventurer","floor":11,"gold_loss":0},{"damage_healed":0,"gold_gain":0,"player_choice":"Success","damage_taken":11,"relics_obtained":["War Paint"],"max_hp_gain":0,"max_hp_loss":0,"event_name":"Scrap Ooze","floor":12,"gold_loss":0},{"damage_healed":0,"gold_gain":0,"player_choice":"Smashed Altar","damage_taken":0,"max_hp_gain":0,"max_hp_loss":0,"event_name":"Forgotten Altar","floor":20,"gold_loss":0,"cards_obtained":["Decay"]},{"damage_healed":0,"gold_gain":0,"cards_transformed":["Strike_B","Strike_B"],"player_choice":"Became Test Subject","damage_taken":0,"max_hp_gain":0,"max_hp_loss":0,"event_name":"Drug Dealer","floor":22,"gold_loss":0,"cards_obtained":["Undo","Capacitor"]}],"is_beta":false,"boss_relics":[{"not_picked":["Empty Cage","Velvet Choker"],"picked":"SacredBark"}],"items_purged_floors":[],"is_endless":false,"potions_floor_spawned":[1,2,6,16,24],"killed_by":"3 Byrds","ascension_level":15}}