{"host":"fq9q35as5g8xdsoo","time":1608598687,"event":{"mods":["2.2 Compatiblity","AchievementEnabler","Act Like it!","Aspiration","BaseMod","Beaked The Cultist","Better Skull","Card Forge","Colored Map","Colored Powertips","Conspire","Dota2Spire","Energized Spire","Gensokyo","GifTheSpireLib","Halation","Hermit","Hubris","Marked Mod","Menagerie","Minty Spire (QoL Compilation)","Pale of the Ancients","Permanent Neow","Quick Restart","Relic Filter","Replay The Spire","Robot Space Explorer","Spicy Shops","Spikes Relics","StSLib","Stuff the Spire","SuperFastMode","The Blue Laboratory","The Construct","The Disciple","The Factory","The Gatherer","The Jungle","The Marked","The Runesmith","The Servant 0.9.4","Trackpad","WarShipGirlsR/????R mod","vexMod"],"gold_per_floor":[110,12,24,286,286,286,319,319,400,536,714,714,754,890,890,890,890],"floor_reached":16,"playtime":928,"items_purged":[],"score":356,"play_id":"d5c5c1f1-6d86-4c9d-97ff-2812c0ca0a5c","local_time":"20201221165807","daily_mods":["Draft","Vintage","Heirloom","DeadlyEvents","Elite Swarm","Lethality","Binary"],"is_ascension_mode":true,"campfire_choices":[{"data":"construct:MetalShell","floor":6.0,"key":"SMITH"},{"data":"construct:SweepLaser","floor":8.0,"key":"SMITH"},{"data":"construct:Versatility","floor":12.0,"key":"SMITH"},{"data":"construct:Reinforce","floor":15.0,"key":"SMITH"}],"circlet_count":0,"master_deck":["AscendersBane","construct:SweepLaser+2","construct:ChargeShot","construct:Versatility+1","construct:FocusedBeam","construct:MetalShell+1","construct:SweepLaser","construct:Reinforce+1","construct:Hazardproof","construct:ScrapCannon","construct:ForceCore","construct:ScopeCore","construct:HeavyBolt","construct:Accumulate","construct:SyphonStrike","construct:Versatility"],"relics":["construct:ClockworkPhoenix","Hammer of Thor","Seething Fire","Anvil of the Gods","Busted Crown","TungstenRod","White Beast Statue","Replay:Accelerometer","Question Card","Gensokyo:NagashiBinaDoll","StuffTheSpire:TintedRock","Sundial","trackpad:PetRock","Dota2Spire:HandOfMidas","StuffTheSpire:Experiment12","Bronze Scales","Counterbalance"],"acts_visited":["Gensokyo:Gensokyo"],"potions_floor_usage":[16,16],"damage_taken":[{"damage":0.0,"enemies":"Gensokyo:3_Fairies","floor":1.0,"turns":2.0},{"damage":0.0,"enemies":"Gensokyo:Python","floor":3.0,"turns":2.0},{"damage":4.0,"enemies":"Gensokyo:Gryphon","floor":4.0,"turns":2.0},{"damage":17.0,"enemies":"Gensokyo:Aya","floor":7.0,"turns":3.0},{"damage":2.0,"enemies":"Gensokyo:Cirno","floor":10.0,"turns":4.0},{"damage":0.0,"enemies":"Gensokyo:3_Kodama","floor":13.0,"turns":1.0},{"damage":0.0,"enemies":"Gensokyo:Aya","floor":14.0,"turns":2.0},{"damage":7,"enemies":"Gensokyo:Kokoro","floor":16,"turns":4}],"seed_played":"2263120775167406002","potions_obtained":[{"floor":1.0,"key":"Adrenaline Potion"},{"floor":3.0,"key":"EntropicBrew"},{"floor":4.0,"key":"conspire:TimeTravelPotion"}],"is_trial":true,"path_per_floor":["M","COS","M","M","?","R","E","R","T","E","?","R","M","E","R","B"],"character_chosen":"THE_CONSTRUCT_MOD","items_purchased":[],"campfire_rested":0,"item_purchase_floors":[],"current_hp_per_floor":[72,72,72,68,68,68,51,51,51,49,4,4,4,4,4,0,0],"gold":890,"neow_bonus":"","is_daily":false,"chose_seed":false,"campfire_upgraded":4,"win_rate":0.0,"timestamp":1608598687,"path_taken":["M","COS","M","?","?","R","E","R","T","E","?","R","M","E","R","BOSS"],"items_purchased_type":[],"build_version":"2020-12-13","purchased_purges":0,"victory":false,"max_hp_per_floor":[80,80,80,80,80,80,80,80,80,80,80,80,80,80,80,80,80],"card_choices":[{"not_picked":["construct:ElectricArmor","construct:SyphonStrike"],"picked":"construct:SweepLaser","floor":0.0},{"not_picked":["construct:Versatility","construct:Antimatter"],"picked":"construct:ChargeShot","floor":0.0},{"not_picked":["construct:ModeShift","construct:VentSteam"],"picked":"construct:Versatility","floor":0.0},{"not_picked":["construct:HeavyBolt","construct:Boost"],"picked":"construct:FocusedBeam","floor":0.0},{"not_picked":["construct:ShiftStrike","construct:SyphonStrike"],"picked":"construct:MetalShell","floor":0.0},{"not_picked":["construct:Impenetrable","construct:Analyze"],"picked":"construct:SweepLaser","floor":0.0},{"not_picked":["construct:FocusedBeam","construct:ShiftStrike"],"picked":"construct:Reinforce","floor":0.0},{"not_picked":["construct:VentSteam","construct:Electrocute"],"picked":"construct:Hazardproof","floor":0.0},{"not_picked":["construct:Zapper","construct:Enhance"],"picked":"construct:ScrapCannon","floor":0.0},{"not_picked":["construct:HardReboot","construct:Failsafe"],"picked":"construct:ForceCore","floor":0.0},{"not_picked":["construct:Zapper","construct:SyphonStrike"],"picked":"construct:ScopeCore","floor":0.0},{"not_picked":["construct:ModeShift","construct:Stasis"],"picked":"construct:HeavyBolt","floor":0.0},{"not_picked":["construct:ShiftGuard","construct:HeavyBolt"],"picked":"construct:Accumulate","floor":0.0},{"not_picked":["construct:SaveState","construct:Backup"],"picked":"construct:SyphonStrike","floor":0.0},{"not_picked":["construct:SuppressiveFire","construct:SweepLaser"],"picked":"construct:Versatility","floor":0.0},{"not_picked":["construct:Bunker"],"picked":"SKIP","floor":7.0},{"not_picked":["construct:Multistage"],"picked":"SKIP","floor":10.0},{"not_picked":["construct:ShieldBurst"],"picked":"SKIP","floor":14.0}],"player_experience":963568,"relics_obtained":[{"floor":1.0,"key":"White Beast Statue"},{"floor":3.0,"key":"Replay:Accelerometer"},{"floor":4.0,"key":"Question Card"},{"floor":7.0,"key":"StuffTheSpire:TintedRock"},{"floor":9.0,"key":"Sundial"},{"floor":10.0,"key":"trackpad:PetRock"},{"floor":13.0,"key":"StuffTheSpire:Experiment12"},{"floor":14.0,"key":"Bronze Scales"}],"event_choices":[{"damage_healed":0.0,"max_hp_gain":0.0,"max_hp_loss":0.0,"gold_gain":178.0,"event_name":"betterSkull:BetterSkull","player_choice":"RE UP GO GO ","floor":11.0,"gold_loss":0.0,"damage_taken":56.0,"cards_upgraded":["construct:SweepLaser"],"relics_obtained":["Dota2Spire:HandOfMidas"]}],"is_beta":false,"boss_relics":[],"items_purged_floors":[],"is_endless":true,"potions_floor_spawned":[1,3,4,7,10,13,14],"killed_by":"Gensokyo:Kokoro","ascension_level":20}}