{"host":"m3qxensetu6036ua","time":1608632749,"event":{"mods":["2.2 Compatiblity","AchievementEnabler","BaseMod","Better Altar","Better Match","Better Sensory Stone","Better Skull","Better Third Choice","Better Vampires","Block Reminder","Colored Powertips","Displayed Cursed Tome","Hubris","Jedi Mod","Minty Spire (QoL Compilation)","Rare Cards Sparkle","Remove Card Discount Mod","Replay The Spire","Spicy Shops","StSLib","The Bug Knight"],"gold_per_floor":[109,122,137,156,156,185,185,185,209,209,223,253,68,68,68,165,165,165,165],"floor_reached":18,"playtime":1439,"items_purged":[],"score":170,"play_id":"0a975086-53e3-48ad-86c8-1a9c127ddc49","local_time":"20201222112549","is_ascension_mode":false,"campfire_choices":[{"data":"HollowMod:SoulSplash","floor":8,"key":"SMITH"},{"data":"HollowMod:CycloneSlash","floor":10,"key":"SMITH"},{"data":"Mayhem","floor":15,"key":"SMITH"}],"circlet_count":0,"master_deck":["HollowMod:NailStrikeStart","HollowMod:NailStrikeStart","HollowMod:NailStrikeStart","HollowMod:QuickDashStart","HollowMod:QuickDashStart","HollowMod:QuickDashStart","HollowMod:QuickDashStart","HollowMod:FocusHealStart","HollowMod:PogoStrike","HollowMod:SoulSplash+1","HollowMod:CycloneSlash+1","HollowMod:DesolateDive","HollowMod:Grubsong","HollowMod:SoulStrike","Mayhem+1"],"relics":["HollowMod:VesselMask","Replay:Mystery Machine","hubris:Icosahedron","Strawberry","Bag of Marbles","hubris:Stopwatch"],"acts_visited":["Exordium","TheCity"],"potions_floor_usage":[6,12,16],"damage_taken":[{"damage":1,"enemies":"Cultist","floor":1,"turns":3},{"damage":3,"enemies":"Jaw Worm","floor":2,"turns":3},{"damage":3,"enemies":"2 Louse","floor":3,"turns":2},{"damage":4,"enemies":"HollowMod:HuskWarrior","floor":4,"turns":5},{"damage":14,"enemies":"HollowMod:MossKnight","floor":6,"turns":10},{"damage":0,"enemies":"2 Fungi Beasts","floor":11,"turns":3},{"damage":12,"enemies":"Replay:BlueRogue","floor":12,"turns":5},{"damage":70,"enemies":"The Guardian","floor":16,"turns":11},{"damage":0,"enemies":"2 Thieves","floor":18,"turns":1}],"seed_played":"6269764098918741062","potions_obtained":[{"floor":1,"key":"Weak Potion"},{"floor":4,"key":"SpeedPotion"},{"floor":11,"key":"Fire Potion"},{"floor":16,"key":"Dexterity Potion"}],"is_trial":false,"path_per_floor":["M","M","M","M","?","E","?","R","T","R","M","E","$","?","R","B",null,"M"],"character_chosen":"THE_BUGKNIGHT","items_purchased":["Mayhem"],"campfire_rested":0,"item_purchase_floors":[13],"current_hp_per_floor":[81,78,75,77,77,69,69,69,76,76,76,64,64,64,64,6,89,89,89],"gold":165,"neow_bonus":"TEN_PERCENT_HP_BONUS","is_daily":false,"chose_seed":false,"campfire_upgraded":3,"win_rate":0.0,"timestamp":1608632749,"path_taken":["M","M","M","M","?","E","?","R","T","R","M","E","$","?","R","BOSS","M"],"items_purchased_type":["Card"],"build_version":"2020-12-13","purchased_purges":0,"victory":false,"max_hp_per_floor":[82,82,82,82,82,82,82,82,89,89,89,89,89,89,89,89,89,89,89],"card_choices":[{"not_picked":["HollowMod:HowlingWraiths","HollowMod:CloakDash"],"picked":"HollowMod:DungDefenderAura","floor":1},{"not_picked":["HollowMod:DesolateDive","HollowMod:SoulShaman"],"picked":"HollowMod:SoulSplash","floor":2},{"not_picked":["HollowMod:DescendingDark","HollowMod:PureNailStrike"],"picked":"HollowMod:CycloneSlash","floor":3},{"not_picked":["HollowMod:WraithStrike","HollowMod:InfectionAssault"],"picked":"HollowMod:DesolateDive","floor":4},{"not_picked":["HollowMod:DashSlash","HollowMod:InfectedAttack"],"picked":"HollowMod:Grubsong","floor":6},{"not_picked":["HollowMod:MonarchWings","HollowMod:QuirrelsAssistance"],"picked":"HollowMod:SoulStrike","floor":11},{"not_picked":["HollowMod:MothsMistake","HollowMod:GrimmsGift","HollowMod:BaldurShell"],"picked":"SKIP","floor":12}],"player_experience":132483,"relics_obtained":[{"floor":6,"key":"Replay:Mystery Machine"},{"floor":9,"key":"Strawberry"},{"floor":12,"key":"Bag of Marbles"}],"event_choices":[{"cards_removed":["HollowMod:NailStrikeStart"],"damage_healed":0,"gold_gain":0,"player_choice":"Offered Basic","damage_taken":0,"max_hp_gain":0,"max_hp_loss":0,"event_name":"Bonfire Elementals","floor":14,"gold_loss":0}],"is_beta":false,"boss_relics":[{"not_picked":["Ectoplasm","hubris:GrandSneckoEye"],"picked":"hubris:Stopwatch"}],"items_purged_floors":[],"is_endless":false,"potions_floor_spawned":[1,4,11,16],"killed_by":"2 Thieves","ascension_level":0}}