{"host":"ormi09wwzv7sq47a","time":1608658450,"event":{"mods":["2.2 Compatiblity","AchievementEnabler","Act Like it!","BaseMod","Bestiary","Better Note","Better Sensory Stone","Better Skull","Better Vampires","Colored Map","Colored Powertips","Curses Come First","DeckTracker","Downfall","Highlight Path","Minty Spire (QoL Compilation)","Permanent Neow","Quick Restart","Rare Cards Sparkle","Relic Stats","Shop Mod","StSLib","The Jungle"],"gold_per_floor":[116,41,41,54,65,65,79,79,79,31,51,51,85,85,85,85,85,85],"floor_reached":16,"playtime":632,"items_purged":["Slimebound:Tackle"],"score":140,"play_id":"afb9817d-667d-416e-a908-05ff2b58e778","local_time":"20201222153410","is_ascension_mode":true,"campfire_choices":[{"data":"Slimebound:CorrosiveSpit","floor":6.0,"key":"SMITH"},{"data":"Slimebound:LevelUp","floor":8.0,"key":"SMITH"},{"data":"Slimebound:SamplingLick","floor":12,"key":"SMITH"},{"data":"Slimebound:MegaLick","floor":15,"key":"SMITH"}],"circlet_count":0,"master_deck":["Slimebound:Strike_Slimebound","Slimebound:Strike_Slimebound","Slimebound:Strike_Slimebound","Slimebound:Defend_Slimebound","Slimebound:Defend_Slimebound","Slimebound:Defend_Slimebound","Slimebound:Defend_Slimebound","Slimebound:Split+1","Slimebound:CorrosiveSpit+1","Slimebound:LeechingTouch","Slimebound:LevelUp+1","Slimebound:AcidTongue","Slimebound:SlimeSpikes","Slimebound:SamplingLick","Slimebound:SamplingLick+1","Slimebound:MegaLick+1"],"relics":["Slimebound:AbsorbEndCombat","Shovel","Du-Vu Doll","Golden Idol"],"acts_visited":[],"potions_floor_usage":[13],"damage_taken":[{"damage":14.0,"enemies":"Small Slimes","floor":1.0,"turns":5.0},{"damage":9.0,"enemies":"Cultist","floor":4.0,"turns":4.0},{"damage":8.0,"enemies":"2 Louse","floor":5.0,"turns":2.0},{"damage":17.0,"enemies":"Looter","floor":7.0,"turns":4.0},{"damage":13.0,"enemies":"Red Slaver","floor":11.0,"turns":4.0},{"damage":31,"enemies":"3 Sentries","floor":13,"turns":8},{"damage":47,"enemies":"Hexaghost","floor":16,"turns":10}],"seed_played":"2274981295160421677","potions_obtained":[{"floor":11.0,"key":"Block Potion"}],"is_trial":false,"path_per_floor":["M","$","?","M","M","R","M","R","T","$","M","R","E","?","R","B"],"character_chosen":"SLIMEBOUND","items_purchased":["Slimebound:SamplingLick"],"campfire_rested":0,"item_purchase_floors":[10],"current_hp_per_floor":[56,56,56,61,65,65,61,61,61,61,60,60,43,27,27,0,0,0],"gold":85,"neow_bonus":"TEN_PERCENT_HP_BONUS","is_daily":false,"chose_seed":false,"campfire_upgraded":4,"win_rate":0.0,"timestamp":1608658450,"path_taken":["M","$","?","?","?","R","M","R","T","?","M","R","E","?","R","BOSS"],"items_purchased_type":["Card"],"build_version":"2020-12-13","purchased_purges":1,"victory":false,"max_hp_per_floor":[66,66,66,66,66,66,66,66,66,66,66,66,66,66,66,66,66,66],"relic_stats":{"Shovel":0,"counters":[7,35],"Golden Idol":0,"obtain_stats":[{"Du-Vu Doll":13,"Shovel":9,"Golden Idol":14,"Slimebound:AbsorbEndCombat":0},{"Du-Vu Doll":6,"Shovel":4,"Golden Idol":6,"Slimebound:AbsorbEndCombat":0},{"Du-Vu Doll":25,"Shovel":14,"Golden Idol":25,"Slimebound:AbsorbEndCombat":0}]},"card_choices":[{"not_picked":["Slimebound:SplitAcid","Slimebound:SplitLeeching"],"picked":"Slimebound:LeechingTouch","floor":1.0},{"not_picked":["Slimebound:SplitLeeching","Slimebound:ComboTackle"],"picked":"Slimebound:LevelUp","floor":4.0},{"not_picked":["Slimebound:FlameTackle","Slimebound:SamplingLick"],"picked":"Slimebound:AcidTongue","floor":5.0},{"not_picked":["Slimebound:GoopSpray","Slimebound:FinishingTackle"],"picked":"Slimebound:SlimeSpikes","floor":7.0},{"not_picked":["Slimebound:SplitBruiser","Slimebound:SplitMire"],"picked":"Slimebound:SamplingLick","floor":11.0},{"not_picked":["Slimebound:ComboTackle","Slimebound:SplitMire"],"picked":"Slimebound:MegaLick","floor":13}],"player_experience":717346,"relics_obtained":[{"floor":9.0,"key":"Shovel"},{"floor":13,"key":"Du-Vu Doll"}],"event_choices":[{"damage_healed":0.0,"max_hp_gain":0.0,"max_hp_loss":0.0,"gold_gain":0.0,"event_name":"Upgrade Shrine","player_choice":"Upgraded","floor":3.0,"gold_loss":0.0,"damage_taken":0.0,"cards_upgraded":["Slimebound:Split"]},{"damage_healed":0,"gold_gain":0,"player_choice":"Take Damage","damage_taken":16,"relics_obtained":["Golden Idol"],"max_hp_gain":0,"max_hp_loss":0,"event_name":"Golden Idol","floor":14,"gold_loss":0}],"is_beta":false,"boss_relics":[],"items_purged_floors":[2],"is_endless":false,"potions_floor_spawned":[11],"killed_by":"Hexaghost","ascension_level":8}}