{"host":"98bdbcgi2hhn2gyr","time":1608645093,"event":{"mods":["BaseMod","Colored Map","Minty Spire (QoL Compilation)","StSLib","The Servant 0.9.4"],"gold_per_floor":[118,128,128,147,160,160,210,210,210,210,244,244,48,76,76,179,179,193,193,468,483,493,523,523,32,32,60,60,60,79,112,112,212,212,232,32,44,0,0,25,1,1,1,34,48,60,94,106,106,106,106,106,19,52,52],"floor_reached":56,"playtime":4854,"items_purged":["Regret","Strike_S","Defend_S"],"score":2081,"play_id":"008c3d2c-618b-45b6-9ecc-2008f7303ebc","local_time":"20201222225133","is_ascension_mode":true,"campfire_choices":[{"floor":6.0,"key":"REST"},{"data":"Spin","floor":8.0,"key":"SMITH"},{"data":"Solidify","floor":10.0,"key":"SMITH"},{"data":"DoubleEdge","floor":12.0,"key":"SMITH"},{"data":"Apotheosis","floor":15.0,"key":"SMITH"},{"floor":24.0,"key":"REST"},{"data":"SoulSculpture","floor":28.0,"key":"SMITH"},{"data":"Gouge","floor":32.0,"key":"SMITH"},{"floor":42.0,"key":"RECALL"},{"floor":49.0,"key":"REST"},{"floor":52,"key":"REST"}],"circlet_count":0,"master_deck":["Defend_S+1","Defend_S","Defend_S","KidneyShot","Exchange+1","Alleviate","Spin+1","DoubleEdge+1","Solidify+1","Sabotage","Apotheosis+1","ShiftingGears","SoulSculpture+1","FlawlessForm","Spin+1","TheWorld","Gouge+1","GearUp","Desolation","LightFlow","Gouge+1","MurderousAura+1","Sabotage","Luminosity+1","DoubleEdge+1","Comet+1","GearUp+1"],"relics":["Black Star","Strawberry","Ornamental Fan","Dead Branch","War Paint","OldScarf","Oddly Smooth Stone","Velvet Choker","PreservedInsect","Meat on the Bone","Membership Card","Gremlin Horn","Frozen Egg 2","Regal Pillow","Dream Catcher","Shuriken","Calipers","Bottled Flame","Fusion Hammer","Centennial Puzzle","DollysMirror","Red Mask","MealTicket","Question Card","White Beast Statue","TungstenRod","Bag of Marbles","Blue Candle","Ginger","CaptainsWheel"],"acts_visited":["TheCity","TheBeyond","TheEnding"],"potions_floor_usage":[50,55,55,55,55],"damage_taken":[{"damage":6.0,"enemies":"Cultist","floor":1.0,"turns":5.0},{"damage":12.0,"enemies":"Jaw Worm","floor":2.0,"turns":8.0},{"damage":5.0,"enemies":"Small Slimes","floor":4.0,"turns":3.0},{"damage":7.0,"enemies":"Looter","floor":5.0,"turns":3.0},{"damage":8.0,"enemies":"Lagavulin","floor":11.0,"turns":9.0},{"damage":2.0,"enemies":"3 Sentries","floor":14.0,"turns":3.0},{"damage":0.0,"enemies":"The Guardian","floor":16.0,"turns":12.0},{"damage":0.0,"enemies":"Spheric Guardian","floor":18.0,"turns":3.0},{"damage":5.0,"enemies":"3 Byrds","floor":21.0,"turns":4.0},{"damage":7.0,"enemies":"Shelled Parasite and Fungi","floor":22.0,"turns":4.0},{"damage":29.0,"enemies":"Slavers","floor":23.0,"turns":6.0},{"damage":0.0,"enemies":"Gremlin Leader","floor":27.0,"turns":3.0},{"damage":0.0,"enemies":"Cultist and Chosen","floor":30.0,"turns":5.0},{"damage":0.0,"enemies":"Book of Stabbing","floor":31.0,"turns":3.0},{"damage":0.0,"enemies":"Automaton","floor":33.0,"turns":6.0},{"damage":2.0,"enemies":"3 Shapes","floor":35.0,"turns":5.0},{"damage":0.0,"enemies":"3 Darklings","floor":37.0,"turns":5.0},{"damage":0.0,"enemies":"Reptomancer","floor":40.0,"turns":2.0},{"damage":0.0,"enemies":"Nemesis","floor":44.0,"turns":3.0},{"damage":4.0,"enemies":"4 Shapes","floor":45.0,"turns":3.0},{"damage":0.0,"enemies":"Writhing Mass","floor":46.0,"turns":5.0},{"damage":4.0,"enemies":"Reptomancer","floor":47.0,"turns":3.0},{"damage":1.0,"enemies":"Jaw Worm Horde","floor":48.0,"turns":2.0},{"damage":0,"enemies":"Time Eater","floor":50,"turns":12},{"damage":33,"enemies":"Shield and Spear","floor":54,"turns":5},{"damage":7,"enemies":"The Heart","floor":55,"turns":6}],"seed_played":"7725720866555919422","potions_obtained":[{"floor":1.0,"key":"FearPotion"},{"floor":5.0,"key":"LiquidMemories"},{"floor":11.0,"key":"PowerPotion"},{"floor":14.0,"key":"Block Potion"},{"floor":23.0,"key":"PowerPotion"},{"floor":30.0,"key":"PowerPotion"},{"floor":33.0,"key":"Block Potion"},{"floor":44.0,"key":"Fruit Juice"},{"floor":45.0,"key":"EntropicBrew"},{"floor":47.0,"key":"SkillPotion"},{"floor":48.0,"key":"PowerPotion"}],"is_trial":false,"path_per_floor":["M","M","?","M","M","R","?","R","T","R","E","R","$","E","R","B",null,"M","?","?","M","M","E","R","$","T","E","R","?","M","E","R","B",null,"M","$","M","?","?","E","$","R","T","E","M","M","E","M","R","B",null,"R","$","E","B",null],"character_chosen":"THE_SERVANT","items_purchased":["Apotheosis","Membership Card","Gremlin Horn","Frozen Egg 2","Gouge","Regen Potion","Centennial Puzzle","DollysMirror","Block Potion","Weak Potion"],"campfire_rested":4,"item_purchase_floors":[13,25,25,25,25,25,36,36,41,53],"current_hp_per_floor":[53,41,41,36,29,50,50,50,50,50,42,42,42,40,40,40,64,64,64,64,59,52,23,44,44,44,53,53,53,53,53,53,53,67,65,65,65,65,65,65,72,72,72,72,73,73,69,68,77,77,77,77,77,44,49],"gold":52,"neow_bonus":"BOSS_RELIC","is_daily":false,"chose_seed":false,"campfire_upgraded":6,"win_rate":0.0,"timestamp":1608645093,"path_taken":["M","?","?","M","M","R","?","R","T","R","E","R","$","E","R","BOSS","M","?","?","?","M","E","R","$","T","E","R","?","M","E","R","BOSS","M","$","M","?","?","E","$","R","T","E","M","M","E","?","R","BOSS","R","$","E","BOSS"],"items_purchased_type":["Card","Relic","Relic","Relic","Card","Potion","Relic","Relic","Potion","Potion"],"build_version":"2020-12-13","purchased_purges":3,"victory":true,"max_hp_per_floor":[65,65,72,72,72,72,72,72,72,72,72,72,72,72,72,72,72,72,72,72,72,72,72,72,72,72,72,72,72,72,72,72,72,72,72,72,72,72,72,72,72,72,72,72,77,77,77,77,77,77,77,77,77,77,77],"card_choices":[{"not_picked":["DancingSilver","Replace"],"picked":"Alleviate","floor":1.0},{"not_picked":["MoonPhase","BottledTime"],"picked":"Spin","floor":2.0},{"not_picked":["BottledTime","StarChef"],"picked":"DoubleEdge","floor":4.0},{"not_picked":["Revamp","InstantArmor"],"picked":"Solidify","floor":5.0},{"not_picked":["Read","Reset"],"picked":"Sabotage","floor":11.0},{"not_picked":["TimeWarp","Read"],"picked":"ShiftingGears","floor":14.0},{"not_picked":["Initiator","PendulumOfEternity"],"picked":"SoulSculpture","floor":16.0},{"not_picked":["BottledTime","Spin","Starlight"],"picked":"SKIP","floor":18.0},{"not_picked":["Moonlight+1","ShatteredReality"],"picked":"Spin+1","floor":21.0},{"not_picked":["Ricochet+1","Alleviate","Revamp+1"],"picked":"SKIP","floor":22.0},{"not_picked":["Alleviate","Revamp"],"picked":"TheWorld","floor":23.0},{"not_picked":["Revamp","FastForward","Embodiment+1"],"picked":"SKIP","floor":27.0},{"not_picked":["FastForward","Collapse+1","InstantArmor"],"picked":"SKIP","floor":30.0},{"not_picked":["ShatteredReality","BestPractice+1","TimeWarp"],"picked":"SKIP","floor":31.0},{"not_picked":["Sunlight","Duplication"],"picked":"LightFlow","floor":33.0},{"not_picked":["Reset","StarChef+1","Replace+1"],"picked":"SKIP","floor":35.0},{"not_picked":["ShatteredReality","InstantArmor","Potential"],"picked":"SKIP","floor":37.0},{"not_picked":["ShatteredReality+1","Ricochet","Revamp+1"],"picked":"SKIP","floor":40.0},{"not_picked":["InstantArmor","Alleviate+1","GearUp"],"picked":"MurderousAura+1","floor":44.0},{"not_picked":["Unruled","Potential+1","BestPractice+1"],"picked":"Sabotage","floor":45.0},{"not_picked":["BestPractice+1","StarChef+1","Replace+1","Spin+1"],"picked":"SKIP","floor":46.0},{"not_picked":["Orbit+1","Alleviate","Potential"],"picked":"Luminosity+1","floor":47.0},{"not_picked":["Potential","ReturningBlade","TimeWarp","Contraction+1"],"picked":"SKIP","floor":48.0},{"not_picked":["SilverBlades+1","Spin+1","Moondial+1"],"picked":"DoubleEdge+1","floor":49.0},{"not_picked":["SilverMatrix+1","DoubleEdge","Gouge+1"],"picked":"Comet+1","floor":52},{"not_picked":["Misdirection","Orbit","Manipulate+1"],"picked":"GearUp+1","floor":54}],"player_experience":383574,"relics_obtained":[{"floor":9.0,"key":"Ornamental Fan"},{"floor":11.0,"key":"Dead Branch"},{"floor":11.0,"key":"War Paint"},{"floor":14.0,"key":"OldScarf"},{"floor":14.0,"key":"Oddly Smooth Stone"},{"floor":23.0,"key":"PreservedInsect"},{"floor":23.0,"key":"Meat on the Bone"},{"floor":26.0,"key":"Regal Pillow"},{"floor":27.0,"key":"Dream Catcher"},{"floor":27.0,"key":"Shuriken"},{"floor":31.0,"key":"Calipers"},{"floor":31.0,"key":"Bottled Flame"},{"floor":40.0,"key":"MealTicket"},{"floor":40.0,"key":"Question Card"},{"floor":44.0,"key":"White Beast Statue"},{"floor":44.0,"key":"TungstenRod"},{"floor":47.0,"key":"Bag of Marbles"},{"floor":47.0,"key":"Blue Candle"},{"floor":54,"key":"Ginger"},{"floor":54,"key":"CaptainsWheel"}],"event_choices":[{"damage_healed":0.0,"max_hp_gain":0.0,"max_hp_loss":0.0,"gold_gain":0.0,"event_name":"Scrap Ooze","player_choice":"Success","floor":3.0,"gold_loss":0.0,"damage_taken":7.0,"relics_obtained":["Strawberry"]},{"damage_healed":0.0,"max_hp_gain":0.0,"max_hp_loss":0.0,"gold_gain":50.0,"event_name":"Golden Wing","player_choice":"Gained Gold","floor":7.0,"gold_loss":0.0,"damage_taken":0.0},{"damage_healed":0.0,"max_hp_gain":0.0,"max_hp_loss":0.0,"gold_gain":0.0,"event_name":"The Library","player_choice":"Read","floor":19.0,"gold_loss":0.0,"damage_taken":0.0,"cards_obtained":["FlawlessForm"]},{"damage_healed":0.0,"max_hp_gain":0.0,"max_hp_loss":0.0,"gold_gain":275.0,"event_name":"Golden Shrine","player_choice":"Desecrate","floor":20.0,"gold_loss":0.0,"damage_taken":0.0,"cards_obtained":["Regret"]},{"damage_healed":0.0,"max_hp_gain":0.0,"max_hp_loss":0.0,"gold_gain":0.0,"cards_transformed":["Strike_S","Strike_S"],"event_name":"Drug Dealer","player_choice":"Became Test Subject","floor":29.0,"gold_loss":0.0,"damage_taken":0.0,"cards_obtained":["GearUp","Desolation"]},{"damage_healed":0.0,"max_hp_gain":0.0,"max_hp_loss":0.0,"gold_gain":0.0,"event_name":"Tomb of Lord Red Mask","player_choice":"Paid","floor":38.0,"gold_loss":44.0,"damage_taken":0.0,"relics_obtained":["Red Mask"]},{"cards_removed":["Strike_S"],"damage_healed":0.0,"max_hp_gain":0.0,"max_hp_loss":0.0,"gold_gain":0.0,"event_name":"Purifier","player_choice":"Purged","floor":39.0,"gold_loss":0.0,"damage_taken":0.0}],"is_beta":false,"boss_relics":[{"not_picked":["Runic Pyramid","Pandora\u0027s Box"],"picked":"Velvet Choker"},{"not_picked":["Astrolabe","Sozu"],"picked":"Fusion Hammer"}],"items_purged_floors":[25,36,53],"is_endless":false,"potions_floor_spawned":[1,5,11,14,23,30,33,44,45,46,47,48,54],"ascension_level":7}}