{"host":"cd9ii0p4lcq6b7m2","time":1608601265,"event":{"mods":["BaseMod","Block Reminder","Colored Map","Highlight Path","Minty Spire (QoL Compilation)"],"gold_per_floor":[117,135,12,12,26,59,84,84,84,99,125,125,90,90,90,192,192,212,40,52,52,68,68,93,93,93,127,127,141,168,168,168,269,269,281,35,48,66,66,66,77,77,155,175,208,208,33,48,48,48],"floor_reached":51,"playtime":5250,"items_purged":["Strike_P","Enlightenment","Defend_P"],"score":693,"play_id":"0261bff1-b73e-4cb9-9d8d-67adc337d3ad","local_time":"20201222014105","is_ascension_mode":false,"campfire_choices":[{"data":"Eruption","floor":8.0,"key":"SMITH"},{"floor":12.0,"key":"REST"},{"data":"JustLucky","floor":15.0,"key":"SMITH"},{"data":"ConjureBlade","floor":23.0,"key":"SMITH"},{"floor":25,"key":"REST"},{"floor":28,"key":"REST"},{"floor":32,"key":"REST"},{"data":"Crescendo","floor":40,"key":"SMITH"},{"data":"FlurryOfBlows","floor":49,"key":"SMITH"}],"circlet_count":0,"master_deck":["Strike_P","Strike_P","Strike_P+1","Defend_P","Defend_P","Defend_P","Eruption+1","Vigilance","FlurryOfBlows+1","CutThroughFate+1","JustLucky+1","Conclude","LessonLearned+1","Evaluate","ConjureBlade+1","CurseOfTheBell","EmptyBody+1","BattleHymn+1","MasterReality+1","ThirdEye+1","DeusExMachina","Crescendo+1","Halt+1","FlurryOfBlows+1","Sanctity+1","DevaForm+1"],"relics":["PureWater","Bag of Marbles","Toy Ornithopter","Nunchaku","Frozen Egg 2","Pear","Calling Bell","Oddly Smooth Stone","InkBottle","Gambling Chip","Bronze Scales","Tiny Chest","Omamori","Mercury Hourglass","Eternal Feather","Philosopher\u0027s Stone","Happy Flower","Kunai","Bottled Flame","Dead Branch"],"acts_visited":["Exordium","TheCity","TheBeyond"],"potions_floor_usage":[24,27,33,35,45,50,50],"damage_taken":[{"damage":5.0,"enemies":"Jaw Worm","floor":1.0,"turns":4.0},{"damage":2.0,"enemies":"2 Louse","floor":2.0,"turns":2.0},{"damage":1.0,"enemies":"Small Slimes","floor":5.0,"turns":3.0},{"damage":3.0,"enemies":"Gremlin Nob","floor":6.0,"turns":3.0},{"damage":21.0,"enemies":"Exordium Thugs","floor":10.0,"turns":5.0},{"damage":38.0,"enemies":"3 Sentries","floor":11.0,"turns":9.0},{"damage":8.0,"enemies":"Slime Boss","floor":16.0,"turns":7.0},{"damage":0.0,"enemies":"Spheric Guardian","floor":18.0,"turns":2.0},{"damage":15.0,"enemies":"2 Thieves","floor":20.0,"turns":3.0},{"damage":19.0,"enemies":"Shelled Parasite and Fungi","floor":22.0,"turns":5.0},{"damage":21,"enemies":"Gremlin Leader","floor":24,"turns":5},{"damage":17,"enemies":"Slavers","floor":27,"turns":4},{"damage":14,"enemies":"Snake Plant","floor":29,"turns":3},{"damage":15,"enemies":"Book of Stabbing","floor":30,"turns":4},{"damage":55,"enemies":"Collector","floor":33,"turns":8},{"damage":16,"enemies":"3 Darklings","floor":35,"turns":3},{"damage":9,"enemies":"Orb Walker","floor":37,"turns":3},{"damage":19,"enemies":"Transient","floor":38,"turns":5},{"damage":29,"enemies":"Sphere and 2 Shapes","floor":41,"turns":3},{"damage":16,"enemies":"4 Shapes","floor":44,"turns":3},{"damage":54,"enemies":"Nemesis","floor":45,"turns":5},{"damage":13,"enemies":"3 Darklings","floor":48,"turns":3},{"damage":61,"enemies":"Awakened One","floor":50,"turns":5}],"seed_played":"4993438644951533266","potions_obtained":[{"floor":2.0,"key":"Strength Potion"},{"floor":11.0,"key":"Swift Potion"},{"floor":20.0,"key":"SneckoOil"},{"floor":24,"key":"Block Potion"},{"floor":27,"key":"SneckoOil"},{"floor":37,"key":"Fire Potion"},{"floor":41,"key":"Regen Potion"},{"floor":45,"key":"StancePotion"}],"is_trial":false,"path_per_floor":["M","M","$","?","M","E","T","R","T","M","E","R","?","?","R","B",null,"M","$","M","?","M","R","E","R","T","E","R","M","E","?","R","B",null,"M","$","M","M","T","R","M","?","T","M","E","?","$","M","R","B",null],"character_chosen":"WATCHER","items_purchased":["JustLucky","FairyPotion","DistilledChaos","Happy Flower","AttackPotion"],"campfire_rested":4,"item_purchase_floors":[3,19,19,36,47],"current_hp_per_floor":[74,72,72,69,68,65,65,65,65,44,16,42,64,64,64,61,89,89,89,74,74,55,55,39,65,65,53,79,65,50,38,76,26,89,73,73,64,45,45,60,31,89,89,73,33,78,78,65,78,22],"gold":48,"neow_bonus":"TEN_PERCENT_HP_BONUS","is_daily":false,"chose_seed":false,"campfire_upgraded":5,"win_rate":0.0,"timestamp":1608601265,"path_taken":["M","M","$","?","M","E","?","R","T","M","E","R","?","?","R","BOSS","M","$","M","?","M","R","E","R","T","E","R","?","E","?","R","BOSS","M","$","M","?","?","R","M","?","T","M","E","?","$","M","R","BOSS"],"items_purchased_type":["Card","Potion","Potion","Relic","Potion"],"build_version":"2020-12-13","purchased_purges":3,"victory":true,"max_hp_per_floor":[79,79,79,79,79,79,79,79,79,79,89,89,89,89,89,89,89,89,89,89,89,89,89,89,89,89,89,89,89,89,89,89,89,89,89,89,89,89,89,89,89,89,89,89,89,78,78,78,78,78],"card_choices":[{"not_picked":["PathToVictory","Swivel"],"picked":"FlurryOfBlows","floor":1.0},{"not_picked":["BowlingBash","FollowUp"],"picked":"CutThroughFate","floor":2.0},{"not_picked":["EmptyBody","Crescendo"],"picked":"Conclude","floor":5.0},{"not_picked":["WaveOfTheHand","FlyingSleeves"],"picked":"LessonLearned","floor":6.0},{"not_picked":["JustLucky","PathToVictory","Sanctity"],"picked":"SKIP","floor":10.0},{"not_picked":["ReachHeaven","FlyingSleeves"],"picked":"Evaluate","floor":11.0},{"not_picked":["Omniscience","MasterReality+1"],"picked":"ConjureBlade","floor":16.0},{"not_picked":["ClearTheMind","Crescendo+1"],"picked":"EmptyBody","floor":18.0},{"not_picked":["JustLucky","Fasting2+1"],"picked":"BattleHymn+1","floor":20.0},{"not_picked":["FlyingSleeves","FollowUp","Consecrate"],"picked":"SKIP","floor":22.0},{"not_picked":["SashWhip+1","WaveOfTheHand"],"picked":"MasterReality+1","floor":24},{"not_picked":["SashWhip","TalkToTheHand","EmptyBody"],"picked":"SKIP","floor":27},{"not_picked":["SashWhip+1","Consecrate","TalkToTheHand"],"picked":"SKIP","floor":29},{"not_picked":["FollowUp","PathToVictory"],"picked":"ThirdEye+1","floor":30},{"not_picked":["Judgement","Brilliance"],"picked":"DeusExMachina","floor":33},{"not_picked":["Study+1","FlyingSleeves+1"],"picked":"Crescendo","floor":35},{"not_picked":["SashWhip+1","PathToVictory+1"],"picked":"Halt+1","floor":37},{"not_picked":["Pray+1","WreathOfFlame"],"picked":"FlurryOfBlows+1","floor":38},{"not_picked":["FollowUp+1","PathToVictory+1"],"picked":"Sanctity+1","floor":41},{"not_picked":["CrushJoints+1","Indignation"],"picked":"DevaForm+1","floor":44},{"not_picked":["WindmillStrike","Tantrum","JustLucky+1"],"picked":"SKIP","floor":45},{"not_picked":["ClearTheMind","PathToVictory+1","BattleHymn+1"],"picked":"SKIP","floor":48}],"player_experience":130421,"relics_obtained":[{"floor":6.0,"key":"Toy Ornithopter"},{"floor":7.0,"key":"Nunchaku"},{"floor":9.0,"key":"Frozen Egg 2"},{"floor":11.0,"key":"Pear"},{"floor":17.0,"key":"Oddly Smooth Stone"},{"floor":17.0,"key":"InkBottle"},{"floor":17.0,"key":"Gambling Chip"},{"floor":21.0,"key":"Bronze Scales"},{"floor":24,"key":"Tiny Chest"},{"floor":26,"key":"Omamori"},{"floor":27,"key":"Mercury Hourglass"},{"floor":30,"key":"Eternal Feather"},{"floor":39,"key":"Kunai"},{"floor":43,"key":"Bottled Flame"},{"floor":45,"key":"Dead Branch"}],"event_choices":[{"damage_healed":0.0,"max_hp_gain":0.0,"max_hp_loss":0.0,"gold_gain":0.0,"event_name":"Scrap Ooze","player_choice":"Success","floor":4.0,"gold_loss":0.0,"damage_taken":3.0,"relics_obtained":["Bag of Marbles"]},{"damage_healed":22.0,"max_hp_gain":0.0,"max_hp_loss":0.0,"gold_gain":0.0,"event_name":"The Cleric","player_choice":"Healed","floor":13.0,"gold_loss":35.0,"damage_taken":0.0},{"damage_healed":0.0,"max_hp_gain":0.0,"max_hp_loss":0.0,"gold_gain":0.0,"event_name":"Living Wall","player_choice":"Grow","floor":14.0,"gold_loss":0.0,"damage_taken":0.0,"cards_upgraded":["LessonLearned"]},{"damage_healed":0.0,"max_hp_gain":0.0,"max_hp_loss":0.0,"gold_gain":0.0,"event_name":"Wheel of Change","player_choice":"Relic","floor":21.0,"gold_loss":0.0,"damage_taken":0.0},{"damage_healed":0,"gold_gain":0,"player_choice":"CARD ","damage_taken":12,"max_hp_gain":0,"max_hp_loss":0,"event_name":"Knowing Skull","floor":31,"potions_obtained":[],"gold_loss":0,"cards_obtained":["Enlightenment"]},{"damage_healed":58,"gold_gain":0,"player_choice":"Heal","damage_taken":0,"max_hp_gain":0,"max_hp_loss":0,"event_name":"MindBloom","floor":42,"gold_loss":0,"cards_obtained":["Doubt"]},{"damage_healed":78,"gold_gain":0,"player_choice":"Heal","damage_taken":0,"max_hp_gain":0,"max_hp_loss":11,"event_name":"The Moai Head","floor":46,"gold_loss":0}],"is_beta":false,"boss_relics":[{"not_picked":["Coffee Dripper","Snecko Eye"],"picked":"Calling Bell"},{"not_picked":["Velvet Choker","Tiny House"],"picked":"Philosopher\u0027s Stone"}],"items_purged_floors":[3,36,47],"is_endless":false,"potions_floor_spawned":[2,11,20,22,24,27,37,41,45],"ascension_level":0}}