{"host":"sdjng9zhqonqi3uc","time":1608670649,"event":{"mods":["2.2 Compatiblity","AchievementEnabler","BaseMod","BetterRewards","Colored Powertips","Hero for Fun","Minty Spire (QoL Compilation)","StSLib","Td1madao Mod","The Animator","The Cursed","The Servant 0.9.4"],"gold_per_floor":[119,138,154,168,184,203,203,219,219,394,394,58,89,100,100,199,199,218,2,12,12,28,53,53,121,121,121,121,8,341,354,354,458,458,476,476,476],"floor_reached":36,"playtime":2571,"items_purged":["Doubt"],"score":431,"play_id":"60c644e8-9468-4df9-8e05-9472cc1f4b1d","local_time":"20201222215729","is_ascension_mode":false,"campfire_choices":[{"data":"Sabotage","floor":7,"key":"SMITH"},{"data":"Luminosity","floor":11,"key":"SMITH"},{"data":"Exchange","floor":15,"key":"SMITH"},{"floor":24,"key":"REST"},{"floor":28,"key":"REST"},{"floor":32,"key":"REST"}],"circlet_count":0,"master_deck":["Strike_S","Strike_S","Strike_S","Strike_S","Defend_S","Defend_S","Defend_S","Defend_S","KidneyShot","Exchange+1","Rearm","Luminosity+1","Sabotage+1","Alleviate","BottledTime","Ricochet","ShatteredReality","ReturningBlade","Luminosity","Sunlight","Misdirection","Read+1","ShatteredReality+1","Hightail+1","TimeWarp","LightFlow","Advance"],"relics":["SplendidAttire","NeowsBlessing","WingedGreaves","PocketWatch","Centennial Puzzle","StoneMask","Membership Card","Omamori","Bottled Tornado","Pantograph","Potion Belt","Nunchaku","Old Coin"],"acts_visited":["Exordium","TheCity","TheBeyond"],"potions_floor_usage":[4,13,16,16,16,16,16,16,23,33,36],"damage_taken":[{"damage":0,"enemies":"Jaw Worm","floor":1,"turns":1},{"damage":0,"enemies":"Small Slimes","floor":2,"turns":1},{"damage":0,"enemies":"Cultist","floor":3,"turns":1},{"damage":15,"enemies":"Exordium Thugs","floor":4,"turns":5},{"damage":0,"enemies":"Blue Slaver","floor":5,"turns":5},{"damage":1,"enemies":"Exordium Wildlife","floor":6,"turns":4},{"damage":0,"enemies":"Gremlin Gang","floor":8,"turns":3},{"damage":8,"enemies":"Lagavulin","floor":13,"turns":8},{"damage":0,"enemies":"Red Slaver","floor":14,"turns":4},{"damage":39,"enemies":"Slime Boss","floor":16,"turns":12},{"damage":22,"enemies":"2 Thieves","floor":18,"turns":3},{"damage":23,"enemies":"Spheric Guardian","floor":20,"turns":6},{"damage":34,"enemies":"Snecko","floor":22,"turns":8},{"damage":34,"enemies":"Book of Stabbing","floor":23,"turns":11},{"damage":26,"enemies":"Gremlin Leader","floor":30,"turns":6},{"damage":16,"enemies":"Chosen and Byrds","floor":31,"turns":5},{"damage":6,"enemies":"Automaton","floor":33,"turns":11},{"damage":35,"enemies":"3 Darklings","floor":35,"turns":6},{"damage":46,"enemies":"2 Orb Walkers","floor":36,"turns":2}],"seed_played":"-8644250951426875964","potions_obtained":[{"floor":2,"key":"EntropicBrew"},{"floor":3,"key":"SteroidPotion"},{"floor":4,"key":"Swift Potion"},{"floor":6,"key":"Energy Potion"},{"floor":13,"key":"Ancient Potion"},{"floor":22,"key":"Block Potion"},{"floor":30,"key":"CultistPotion"},{"floor":33,"key":"DistilledChaos"}],"is_trial":false,"path_per_floor":["M","M","M","M","M","M","R","M","T","?","R","$","E","M","R","B",null,"M","$","M","?","M","E","R","T","T","?","R","$","E","M","R","B",null,"M","?"],"character_chosen":"THE_SERVANT","items_purchased":["ShatteredReality","PocketWatch","Membership Card","Omamori","Nunchaku"],"campfire_rested":3,"item_purchase_floors":[12,12,19,19,29],"current_hp_per_floor":[65,65,65,50,50,49,49,49,49,49,49,49,41,41,41,2,65,49,49,29,68,37,6,27,27,27,27,48,48,25,15,36,58,74,42,0,0],"gold":476,"neow_bonus":"THREE_ENEMY_KILL","is_daily":false,"chose_seed":false,"campfire_upgraded":3,"win_rate":0.0,"timestamp":1608670649,"path_taken":["M","M","M","M","M","M","R","M","T","?","R","$","E","M","R","BOSS","M","$","M","?","?","E","R","?","T","?","R","$","E","M","R","BOSS","M","?"],"items_purchased_type":["Card","Relic","Relic","Relic","Relic"],"build_version":"2020-12-13","purchased_purges":1,"victory":false,"max_hp_per_floor":[65,65,65,65,65,65,65,65,65,65,65,65,65,65,65,65,65,67,67,68,68,69,70,70,70,70,70,70,70,71,73,73,74,74,75,75,75],"card_choices":[{"not_picked":["DoubleEdge","Contraction"],"picked":"Rearm","floor":1},{"not_picked":["BottledTime","Alleviate"],"picked":"Luminosity","floor":2},{"not_picked":["Revamp","StarChef"],"picked":"Sabotage","floor":3},{"not_picked":["Comet","Hightail"],"picked":"Alleviate","floor":4},{"not_picked":["Spin","Replace"],"picked":"BottledTime","floor":5},{"not_picked":["Sabotage","Potential"],"picked":"Ricochet","floor":6},{"not_picked":["Unruled","Defy","BottledTime"],"picked":"SKIP","floor":8},{"not_picked":["Initiator","Shuttle"],"picked":"ReturningBlade","floor":13},{"not_picked":["Defy","Rearm"],"picked":"Luminosity","floor":14},{"not_picked":["Deny","Duplication"],"picked":"Sunlight","floor":16},{"not_picked":["Ricochet","Rearm"],"picked":"Misdirection","floor":18},{"not_picked":["Replace","Spin"],"picked":"Misdirection","floor":20},{"not_picked":["FanOfKnives+1","RealityMarble+1"],"picked":"Read+1","floor":22},{"not_picked":["Defy","Rearm+1"],"picked":"ShatteredReality+1","floor":23},{"not_picked":["ShatteredReality+1","Revamp"],"picked":"Hightail+1","floor":30},{"not_picked":["Ricochet","Rearm"],"picked":"TimeWarp","floor":31},{"not_picked":["Sunlight","FloweringNight"],"picked":"LightFlow","floor":33},{"not_picked":["Replace","Reset"],"picked":"Advance","floor":35}],"player_experience":215923,"relics_obtained":[{"floor":9,"key":"WingedGreaves"},{"floor":13,"key":"Centennial Puzzle"},{"floor":23,"key":"Bottled Tornado"},{"floor":25,"key":"Pantograph"},{"floor":26,"key":"Potion Belt"},{"floor":30,"key":"Old Coin"}],"event_choices":[{"damage_healed":0,"gold_gain":175,"player_choice":"AGREE","damage_taken":0,"max_hp_gain":0,"max_hp_loss":0,"event_name":"Liars Game","floor":10,"gold_loss":0,"cards_obtained":["Doubt"]},{"cards_removed":["Misdirection"],"damage_healed":39,"gold_gain":0,"player_choice":"Offered Uncommon","damage_taken":0,"max_hp_gain":0,"max_hp_loss":0,"event_name":"Bonfire Elementals","floor":21,"gold_loss":0},{"damage_healed":0,"gold_gain":0,"player_choice":"Ignored","damage_taken":0,"max_hp_gain":0,"max_hp_loss":0,"event_name":"Ghosts","floor":27,"gold_loss":0},{"damage_healed":0,"gold_gain":0,"player_choice":"Fight","damage_taken":0,"max_hp_gain":0,"max_hp_loss":0,"event_name":"Mysterious Sphere","floor":36,"gold_loss":0}],"is_beta":false,"boss_relics":[{"not_picked":["Runic Pyramid","Philosopher\u0027s Stone"],"picked":"StoneMask"},{"not_picked":["Astrolabe","Black Star"],"picked":"SplendidAttire"}],"items_purged_floors":[29],"is_endless":false,"potions_floor_spawned":[2,3,4,6,13,22,30,33],"killed_by":"2 Orb Walkers","ascension_level":0}}