{"host":"6hzrz31j95f2y1pa","time":1608659322,"event":{"mods":["BaseMod","Colored Map","Downfall","Minty Spire (QoL Compilation)","StSLib"],"gold_per_floor":[99,116,126,146,49,75,75,92,418,418,436,436,33,65,78,78,78,78],"floor_reached":16,"playtime":720,"items_purged":["champ:Strike"],"score":176,"play_id":"7def60a5-f6c4-4b63-8d24-398a184469e1","local_time":"20201222124842","is_ascension_mode":true,"campfire_choices":[{"data":"champ:SteelEdge","floor":1.0,"key":"SMITH"}],"circlet_count":0,"master_deck":["champ:Strike","champ:Strike","champ:Defend","champ:Defend","champ:Defend","champ:Defend","champ:Execute","champ:Taunt","champ:SteelEdge+1","champ:DeathBlow","champ:GladiatorsShout","champ:TornadoPunch","champ:BringItOn","champ:RecklessLeap","champ:HeartStrike","champ:BerserkerStyle","champ:DefensiveStyle","champ:HeavySlash","champ:AdrenalArmor","champ:Balance","champ:GladiatorStyle","champ:CrookedStrike"],"relics":["champ:ChampionCrown","The Courier","Letter Opener","Old Coin","White Beast Statue","Lantern","Vajra"],"acts_visited":["Exordium"],"potions_floor_usage":[14,16,16],"damage_taken":[{"damage":5.0,"enemies":"2 Louse","floor":2.0,"turns":2.0},{"damage":10.0,"enemies":"Small Slimes","floor":3.0,"turns":2.0},{"damage":28.0,"enemies":"Jaw Worm","floor":4.0,"turns":6.0},{"damage":15.0,"enemies":"downfall:FleeingMerchant","floor":5.0,"turns":4.0},{"damage":25.0,"enemies":"3 Sentries","floor":6.0,"turns":5.0},{"damage":23.0,"enemies":"Exordium Thugs","floor":8.0,"turns":4.0},{"damage":44.0,"enemies":"Gremlin Nob","floor":9.0,"turns":5.0},{"damage":10.0,"enemies":"Large Slime","floor":11.0,"turns":6.0},{"damage":16.0,"enemies":"downfall:FleeingMerchant","floor":13.0,"turns":4.0},{"damage":39,"enemies":"3 Sentries","floor":14,"turns":5},{"damage":17,"enemies":"2 Fungi Beasts","floor":15,"turns":2},{"damage":18,"enemies":"downfall:Silent","floor":16,"turns":4}],"seed_played":"6531457194266599833","potions_obtained":[{"floor":2.0,"key":"Explosive Potion"},{"floor":6.0,"key":"SmokeBomb"},{"floor":9.0,"key":"AttackPotion"},{"floor":11.0,"key":"Guardian:BlockOnCardUsePotion"},{"floor":14,"key":"Fire Potion"},{"floor":15,"key":"CultistPotion"}],"is_trial":false,"path_per_floor":["R","M","M","M","$","E","T","M","E","?","M","?","$","E","M","B"],"character_chosen":"THE_CHAMP","items_purchased":["champ:RecklessLeap","White Beast Statue","Lantern"],"campfire_rested":0,"item_purchase_floors":[5,13,13],"current_hp_per_floor":[90,90,90,77,77,67,67,59,25,25,25,25,21,21,17,0,0,0],"gold":78,"neow_bonus":"ONE_RANDOM_RARE_CARD","is_daily":false,"chose_seed":false,"campfire_upgraded":1,"win_rate":0.0,"timestamp":1608659322,"path_taken":["R","M","M","M","$","E","T","M","E","?","M","?","$","E","M","BOSS"],"items_purchased_type":["Card","Relic","Relic"],"build_version":"2020-12-13","purchased_purges":1,"victory":false,"max_hp_per_floor":[90,90,90,90,90,90,90,90,90,90,90,90,90,90,90,90,90,90],"card_choices":[{"not_picked":["champ:EnragedBash","champ:BerserkersShout"],"picked":"champ:DeathBlow","floor":2.0},{"not_picked":["champ:ArenaPreparation","champ:PerfectedStrike"],"picked":"champ:GladiatorsShout","floor":3.0},{"not_picked":["champ:Backstep","champ:EnGarde"],"picked":"champ:TornadoPunch","floor":4.0},{"not_picked":["champ:Backstep","champ:GladiatorsShout"],"picked":"champ:BringItOn","floor":5.0},{"not_picked":["champ:FightOn","champ:DefensiveShout"],"picked":"champ:HeartStrike","floor":6.0},{"not_picked":["champ:BladeFlurry","champ:Circumvent"],"picked":"champ:BerserkerStyle","floor":8.0},{"not_picked":["champ:BladeFlurry","champ:PerfectedStrike"],"picked":"champ:DefensiveStyle","floor":9.0},{"not_picked":["champ:ShieldWall","champ:FocusedGladiator"],"picked":"champ:AdrenalArmor","floor":11.0},{"not_picked":["champ:DancingMaster","champ:BringItOn"],"picked":"champ:Balance","floor":13.0},{"not_picked":["champ:ArenaPreparation","champ:StanceDance"],"picked":"champ:GladiatorStyle","floor":14},{"not_picked":["champ:PerfectedStrike","champ:FightOn"],"picked":"champ:CrookedStrike","floor":15}],"player_experience":1215932,"relics_obtained":[{"floor":6.0,"key":"The Courier"},{"floor":7.0,"key":"Letter Opener"},{"floor":9.0,"key":"Old Coin"},{"floor":14,"key":"Vajra"}],"event_choices":[{"damage_healed":0.0,"max_hp_gain":0.0,"max_hp_loss":0.0,"gold_gain":0.0,"cards_transformed":["champ:Strike"],"event_name":"Living Wall","player_choice":"Change","floor":10.0,"gold_loss":0.0,"damage_taken":0.0,"cards_obtained":["champ:HeavySlash"]}],"is_beta":false,"boss_relics":[],"items_purged_floors":[13],"is_endless":false,"potions_floor_spawned":[2,6,9,11,14,15],"killed_by":"downfall:Silent","ascension_level":4}}