{"host":"93x13jgem5w43hjr","time":1608654730,"event":{"mods":["AchievementEnabler","BaseMod","Colored Map","Colored Powertips","Downfall","Minty Spire (QoL Compilation)","Remilia??????","StSLib","The Animator"],"gold_per_floor":[126,147,147,182,132,132,166,15,15,70,70,107,107,133,133,169,169],"floor_reached":16,"playtime":1439,"items_purged":["animator:Strike"],"score":100,"play_id":"bab8313f-1a35-4ae1-aebe-82a5518a7a80","local_time":"20201222093210","is_ascension_mode":false,"campfire_choices":[{"data":"animator:ChaikaTrabant","floor":6,"key":"SMITH"},{"data":"animator:KrulTepes","floor":11,"key":"SMITH"},{"data":"animator:DolaStephanie","floor":13,"key":"SMITH"},{"data":"animator:Shinoa","floor":15,"key":"SMITH"}],"circlet_count":0,"master_deck":["animator:Defend_OwariNoSeraph","animator:Strike","animator:Defend","animator:Defend","animator:Defend","animator:Shinoa+1","animator:Mikaela","animator:ChaikaTrabant+1","animator:GuildGirl","animator:Mitsurugi","animator:DolaStephanie+1","animator:Chris","animator:KrulTepes+1","animator:AcuraTooru","animator:DolaCouronne"],"relics":["animator:LivingPicture","animator:TheMissingPiece","Gambling Chip","Blood Vial","Eternal Feather"],"acts_visited":["Exordium"],"potions_floor_usage":[2,12],"damage_taken":[{"damage":3,"enemies":"Small Slimes","floor":1,"turns":5},{"damage":0,"enemies":"2 Louse","floor":2,"turns":4},{"damage":0,"enemies":"Jaw Worm","floor":7,"turns":3},{"damage":9,"enemies":"Gremlin Gang","floor":10,"turns":7},{"damage":4,"enemies":"3 Sentries","floor":12,"turns":6},{"damage":21,"enemies":"Exordium Thugs","floor":14,"turns":6},{"damage":52,"enemies":"Slime Boss","floor":16,"turns":12}],"seed_played":"3870986915149243008","potions_obtained":[{"floor":1,"key":"BlessingOfTheForge"},{"floor":7,"key":"AttackPotion"}],"is_trial":false,"path_per_floor":["M","M","?","?","?","R","M","$","T","M","R","E","R","M","R","B"],"character_chosen":"THE_ANIMATOR","items_purchased":["animator:Chris"],"campfire_rested":0,"item_purchase_floors":[8],"current_hp_per_floor":[63,63,63,63,63,63,63,63,63,54,54,50,56,38,47,0,0],"gold":169,"neow_bonus":"THREE_RARE_CARDS","is_daily":false,"chose_seed":false,"campfire_upgraded":4,"win_rate":0.0,"timestamp":1608654730,"path_taken":["M","M","?","?","?","R","M","?","T","M","R","E","R","M","R","BOSS"],"items_purchased_type":["Card"],"build_version":"2020-12-13","purchased_purges":1,"victory":false,"max_hp_per_floor":[66,66,66,66,66,66,66,66,66,66,66,66,66,67,67,67,67],"card_choices":[{"not_picked":["animator:Sora","animator:Wiz"],"picked":"animator:ChaikaTrabant","floor":0},{"not_picked":["animator:ElricAlphonse","animator:RinTohsaka"],"picked":"animator:GuildGirl","floor":1},{"not_picked":["animator:Illya","animator:Layla"],"picked":"animator:Mitsurugi","floor":2},{"not_picked":["animator:Megumin","animator:Jibril"],"picked":"animator:DolaStephanie","floor":7},{"not_picked":["animator:HiiragiShinya","animator:Shinoa"],"picked":"animator:KrulTepes","floor":10},{"not_picked":["animator:ShinjiMatou","animator:GuildGirl"],"picked":"animator:AcuraTooru","floor":12},{"not_picked":["animator:Jibril","animator:CowGirl"],"picked":"animator:DolaCouronne","floor":14}],"player_experience":186098,"relics_obtained":[{"floor":9,"key":"Gambling Chip"},{"floor":12,"key":"Blood Vial"},{"floor":12,"key":"Eternal Feather"}],"event_choices":[{"cards_removed":["Doubt"],"damage_healed":0,"gold_gain":0,"player_choice":"Forget","damage_taken":0,"max_hp_gain":0,"max_hp_loss":0,"event_name":"Living Wall","floor":3,"gold_loss":0},{"cards_removed":["animator:Strike"],"damage_healed":0,"gold_gain":0,"player_choice":"Card Removal","damage_taken":0,"max_hp_gain":0,"max_hp_loss":0,"event_name":"The Cleric","floor":5,"gold_loss":50}],"is_beta":false,"boss_relics":[],"items_purged_floors":[8],"is_endless":false,"potions_floor_spawned":[1,7],"killed_by":"Slime Boss","ascension_level":0}}