{"host":"vyt5ne9ydo1z9gg1","time":1608606964,"event":{"mods":["BaseMod","Curses Come First","DeckTracker","GifTheSpireLib","Minty Spire (QoL Compilation)","StSLib"],"gold_per_floor":[115,44,58,58,233,262,262,274,274,301,316,344,355,367,367,467,467,481,495,495,495,495],"floor_reached":21,"playtime":1237,"items_purged":[],"score":279,"play_id":"1790afc5-9726-4191-818a-352cfc0ec416","local_time":"20201222141604","is_ascension_mode":true,"campfire_choices":[{"data":"Inflame","floor":7,"key":"SMITH"},{"floor":15,"key":"REST"}],"circlet_count":0,"master_deck":["Strike_R+1","Strike_R","Strike_R","Strike_R","Defend_R","Defend_R","Defend_R","Defend_R","Bash+1","Cleave","Metallicize","Battle Trance","Doubt","Inflame+1","Spot Weakness","Hemokinesis","Feed","Armaments","Warcry","Shockwave","Demon Form","Rage"],"relics":["Burning Blood","Whetstone","Bird Faced Urn","Shovel","Regal Pillow","SlaversCollar"],"acts_visited":["Exordium","TheCity"],"potions_floor_usage":[10,20,20],"damage_taken":[{"damage":6,"enemies":"Cultist","floor":1,"turns":3},{"damage":5,"enemies":"Small Slimes","floor":3,"turns":3},{"damage":23,"enemies":"Gremlin Nob","floor":6,"turns":5},{"damage":12,"enemies":"2 Louse","floor":8,"turns":2},{"damage":31,"enemies":"3 Sentries","floor":10,"turns":6},{"damage":2,"enemies":"Large Slime","floor":11,"turns":3},{"damage":29,"enemies":"Gremlin Nob","floor":12,"turns":4},{"damage":26,"enemies":"Exordium Thugs","floor":13,"turns":6},{"damage":6,"enemies":"2 Fungi Beasts","floor":14,"turns":3},{"damage":32,"enemies":"Slime Boss","floor":16,"turns":10},{"damage":32,"enemies":"2 Thieves","floor":18,"turns":4},{"damage":65,"enemies":"3 Byrds","floor":19,"turns":8},{"damage":0,"enemies":"Sentry and Sphere","floor":20,"turns":2},{"damage":21,"enemies":"Centurion and Healer","floor":21,"turns":4}],"seed_played":"7687141303761251361","potions_obtained":[{"floor":3,"key":"LiquidBronze"},{"floor":6,"key":"Swift Potion"},{"floor":8,"key":"SmokeBomb"},{"floor":13,"key":"GamblersBrew"}],"is_trial":false,"path_per_floor":["M","$","M","?","?","E","R","M","T","E","M","E","M","M","R","B",null,"M","M","M","M"],"character_chosen":"IRONCLAD","items_purchased":["Metallicize"],"campfire_rested":1,"item_purchase_floors":[2],"current_hp_per_floor":[80,80,80,73,73,56,56,54,54,33,41,25,13,18,60,41,80,61,10,18,0,0],"gold":495,"neow_bonus":"RANDOM_COMMON_RELIC","is_daily":false,"chose_seed":false,"campfire_upgraded":1,"win_rate":0.0,"timestamp":1608606964,"path_taken":["M","?","M","?","?","E","R","M","T","E","M","E","M","M","R","BOSS","M","M","M","M"],"items_purchased_type":["Card"],"build_version":"2020-12-13","purchased_purges":0,"victory":false,"max_hp_per_floor":[80,80,80,80,80,80,80,80,80,80,80,83,87,90,90,93,93,96,100,100,100,100],"card_choices":[{"not_picked":["Body Slam","Flame Barrier"],"picked":"Cleave","floor":1},{"not_picked":["Pummel","Clothesline"],"picked":"Battle Trance","floor":3},{"not_picked":["Warcry","Pommel Strike"],"picked":"Inflame","floor":6},{"not_picked":["Havoc","True Grit"],"picked":"Spot Weakness","floor":8},{"not_picked":["Perfected Strike","Bloodletting"],"picked":"Hemokinesis","floor":10},{"not_picked":["Iron Wave","Searing Blow"],"picked":"Feed","floor":11},{"not_picked":["Twin Strike","Uppercut"],"picked":"Armaments","floor":12},{"not_picked":["Flex","Armaments"],"picked":"Warcry","floor":13},{"not_picked":["Havoc","Armaments"],"picked":"Shockwave","floor":14},{"not_picked":["Fiend Fire","Exhume"],"picked":"Demon Form","floor":16},{"not_picked":["Wild Strike","Cleave","Flex"],"picked":"SKIP","floor":18},{"not_picked":["Battle Trance+1","Intimidate"],"picked":"Rage","floor":19}],"player_experience":117478,"relics_obtained":[{"floor":6,"key":"Bird Faced Urn"},{"floor":10,"key":"Shovel"},{"floor":12,"key":"Regal Pillow"}],"event_choices":[{"cards_removed":["Strike_R"],"damage_healed":0,"gold_gain":0,"player_choice":"Card Removal","damage_taken":7,"max_hp_gain":0,"max_hp_loss":0,"event_name":"Golden Wing","floor":4,"gold_loss":0},{"damage_healed":0,"gold_gain":175,"player_choice":"AGREE","damage_taken":0,"max_hp_gain":0,"max_hp_loss":0,"event_name":"Liars Game","floor":5,"gold_loss":0,"cards_obtained":["Doubt"]}],"is_beta":false,"boss_relics":[{"not_picked":["Black Blood","Mark of Pain"],"picked":"SlaversCollar"}],"items_purged_floors":[],"is_endless":false,"potions_floor_spawned":[3,6,8,13,20],"killed_by":"Centurion and Healer","ascension_level":5}}