{"host":"p7xnybcl7rtshmbr","time":1608633735,"event":{"mods":["AchievementEnabler","AlwaysNeverKeys","Aspiration","BaseMod","Hermit","Hubris","Minty Spire (QoL Compilation)","Replay The Spire","StSLib","The Hierophant","The Marked","The Poker Player","The Servant 0.9.4"],"gold_per_floor":[12,12,12,30,30,30,30,30,30,30,30,55,55,66,66,164,164,183,183,202,202,202,202,218,218,218],"floor_reached":25,"playtime":800,"items_purged":[],"score":197,"play_id":"4c3eb840-2634-4dfc-a521-ce3c2964b1d7","local_time":"20201222134215","is_ascension_mode":false,"campfire_choices":[{"data":"theMarked:RogueSparks","floor":8,"key":"SMITH"},{"floor":13,"key":"REST"},{"floor":15,"key":"REST"},{"floor":23,"key":"REST"}],"circlet_count":0,"master_deck":["theMarked:Strike+1","theMarked:Strike+1","theMarked:Strike+1","theMarked:Strike+1","theMarked:Defend+1","theMarked:Defend+1","theMarked:Defend+1","theMarked:SoldierOfQuellstein","theMarked:RogueSparks+1","theMarked:HeightenedSenses","Regret","theMarked:EmpowerWeapon+1","theMarked:Parkour","theMarked:FavorableWinds+1","theMarked:EmpowerWeapon+1","theMarked:Overcharge+1","hermit:HeroicBravado+1"],"relics":["theMarked:ArtifactOfAir","Question Card","Toxic Egg 2","theMarked:VonisonLock","hubris:DisguiseKit"],"acts_visited":["Exordium","TheCity"],"potions_floor_usage":[],"damage_taken":[{"damage":1,"enemies":"Cultist","floor":1,"turns":3},{"damage":2,"enemies":"Small Slimes","floor":4,"turns":4},{"damage":36,"enemies":"Replay:BlueRogue","floor":12,"turns":6},{"damage":4,"enemies":"Jaw Worm","floor":14,"turns":4},{"damage":32,"enemies":"Hexaghost","floor":16,"turns":8},{"damage":18,"enemies":"Chosen","floor":18,"turns":5},{"damage":32,"enemies":"3 Byrds","floor":20,"turns":6},{"damage":19,"enemies":"Cultist and Chosen","floor":24,"turns":5},{"damage":18,"enemies":"Snake Plant","floor":25,"turns":2}],"seed_played":"-5092171124151331217","potions_obtained":[{"floor":1,"key":"Dexterity Potion"},{"floor":4,"key":"BlessingOfTheForge"},{"floor":18,"key":"Explosive Potion"}],"is_trial":false,"path_per_floor":["M","?","?","M","$","?","$","R","T","?","$","E","R","M","R","B",null,"M","?","M","?","?","R","M","M"],"character_chosen":"THE_DEFAULT","items_purchased":[],"campfire_rested":3,"item_purchase_floors":[],"current_hp_per_floor":[69,70,56,54,54,54,54,54,54,47,47,11,32,28,49,17,70,52,52,20,12,12,33,14,0,0],"gold":218,"neow_bonus":"REMOVE_TWO","is_daily":false,"chose_seed":false,"campfire_upgraded":1,"win_rate":0.0,"timestamp":1608633735,"path_taken":["M","?","?","?","$","?","$","R","T","?","$","E","R","?","R","BOSS","M","?","M","?","?","R","M","?"],"items_purchased_type":[],"build_version":"2020-12-13","purchased_purges":0,"victory":false,"max_hp_per_floor":[70,70,70,70,70,70,70,70,70,70,70,70,70,70,70,70,70,70,70,70,70,70,70,70,70,70],"card_choices":[{"not_picked":["theMarked:Electrocute","theMarked:Polarize"],"picked":"theMarked:RogueSparks","floor":1},{"not_picked":["theMarked:TakeCover","theMarked:Reabsorb"],"picked":"theMarked:HeightenedSenses","floor":4},{"not_picked":["theMarked:ReduceFriction+1","theMarked:ParalyzingBlade+1","theMarked:Static+1"],"picked":"theMarked:EmpowerWeapon+1","floor":12},{"not_picked":["theMarked:Polarize+1","theMarked:RepellingDischarge+1","theMarked:Frustration"],"picked":"theMarked:Parkour","floor":14},{"not_picked":["theMarked:DispelDoubt","theMarked:Levitate+1","theMarked:Snap"],"picked":"theMarked:FavorableWinds+1","floor":16},{"not_picked":["theMarked:SwordAndMagic","theMarked:ReduceFriction+1","theMarked:Electrocute+1"],"picked":"theMarked:EmpowerWeapon+1","floor":18},{"not_picked":["theMarked:LightningStrikesTwice","theMarked:Reabsorb+1","theMarked:Convert+1","theMarked:Electrocute+1"],"picked":"SKIP","floor":20},{"not_picked":["theMarked:HeightenedSenses+1","theMarked:SwordAndMagic","theMarked:Aftermath+1"],"picked":"theMarked:Overcharge+1","floor":21},{"not_picked":["theMarked:EnhancedHearing+1","theMarked:Aftermath+1","theMarked:TakeCover+1","theMarked:ResourceFulStrike+1"],"picked":"hermit:HeroicBravado","floor":24}],"player_experience":323633,"relics_obtained":[{"floor":9,"key":"Toxic Egg 2"},{"floor":12,"key":"theMarked:VonisonLock"}],"event_choices":[{"damage_healed":0,"gold_gain":0,"player_choice":"Entered Light","damage_taken":14,"max_hp_gain":0,"max_hp_loss":0,"event_name":"Shining Light","floor":3,"gold_loss":0,"cards_upgraded":["theMarked:Strike","theMarked:Defend"]},{"damage_healed":0,"gold_gain":0,"player_choice":"Box","damage_taken":0,"relics_obtained":["Question Card"],"max_hp_gain":0,"max_hp_loss":0,"event_name":"Big Fish","floor":6,"gold_loss":0,"cards_obtained":["Regret"]},{"damage_healed":0,"gold_gain":0,"player_choice":"Damaged","damage_taken":7,"max_hp_gain":0,"max_hp_loss":0,"event_name":"Wheel of Change","floor":10,"gold_loss":0},{"damage_healed":0,"gold_gain":0,"player_choice":"Simplicity","damage_taken":0,"max_hp_gain":0,"max_hp_loss":0,"event_name":"Back to Basics","floor":19,"gold_loss":0,"cards_upgraded":["theMarked:Strike","theMarked:Strike","theMarked:Strike","theMarked:Defend","theMarked:Defend"]},{"damage_healed":0,"gold_gain":0,"player_choice":"Gave Potion","damage_taken":0,"relics_obtained":["hubris:DisguiseKit"],"max_hp_gain":0,"max_hp_loss":0,"event_name":"WeMeetAgain","floor":22,"gold_loss":0}],"is_beta":false,"boss_relics":[{"not_picked":["Kintsugi","hubris:GrandSneckoEye","ReplayTheSpireMod:DimensionalGlitch"]}],"items_purged_floors":[],"is_endless":false,"potions_floor_spawned":[1,4,18],"killed_by":"Snake Plant","ascension_level":0}}