{"host":"63o2iqaaus9jfjk5","time":1608631791,"event":{"mods":["AchievementEnabler","BaseMod","Bestiary","Better Altar","Better Match","Better Note","Better Sensory Stone","Better Skull","Better Third Choice","Better Vampires","Better-Laid Plans","BetterRewards","Block Reminder","Colored Powertips","Conspire","Curses Come First","Displayed Cursed Tome","GifTheSpireLib","Minty Spire (QoL Compilation)","RNG Fix","Random Character Button","Red Circlet Mod","Relic Stats","StSLib","Unceasing Turn Reminder"],"gold_per_floor":[118,129,129,139,104,132,132,150,150,215,20,20,35,50,50,152,152,162,162],"floor_reached":18,"playtime":1195,"items_purged":[],"score":164,"play_id":"7922e1fb-14c5-478d-bec5-d505ff5b7a3a","local_time":"20201222040951","is_ascension_mode":false,"campfire_choices":[{"floor":7,"key":"REST"},{"data":"Distraction","floor":15,"key":"SMITH"}],"circlet_count":0,"master_deck":["Strike_G","Strike_G","Strike_G","Strike_G","Strike_G","Defend_G","Defend_G","Defend_G","Defend_G","Defend_G","Survivor","Neutralize","Noxious Fumes","Deflect","Panache","Deflect","Blur","Slice","Prepared","Distraction+1","Acrobatics","Envenom","Dodge and Roll"],"relics":["Ring of the Snake","NeowsBlessing","betterThird:SlimedRelic","conspire:Flyswatter","Bottled Lightning","Matryoshka","PreservedInsect","SlaversCollar"],"acts_visited":["Exordium","TheCity"],"potions_floor_usage":[10,16,16,16],"damage_taken":[{"damage":0,"enemies":"2 Louse","floor":1,"turns":1},{"damage":0,"enemies":"Jaw Worm","floor":2,"turns":1},{"damage":0,"enemies":"Small Slimes","floor":4,"turns":1},{"damage":38,"enemies":"Gremlin Nob","floor":6,"turns":5},{"damage":4,"enemies":"2 Fungi Beasts","floor":8,"turns":4},{"damage":32,"enemies":"Lagavulin Event","floor":10,"turns":10},{"damage":2,"enemies":"Blue Slaver","floor":13,"turns":6},{"damage":0,"enemies":"3 Louse","floor":14,"turns":4},{"damage":14,"enemies":"The Guardian","floor":16,"turns":11},{"damage":7,"enemies":"Shell Parasite","floor":18,"turns":5}],"seed_played":"8317997078995511694","potions_obtained":[{"floor":6,"key":"Dexterity Potion"},{"floor":10,"key":"SkillPotion"},{"floor":13,"key":"Fire Potion"},{"floor":14,"key":"FearPotion"},{"floor":16,"key":"SkillPotion"},{"floor":18,"key":"SpeedPotion"}],"is_trial":false,"path_per_floor":["M","M","?","M","?","E","R","M","T","?","$","?","M","M","R","B",null,"M"],"character_chosen":"THE_SILENT","items_purchased":["PreservedInsect","Prepared"],"campfire_rested":1,"item_purchase_floors":[11,11],"current_hp_per_floor":[70,70,70,70,59,21,42,38,38,6,6,70,68,68,68,54,70,63,63],"gold":162,"neow_bonus":"THREE_ENEMY_KILL","is_daily":false,"chose_seed":false,"campfire_upgraded":1,"win_rate":0.0,"timestamp":1608631791,"path_taken":["M","?","?","M","?","E","R","M","T","?","?","?","M","?","R","BOSS","M"],"items_purchased_type":["Relic","Card"],"build_version":"2020-12-13","purchased_purges":0,"victory":false,"max_hp_per_floor":[70,70,70,70,70,70,70,70,70,70,70,70,70,70,70,70,70,70,70],"relic_stats":{"counters":[25,125],"PreservedInsect":0,"obtain_stats":[{"BackwardClock":10,"Tiny House":17,"NeowsBlessing":0,"Eternal Feather":6,"PreservedInsect":11,"SkinProphecy":19,"Ancient Tea Set":2,"Mercury Hourglass":9,"Strange Spoon":12,"SlaversCollar":17,"CogitoBucket":0,"Matryoshka":10,"betterThird:SlimedRelic":5,"Bottled Lightning":9,"Ring of the Snake":0,"conspire:Flyswatter":6},{"BackwardClock":7,"Tiny House":10,"NeowsBlessing":15,"Eternal Feather":4,"PreservedInsect":21,"SkinProphecy":13,"Ancient Tea Set":1,"Mercury Hourglass":5,"Strange Spoon":8,"SlaversCollar":24,"CogitoBucket":0,"Matryoshka":21,"betterThird:SlimedRelic":18,"Bottled Lightning":20,"Ring of the Snake":0,"conspire:Flyswatter":19},{"BackwardClock":32,"Tiny House":50,"NeowsBlessing":77,"Eternal Feather":19,"PreservedInsect":99,"SkinProphecy":63,"Ancient Tea Set":4,"Mercury Hourglass":27,"Strange Spoon":35,"SlaversCollar":120,"CogitoBucket":0,"Matryoshka":99,"betterThird:SlimedRelic":80,"Bottled Lightning":89,"Ring of the Snake":0,"conspire:Flyswatter":85}],"Ring of the Snake":[50]},"card_choices":[{"not_picked":["Dagger Throw","Slice"],"picked":"Noxious Fumes","floor":1},{"not_picked":["Leg Sweep","Dagger Throw"],"picked":"Deflect","floor":2},{"not_picked":["Deep Breath","PanicButton"],"picked":"Panache","floor":3},{"not_picked":["PiercingWail","Catalyst"],"picked":"Deflect","floor":4},{"not_picked":["Accuracy","Dodge and Roll"],"picked":"Flechettes","floor":6},{"not_picked":["Flechettes","Masterful Stab"],"picked":"Blur","floor":8},{"not_picked":["Bane","Flying Knee"],"picked":"Slice","floor":10},{"not_picked":["Calculated Gamble","Flying Knee"],"picked":"Distraction","floor":13},{"not_picked":["PiercingWail","Cloak And Dagger"],"picked":"Acrobatics","floor":14},{"not_picked":["After Image","Night Terror"],"picked":"Envenom","floor":16},{"not_picked":["Sucker Punch","Predator"],"picked":"Dodge and Roll","floor":18}],"player_experience":106061,"relics_obtained":[{"floor":6,"key":"conspire:Flyswatter"},{"floor":9,"key":"Bottled Lightning"},{"floor":10,"key":"Matryoshka"}],"event_choices":[{"damage_healed":0,"gold_gain":1,"player_choice":"1","damage_taken":0,"max_hp_gain":0,"max_hp_loss":0,"event_name":"betterStone:BetterStone","floor":3,"gold_loss":0},{"damage_healed":0,"gold_gain":0,"player_choice":"Slimed","damage_taken":11,"max_hp_gain":0,"max_hp_loss":0,"event_name":"betterThird:BetterGoop","floor":5,"gold_loss":35},{"damage_healed":0,"gold_gain":0,"player_choice":"Searched \u00271\u0027 times","damage_taken":0,"max_hp_gain":0,"max_hp_loss":0,"event_name":"Dead Adventurer","floor":10,"gold_loss":0},{"cards_removed":["Flechettes"],"damage_healed":64,"gold_gain":0,"player_choice":"Offered Uncommon","damage_taken":0,"max_hp_gain":0,"max_hp_loss":0,"event_name":"Bonfire Elementals","floor":12,"gold_loss":0}],"is_beta":false,"boss_relics":[{"not_picked":["Runic Dome","Busted Crown"],"picked":"SlaversCollar"}],"items_purged_floors":[],"is_endless":false,"potions_floor_spawned":[6,10,13,14,16,18],"killed_by":"Shell Parasite","ascension_level":0}}