{"host":"udzsrhbqdxqtlypj","time":1608675809,"event":{"mods":["BaseMod","Minty Spire (QoL Compilation)","Relic Stats"],"gold_per_floor":[109,109,129,147,135,165,165,195,247,247,261,261,261,292,292,417,417,440,326,35,35,56,56,56,56],"floor_reached":24,"playtime":1527,"items_purged":[],"score":321,"play_id":"0c708f94-a9c4-48b4-b2e7-02302c767b81","local_time":"20201222162329","is_ascension_mode":true,"campfire_choices":[{"floor":7,"key":"REST"},{"data":"Malaise","floor":10,"key":"SMITH"},{"data":"Night Terror","floor":12,"key":"SMITH"},{"floor":15,"key":"REST"},{"data":"Acrobatics","floor":23,"key":"SMITH"}],"circlet_count":0,"master_deck":["AscendersBane","Strike_G","Strike_G","Strike_G","Strike_G","Strike_G","Defend_G","Defend_G","Defend_G","Defend_G+1","Defend_G","Survivor","Neutralize+1","Malaise+1","Infinite Blades","Eviscerate","Underhanded Strike","Escape Plan","Terror","Dagger Throw","Night Terror+1","Reflex","Die Die Die","Malaise+1","Well Laid Plans","Malaise+1","Acrobatics+1"],"relics":["Ring of the Snake","Boot","StrikeDummy","Strawberry","Golden Idol","Centennial Puzzle","SacredBark","Lantern","DollysMirror"],"acts_visited":["Exordium","TheCity"],"potions_floor_usage":[6,18,24],"damage_taken":[{"damage":3,"enemies":"Cultist","floor":1,"turns":4},{"damage":0,"enemies":"2 Louse","floor":3,"turns":4},{"damage":0,"enemies":"Small Slimes","floor":4,"turns":5},{"damage":13,"enemies":"Exordium Thugs","floor":5,"turns":4},{"damage":20,"enemies":"Gremlin Nob","floor":6,"turns":4},{"damage":13,"enemies":"Lagavulin","floor":8,"turns":6},{"damage":0,"enemies":"2 Fungi Beasts","floor":11,"turns":2},{"damage":9,"enemies":"3 Sentries","floor":14,"turns":6},{"damage":22,"enemies":"The Guardian","floor":16,"turns":14},{"damage":13,"enemies":"2 Thieves","floor":18,"turns":2},{"damage":4,"enemies":"Shell Parasite","floor":22,"turns":8},{"damage":44,"enemies":"Gremlin Leader","floor":24,"turns":9}],"seed_played":"-2809873936991297929","potions_obtained":[{"floor":1,"key":"Strength Potion"},{"floor":5,"key":"Explosive Potion"},{"floor":16,"key":"DuplicationPotion"}],"is_trial":false,"path_per_floor":["M","?","M","M","M","E","R","E","T","R","M","R","?","E","R","B",null,"M","?","$","?","M","R","E"],"character_chosen":"THE_SILENT","items_purchased":["DollysMirror","Well Laid Plans","CultistPotion"],"campfire_rested":2,"item_purchase_floors":[20,20,20],"current_hp_per_floor":[60,46,46,46,33,13,34,21,28,28,28,28,28,19,40,18,58,45,45,45,45,41,41,0,0],"gold":56,"neow_bonus":"ONE_RANDOM_RARE_CARD","is_daily":false,"chose_seed":false,"campfire_upgraded":3,"win_rate":0.0,"timestamp":1608675809,"path_taken":["M","?","M","M","M","E","R","E","T","R","M","R","?","E","R","BOSS","M","?","?","?","M","R","E"],"items_purchased_type":["Relic","Card","Potion"],"build_version":"2020-12-13","purchased_purges":0,"victory":false,"max_hp_per_floor":[70,70,70,70,70,70,70,70,77,77,77,77,71,71,71,71,71,71,71,71,71,71,71,71,71],"relic_stats":{"Centennial Puzzle":[12],"counters":[12,68],"Golden Idol":40,"Boot":[19],"obtain_stats":[{"Centennial Puzzle":14,"Lantern":19,"Golden Idol":13,"DollysMirror":20,"Strawberry":9,"SacredBark":17,"Boot":6,"StrikeDummy":8,"Ring of the Snake":0},{"Centennial Puzzle":8,"Lantern":10,"Golden Idol":7,"DollysMirror":10,"Strawberry":6,"SacredBark":9,"Boot":5,"StrikeDummy":6,"Ring of the Snake":0},{"Centennial Puzzle":35,"Lantern":51,"Golden Idol":29,"DollysMirror":51,"Strawberry":27,"SacredBark":49,"Boot":21,"StrikeDummy":27,"Ring of the Snake":0}],"Ring of the Snake":[24]},"card_choices":[{"not_picked":["Eviscerate","Sucker Punch"],"picked":"Infinite Blades","floor":1},{"not_picked":["Deflect","Deadly Poison"],"picked":"Eviscerate","floor":3},{"not_picked":["Slice","Accuracy"],"picked":"Underhanded Strike","floor":4},{"not_picked":["Deflect","Expertise"],"picked":"Escape Plan","floor":5},{"not_picked":["Cloak And Dagger","Riddle With Holes"],"picked":"Terror","floor":6},{"not_picked":["Bullet Time","PiercingWail"],"picked":"Dagger Throw","floor":8},{"not_picked":["Underhanded Strike","Deflect"],"picked":"Night Terror","floor":11},{"not_picked":["Skewer","Unload"],"picked":"Reflex","floor":14},{"not_picked":["Venomology","Glass Knife"],"picked":"Die Die Die","floor":16},{"not_picked":["Masterful Stab+1","Predator","Slice"],"picked":"SKIP","floor":18},{"not_picked":["Blade Dance+1","Backflip"],"picked":"Acrobatics","floor":22}],"player_experience":2713853,"relics_obtained":[{"floor":6,"key":"Boot"},{"floor":8,"key":"StrikeDummy"},{"floor":9,"key":"Strawberry"},{"floor":14,"key":"Centennial Puzzle"}],"event_choices":[{"damage_healed":0,"gold_gain":0,"player_choice":"Entered Light","damage_taken":14,"max_hp_gain":0,"max_hp_loss":0,"event_name":"Shining Light","floor":2,"gold_loss":0,"cards_upgraded":["Neutralize","Defend_G"]},{"damage_healed":0,"gold_gain":0,"player_choice":"Lose Max HP","damage_taken":0,"relics_obtained":["Golden Idol"],"max_hp_gain":0,"max_hp_loss":6,"event_name":"Golden Idol","floor":13,"gold_loss":0},{"damage_healed":0,"gold_gain":0,"player_choice":"Paid Gold","damage_taken":0,"relics_obtained":["Lantern"],"max_hp_gain":0,"max_hp_loss":0,"event_name":"WeMeetAgain","floor":19,"gold_loss":114},{"damage_healed":0,"gold_gain":0,"player_choice":"Copied","damage_taken":0,"max_hp_gain":0,"max_hp_loss":0,"event_name":"Duplicator","floor":21,"gold_loss":0,"cards_obtained":["Malaise"]}],"is_beta":false,"boss_relics":[{"not_picked":["Astrolabe","Pandora\u0027s Box"],"picked":"SacredBark"}],"items_purged_floors":[],"is_endless":false,"potions_floor_spawned":[1,5,16],"killed_by":"Gremlin Leader","ascension_level":10}}