{"host":"e6oyrm1qxoctfokz","time":1608676948,"event":{"mods":["BaseMod","Clawfect","Colored Powertips","Defuse TimeMaze Blight","Halation","Highlight Path","Hubris","Infinite Spire","Minty Spire (QoL Compilation)","Permanent Neow","Quick Restart","Relic Sorter","Replay The Spire","StSLib","Trackpad","vexMod"],"gold_per_floor":[118,130,149,149,169,199,199,215,215,215,245,170,170,170,170,290,290,331,36,72,72,118,178,228,228,276,336,336,380,380,429,429,585,585,585],"floor_reached":34,"playtime":2084,"items_purged":["Defend_B","Defend_B","Defend_B"],"score":477,"play_id":"987c2a78-4edc-4a2f-b4ab-5dc13aca1174","local_time":"20201222204228","is_ascension_mode":false,"campfire_choices":[{"data":"ReplayRNGCard","floor":7.0,"key":"SMITH"},{"floor":10.0,"key":"REST"},{"floor":15.0,"key":"DIG"},{"floor":25.0,"key":"REST"},{"floor":32.0,"key":"REST"}],"circlet_count":0,"master_deck":["Gash","Gash","Gash","Gash","Gash","ReplayRNGCard+1","Clawfect:ClawForOne","ReplayTheSpireMod:System Scan","Clawfect:ClawForOne","Gash+1","Madness+1"],"relics":["Clawfect:DRClaw","hubris:Icosahedron","Orichalcum","InkBottle","infinitespire:Satchel","Replay:Bandana","Black Star","Replay:Kaleidoscope","Centennial Puzzle","Vajra","Shuriken","Cables","trackpad:Compendium"],"acts_visited":["Exordium","TheCity"],"potions_floor_usage":[],"damage_taken":[{"damage":0.0,"enemies":"2 Louse","floor":1.0,"turns":4.0},{"damage":1.0,"enemies":"Small Slimes","floor":2.0,"turns":4.0},{"damage":1.0,"enemies":"Cultist","floor":3.0,"turns":4.0},{"damage":3.0,"enemies":"Looter","floor":5.0,"turns":4.0},{"damage":25.0,"enemies":"3 Sentries","floor":6.0,"turns":8.0},{"damage":13.0,"enemies":"Gremlin Gang","floor":8.0,"turns":7.0},{"damage":15.0,"enemies":"Gremlin Nob","floor":11.0,"turns":4.0},{"damage":12.0,"enemies":"Hexaghost","floor":16.0,"turns":5.0},{"damage":0.0,"enemies":"3 Byrds","floor":18.0,"turns":3.0},{"damage":13.0,"enemies":"2 Thieves","floor":20.0,"turns":2.0},{"damage":9.0,"enemies":"Chosen and Byrds","floor":22.0,"turns":2.0},{"damage":30.0,"enemies":"Nightmare","floor":23.0,"turns":5.0},{"damage":4.0,"enemies":"Sentry and Sphere","floor":24.0,"turns":3.0},{"damage":9.0,"enemies":"Replay:Snechameleon","floor":27.0,"turns":2.0},{"damage":0.0,"enemies":"Snake Plant","floor":29.0,"turns":2.0},{"damage":4.0,"enemies":"Cultist and Chosen","floor":31.0,"turns":2.0},{"damage":5.0,"enemies":"hubris:MusketHawk","floor":33.0,"turns":2.0}],"seed_played":"-6816846450109307215","potions_obtained":[{"floor":0.0,"key":"FearPotion"},{"floor":0.0,"key":"Strength Potion"},{"floor":0.0,"key":"ColorlessPotion"},{"floor":1.0,"key":"Dexterity Potion"},{"floor":5.0,"key":"SteroidPotion"},{"floor":8.0,"key":"Adrenaline Potion"},{"floor":11.0,"key":"Energy Potion"},{"floor":22.0,"key":"Adrenaline Potion"},{"floor":27.0,"key":"AttackPotion"},{"floor":29.0,"key":"Regen Potion"},{"floor":31.0,"key":"Regen Potion"}],"is_trial":false,"path_per_floor":["M","M","M","?","M","E","R","M","T","R","E","$","?","?","R","B",null,"M","$","M","?","M","NM","M","R","T","E","?","M","AVR","M","R","B",null],"character_chosen":"DEFECT","items_purchased":["Clawfect:ClawForOne","Gash+1"],"campfire_rested":3,"item_purchase_floors":[19,19],"current_hp_per_floor":[75,74,73,73,70,45,45,32,32,54,39,39,39,39,39,27,75,75,75,62,62,53,23,19,41,41,32,32,32,32,28,50,50,50,50],"gold":585,"neow_bonus":"THREE_SMALL_POTIONS","is_daily":false,"chose_seed":false,"campfire_upgraded":1,"win_rate":0.0,"timestamp":1608676948,"path_taken":["M","M","M","?","M","E","R","M","T","R","E","$","?","?","R","BOSS","M","$","M","?","M","NM","M","R","T","E","?","M","AVR","M","R","BOSS"],"items_purchased_type":["Card","Card"],"build_version":"2020-12-13","purchased_purges":3,"victory":false,"max_hp_per_floor":[75,75,75,75,75,75,75,75,75,75,75,75,75,75,75,75,75,75,75,75,75,75,75,75,75,75,75,75,75,75,75,75,75,75,75],"card_choices":[{"not_picked":["Capacitor","Clawfect:Clawter","Heatsinks"],"picked":"SKIP","floor":1.0},{"not_picked":["Storm","Clawfect:ClawpileDriver"],"picked":"ReplayRNGCard","floor":2.0},{"not_picked":["Static Discharge","Clawfect:ClawCell","Stack"],"picked":"SKIP","floor":3.0},{"not_picked":["Hologram","Chill","Double Energy"],"picked":"SKIP","floor":5.0},{"not_picked":["Chill","Conserve Battery","Self Repair"],"picked":"SKIP","floor":6.0},{"not_picked":["Clawfect:Clawline","ReplaySort"],"picked":"Clawfect:Clawrage","floor":8.0},{"not_picked":["Auto Shields","Lockon"],"picked":"Clawfect:ClawForOne","floor":11.0},{"not_picked":["Clawfect:ClawLightning","Lockon+1","Reprogram"],"picked":"SKIP","floor":18.0},{"not_picked":["Rebound","ReplayTheSpireMod:Calculation Training","Turbo"],"picked":"SKIP","floor":20.0},{"not_picked":["ReplayTheSpireMod:System Scan+1","Recycle+1","Undo"],"picked":"SKIP","floor":22.0},{"not_picked":["Buffer","Meteor Strike","ReplayGash"],"picked":"SKIP","floor":23.0},{"not_picked":["Sunder","ReplaySort","Turbo"],"picked":"SKIP","floor":24.0},{"not_picked":["ReplayTheSpireMod:Repulse+1","Leap","Redo"],"picked":"SKIP","floor":27.0},{"not_picked":["Rebound","Time Bomb"],"picked":"FTL+1","floor":29.0},{"not_picked":["Redo","Tempest","ReplayTheSpireMod:System Scan+1"],"picked":"SKIP","floor":31.0}],"player_experience":375183,"relics_obtained":[{"floor":6.0,"key":"Orichalcum"},{"floor":9.0,"key":"InkBottle"},{"floor":11.0,"key":"infinitespire:Satchel"},{"floor":15.0,"key":"Replay:Bandana"},{"floor":23.0,"key":"Replay:Kaleidoscope"},{"floor":23.0,"key":"Centennial Puzzle"},{"floor":26.0,"key":"Vajra"},{"floor":27.0,"key":"Shuriken"},{"floor":27.0,"key":"Cables"}],"event_choices":[{"damage_healed":0.0,"max_hp_gain":0.0,"max_hp_loss":0.0,"gold_gain":0.0,"cards_transformed":["Defend_B"],"event_name":"Transmorgrifier","player_choice":"Transformed","floor":14.0,"gold_loss":0.0,"damage_taken":0.0,"cards_obtained":["ReplayTheSpireMod:System Scan"]},{"cards_removed":["Defend_B"],"damage_healed":0.0,"max_hp_gain":0.0,"max_hp_loss":0.0,"gold_gain":0.0,"event_name":"Purifier","player_choice":"Purged","floor":28.0,"gold_loss":0.0,"damage_taken":0.0}],"is_beta":false,"boss_relics":[{"not_picked":["hubris:CrackedHourglass","hubris:VirtuousBlindfold"],"picked":"Black Star"}],"items_purged_floors":[12,19,30],"is_endless":true,"potions_floor_spawned":[1,5,8,11,22,27,29,31],"ascension_level":0}}