{"host":"03a85bwj0a5skoit","time":1608610458,"event":{"mods":["BaseMod","Block Reminder","Minty Spire (QoL Compilation)","Relic Stats","StSLib"],"gold_per_floor":[109,124,124,138,63,63,96,96,121,121,121,121,33,43,43,120,120,136,136,8,21,21,21,33,33,33,33,67,79,94,94,94,172,172,184,209,209,229,248,278,278,278,278],"floor_reached":42,"playtime":2183,"items_purged":["Distraction","Shame"],"score":1113,"play_id":"aac662b8-f419-4071-8735-58e14b6786be","local_time":"20201222144418","is_ascension_mode":true,"campfire_choices":[{"data":"Tools of the Trade","floor":6,"key":"SMITH"},{"data":"Footwork","floor":8,"key":"SMITH"},{"data":"Leg Sweep","floor":12,"key":"SMITH"},{"data":"Well Laid Plans","floor":15,"key":"SMITH"},{"data":"Acrobatics","floor":23,"key":"SMITH"},{"data":"After Image","floor":25,"key":"SMITH"},{"data":"Eviscerate","floor":27,"key":"SMITH"},{"data":"Calculated Gamble","floor":32,"key":"SMITH"},{"data":"Cloak And Dagger","floor":41,"key":"SMITH"}],"circlet_count":0,"master_deck":["AscendersBane","Survivor","Neutralize","Dagger Throw","Dash","After Image+1","Tools of the Trade+1","Leg Sweep+1","Slice","Grand Finale","Outmaneuver","Cloak And Dagger+1","Acrobatics+1","Dodge and Roll","Footwork+1","Corpse Explosion","Well Laid Plans+1","Envenom","Poisoned Stab","Doppelganger","Dagger Throw","Eviscerate+1","Calculated Gamble+1","Crippling Poison","Accuracy","Parasite","Accuracy","Cloak And Dagger"],"relics":["Pandora\u0027s Box","Strawberry","Oddly Smooth Stone","Calipers","Busted Crown","Meat on the Bone","Singing Bowl","HornCleat","HoveringKite","Thread and Needle","Bird Faced Urn"],"acts_visited":["Exordium","TheCity","TheBeyond"],"potions_floor_usage":[16,29,30],"damage_taken":[{"damage":0,"enemies":"Jaw Worm","floor":1,"turns":4},{"damage":0,"enemies":"Small Slimes","floor":2,"turns":4},{"damage":0,"enemies":"2 Louse","floor":4,"turns":2},{"damage":0,"enemies":"Lagavulin","floor":7,"turns":3},{"damage":8,"enemies":"Exordium Thugs","floor":14,"turns":4},{"damage":4,"enemies":"Hexaghost","floor":16,"turns":14},{"damage":0,"enemies":"Shell Parasite","floor":18,"turns":7},{"damage":0,"enemies":"Spheric Guardian","floor":21,"turns":3},{"damage":40,"enemies":"Cultist and Chosen","floor":24,"turns":8},{"damage":0,"enemies":"Gremlin Leader","floor":28,"turns":6},{"damage":0,"enemies":"Sentry and Sphere","floor":29,"turns":3},{"damage":4,"enemies":"Snake Plant","floor":30,"turns":5},{"damage":0,"enemies":"Automaton","floor":33,"turns":8},{"damage":7,"enemies":"Orb Walker","floor":35,"turns":4},{"damage":0,"enemies":"Mind Bloom Boss Battle","floor":36,"turns":8},{"damage":0,"enemies":"3 Shapes","floor":38,"turns":3},{"damage":4,"enemies":"Writhing Mass","floor":39,"turns":7},{"damage":74,"enemies":"Reptomancer","floor":40,"turns":9},{"damage":63,"enemies":"Jaw Worm Horde","floor":42,"turns":4}],"seed_played":"3071621212057997829","potions_obtained":[{"floor":2,"key":"FairyPotion"},{"floor":4,"key":"Poison Potion"},{"floor":28,"key":"Fruit Juice"},{"floor":29,"key":"CunningPotion"},{"floor":30,"key":"Ancient Potion"}],"is_trial":false,"path_per_floor":["M","M","?","M","$","R","E","R","T","?","T","R","$","M","R","B",null,"M","?","$","M","?","R","M","R","T","R","E","M","M","$","R","B",null,"M","?","?","M","M","E","R","M"],"character_chosen":"THE_SILENT","items_purchased":["Corpse Explosion","Dagger Throw"],"campfire_rested":0,"item_purchase_floors":[13,20],"current_hp_per_floor":[59,59,52,52,52,52,59,59,59,48,48,48,48,40,40,36,64,64,64,64,64,64,64,36,36,36,36,48,53,51,51,51,53,75,70,70,70,72,68,37,37,0,0],"gold":278,"neow_bonus":"BOSS_RELIC","is_daily":false,"chose_seed":false,"campfire_upgraded":9,"win_rate":0.0,"timestamp":1608610458,"path_taken":["M","M","?","M","$","R","E","R","T","?","?","R","$","M","R","BOSS","M","?","?","?","?","R","M","R","T","R","E","M","M","$","R","BOSS","M","?","?","M","M","E","R","M"],"items_purchased_type":["Card","Card"],"build_version":"2020-12-13","purchased_purges":2,"victory":false,"max_hp_per_floor":[66,66,66,66,66,66,73,73,73,73,73,73,73,73,73,73,73,73,73,73,73,73,73,73,73,73,73,73,78,80,80,80,82,82,84,84,84,86,86,86,86,86,86],"relic_stats":{"Busted Crown":24,"Singing Bowl":8,"counters":[19,106],"Bird Faced Urn":[14],"HoveringKite":[31],"Pandora\u0027s Box":["Dagger Throw","Dash","After Image","Tools of the Trade","Distraction","Leg Sweep","Concentrate","Slice","Grand Finale","Outmaneuver"],"obtain_stats":[{"Calipers":10,"Busted Crown":17,"HornCleat":28,"Singing Bowl":26,"Strawberry":7,"Bird Faced Urn":40,"Oddly Smooth Stone":9,"HoveringKite":34,"Pandora\u0027s Box":0,"Thread and Needle":36,"Ring of the Snake":0,"Meat on the Bone":22},{"Calipers":4,"Busted Crown":6,"HornCleat":10,"Singing Bowl":9,"Strawberry":4,"Bird Faced Urn":18,"Oddly Smooth Stone":4,"HoveringKite":13,"Pandora\u0027s Box":0,"Thread and Needle":15,"Ring of the Snake":0,"Meat on the Bone":8},{"Calipers":13,"Busted Crown":31,"HornCleat":55,"Singing Bowl":49,"Strawberry":13,"Bird Faced Urn":102,"Oddly Smooth Stone":13,"HoveringKite":71,"Pandora\u0027s Box":0,"Thread and Needle":83,"Ring of the Snake":0,"Meat on the Bone":41}],"Meat on the Bone":36},"card_choices":[{"not_picked":["Flying Knee","Masterful Stab"],"picked":"Cloak And Dagger","floor":1},{"not_picked":["Catalyst","PiercingWail"],"picked":"Acrobatics","floor":2},{"not_picked":["Quick Slash","Slice"],"picked":"Dodge and Roll","floor":4},{"not_picked":["Crippling Poison","Distraction"],"picked":"Footwork","floor":7},{"not_picked":["Backflip","Night Terror"],"picked":"Well Laid Plans","floor":14},{"not_picked":["Glass Knife","Grand Finale"],"picked":"Envenom","floor":16},{"not_picked":[],"picked":"Poisoned Stab","floor":18},{"not_picked":["Cloak And Dagger"],"picked":"SKIP","floor":21},{"not_picked":[],"picked":"Eviscerate","floor":24},{"not_picked":[],"picked":"Calculated Gamble","floor":28},{"not_picked":[],"picked":"Crippling Poison","floor":29},{"not_picked":["Backflip"],"picked":"Singing Bowl","floor":30},{"not_picked":["Storm of Steel"],"picked":"Singing Bowl","floor":33},{"not_picked":["Expertise"],"picked":"Singing Bowl","floor":35},{"not_picked":[],"picked":"Accuracy","floor":36},{"not_picked":["Flying Knee"],"picked":"Singing Bowl","floor":38},{"not_picked":[],"picked":"Accuracy","floor":39},{"not_picked":[],"picked":"Cloak And Dagger","floor":40}],"player_experience":2286877,"relics_obtained":[{"floor":7,"key":"Strawberry"},{"floor":9,"key":"Oddly Smooth Stone"},{"floor":26,"key":"Singing Bowl"},{"floor":28,"key":"HornCleat"},{"floor":36,"key":"Thread and Needle"},{"floor":40,"key":"Bird Faced Urn"}],"event_choices":[{"cards_removed":["Concentrate"],"damage_healed":0,"gold_gain":0,"player_choice":"Card Removal","damage_taken":7,"max_hp_gain":0,"max_hp_loss":0,"event_name":"Golden Wing","floor":3,"gold_loss":0},{"damage_healed":0,"gold_gain":0,"player_choice":"Success","damage_taken":11,"relics_obtained":["Calipers"],"max_hp_gain":0,"max_hp_loss":0,"event_name":"Scrap Ooze","floor":10,"gold_loss":0},{"damage_healed":0,"gold_gain":0,"player_choice":"2 cards matched","damage_taken":0,"max_hp_gain":0,"max_hp_loss":0,"event_name":"Match and Keep!","floor":19,"gold_loss":0,"cards_obtained":["Shame","Doppelganger"]},{"damage_healed":0,"gold_gain":0,"player_choice":"Opened","damage_taken":0,"relics_obtained":["Meat on the Bone"],"max_hp_gain":0,"max_hp_loss":0,"event_name":"The Mausoleum","floor":22,"gold_loss":0,"cards_obtained":["Writhe"]},{"damage_healed":0,"gold_gain":0,"player_choice":"Fight","damage_taken":0,"max_hp_gain":0,"max_hp_loss":0,"event_name":"MindBloom","floor":36,"gold_loss":0},{"cards_removed":["Writhe"],"damage_healed":0,"gold_gain":0,"player_choice":"Purged","damage_taken":0,"max_hp_gain":0,"max_hp_loss":0,"event_name":"Purifier","floor":37,"gold_loss":0}],"is_beta":false,"boss_relics":[{"not_picked":["Tiny House","Black Star"],"picked":"Busted Crown"},{"not_picked":["Cursed Key","Velvet Choker"],"picked":"HoveringKite"}],"items_purged_floors":[5,20],"is_endless":false,"potions_floor_spawned":[2,4,14,28,29,30,38],"killed_by":"Jaw Worm Horde","ascension_level":20}}