{"host":"vumwfieg2b2mnrfl","time":1608663192,"event":{"mods":["AchievementEnabler","BaseMod","Minty Spire (QoL Compilation)","Rare Cards Sparkle","Relic Stats"],"gold_per_floor":[115,115,190,190,153,180,192,218,297,297,308,338,358,372,372,476,476,488,403,420,352,277,307,307,339,339,357,383,231,231,231],"floor_reached":30,"playtime":986,"items_purged":[],"score":497,"play_id":"6b2d3caa-5e5d-4c4d-9b9d-5ffda7fa8ead","local_time":"20201222125312","is_ascension_mode":true,"campfire_choices":[{"floor":10,"key":"REST"},{"data":"Disarm","floor":15,"key":"SMITH"},{"data":"Rampage","floor":24,"key":"SMITH"}],"circlet_count":0,"master_deck":["AscendersBane","Strike_R","Strike_R","Strike_R","Strike_R","Defend_R","Defend_R","Defend_R","Defend_R","Bash","Spot Weakness","Metallicize","Clothesline","Rampage+1","Reaper","Juggernaut","Disarm+1","Double Tap","True Grit","Metallicize","Headbutt+1","Armaments+1","Entrench+1"],"relics":["Burning Blood","NeowsBlessing","Bag of Marbles","Blue Candle","Matryoshka","Bronze Scales","Paper Frog","Regal Pillow","Mark of Pain","Centennial Puzzle","Oddly Smooth Stone","Calipers","Juzu Bracelet","Torii","Blood Vial","Medical Kit"],"acts_visited":["Exordium","TheCity"],"potions_floor_usage":[8,12,23,25,27,28],"damage_taken":[{"damage":0,"enemies":"Small Slimes","floor":1,"turns":1},{"damage":0,"enemies":"3 Sentries","floor":6,"turns":2},{"damage":0,"enemies":"Jaw Worm","floor":7,"turns":2},{"damage":29,"enemies":"Lagavulin","floor":8,"turns":6},{"damage":0,"enemies":"Cultist","floor":11,"turns":2},{"damage":35,"enemies":"3 Sentries","floor":12,"turns":7},{"damage":15,"enemies":"Large Slime","floor":13,"turns":5},{"damage":4,"enemies":"2 Fungi Beasts","floor":14,"turns":2},{"damage":31,"enemies":"Hexaghost","floor":16,"turns":11},{"damage":14,"enemies":"Chosen","floor":18,"turns":6},{"damage":10,"enemies":"3 Byrds","floor":20,"turns":4},{"damage":13,"enemies":"Slavers","floor":23,"turns":6},{"damage":32,"enemies":"Book of Stabbing","floor":25,"turns":6},{"damage":9,"enemies":"Snecko","floor":27,"turns":4},{"damage":22,"enemies":"Slavers","floor":28,"turns":6},{"damage":58,"enemies":"3 Cultists","floor":30,"turns":6}],"seed_played":"-4982620740354946423","potions_obtained":[{"floor":6,"key":"BlessingOfTheForge"},{"floor":8,"key":"DuplicationPotion"},{"floor":12,"key":"Strength Potion"},{"floor":14,"key":"Ancient Potion"},{"floor":16,"key":"AttackPotion"},{"floor":23,"key":"FearPotion"},{"floor":25,"key":"Fire Potion"},{"floor":27,"key":"ColorlessPotion"}],"is_trial":false,"path_per_floor":["M","?","?","?","$","E","M","E","T","R","M","E","M","M","R","B",null,"M","?","M","$","?","E","R","E","T","M","E","$","M"],"character_chosen":"IRONCLAD","items_purchased":["Metallicize","Metallicize","Medical Kit"],"campfire_rested":1,"item_purchase_floors":[5,21,29],"current_hp_per_floor":[78,71,60,60,60,66,72,49,49,73,79,78,69,71,71,46,72,64,64,60,60,60,65,65,39,39,36,27,27,0,0],"gold":231,"neow_bonus":"THREE_ENEMY_KILL","is_daily":false,"chose_seed":false,"campfire_upgraded":2,"win_rate":0.0,"timestamp":1608663192,"path_taken":["M","?","?","?","$","E","M","E","T","R","M","E","M","M","R","BOSS","M","?","M","$","?","E","R","E","T","M","E","?","M"],"items_purchased_type":["Card","Card","Relic"],"build_version":"2020-12-13","purchased_purges":0,"victory":false,"max_hp_per_floor":[80,80,80,80,80,80,80,80,80,80,80,80,80,80,80,80,80,80,80,80,80,80,80,80,80,80,80,80,80,80,80],"relic_stats":{"Blood Vial":2,"Regal Pillow":0,"Centennial Puzzle":[18],"Torii":6,"counters":[16,76],"Blue Candle":[0],"Bronze Scales":[294],"Juzu Bracelet":0,"Medical Kit":[2],"obtain_stats":[{"Regal Pillow":12,"Calipers":25,"NeowsBlessing":0,"Torii":26,"Blue Candle":6,"Oddly Smooth Stone":23,"Juzu Bracelet":26,"Medical Kit":29,"Burning Blood":0,"Blood Vial":28,"Centennial Puzzle":19,"Matryoshka":8,"Bronze Scales":9,"Mark of Pain":17,"Bag of Marbles":2,"Paper Frog":9},{"Regal Pillow":6,"Calipers":13,"NeowsBlessing":0,"Torii":13,"Blue Candle":2,"Oddly Smooth Stone":12,"Juzu Bracelet":13,"Medical Kit":15,"Burning Blood":0,"Blood Vial":15,"Centennial Puzzle":10,"Matryoshka":4,"Bronze Scales":4,"Mark of Pain":9,"Bag of Marbles":1,"Paper Frog":4},{"Regal Pillow":20,"Calipers":60,"NeowsBlessing":0,"Torii":60,"Blue Candle":3,"Oddly Smooth Stone":54,"Juzu Bracelet":60,"Medical Kit":70,"Burning Blood":0,"Blood Vial":70,"Centennial Puzzle":44,"Matryoshka":11,"Bronze Scales":11,"Mark of Pain":38,"Bag of Marbles":1,"Paper Frog":11}],"Burning Blood":90},"card_choices":[{"not_picked":["Anger","Clothesline"],"picked":"Spot Weakness","floor":1},{"not_picked":["Blood for Blood","Pommel Strike"],"picked":"Clothesline","floor":6},{"not_picked":["Warcry","Perfected Strike"],"picked":"Rampage","floor":7},{"not_picked":["Havoc","Evolve","Heavy Blade"],"picked":"SKIP","floor":8},{"not_picked":["Second Wind","Ghostly Armor"],"picked":"Reaper","floor":11},{"not_picked":["Inflame","Iron Wave"],"picked":"Juggernaut","floor":12},{"not_picked":["Flex","Heavy Blade","Carnage"],"picked":"SKIP","floor":13},{"not_picked":["Flex","Heavy Blade","Carnage"],"picked":"SKIP","floor":13},{"not_picked":["Warcry","Combust"],"picked":"Disarm","floor":14},{"not_picked":["Corruption","Fiend Fire"],"picked":"Double Tap","floor":16},{"not_picked":["Second Wind","Twin Strike","Heavy Blade+1"],"picked":"SKIP","floor":18},{"not_picked":["Sword Boomerang","Flex"],"picked":"True Grit","floor":20},{"not_picked":["Sword Boomerang","Impervious"],"picked":"Headbutt+1","floor":23},{"not_picked":["Havoc","Perfected Strike+1","Clash+1"],"picked":"SKIP","floor":25},{"not_picked":["Carnage","Sword Boomerang"],"picked":"Armaments+1","floor":27},{"not_picked":["Sword Boomerang+1","Evolve"],"picked":"Entrench+1","floor":28}],"player_experience":285239,"relics_obtained":[{"floor":6,"key":"Blue Candle"},{"floor":8,"key":"Matryoshka"},{"floor":9,"key":"Bronze Scales"},{"floor":9,"key":"Paper Frog"},{"floor":12,"key":"Regal Pillow"},{"floor":23,"key":"Oddly Smooth Stone"},{"floor":25,"key":"Calipers"},{"floor":26,"key":"Juzu Bracelet"},{"floor":26,"key":"Torii"},{"floor":28,"key":"Blood Vial"}],"event_choices":[{"damage_healed":0,"gold_gain":0,"player_choice":"Success","damage_taken":7,"relics_obtained":["Bag of Marbles"],"max_hp_gain":0,"max_hp_loss":0,"event_name":"Scrap Ooze","floor":2,"gold_loss":0},{"damage_healed":0,"gold_gain":75,"player_choice":"Gather Gold","damage_taken":11,"max_hp_gain":0,"max_hp_loss":0,"event_name":"World of Goop","floor":3,"gold_loss":0},{"damage_healed":0,"gold_gain":0,"player_choice":"Ignored","damage_taken":0,"max_hp_gain":0,"max_hp_loss":0,"event_name":"Golden Wing","floor":4,"gold_loss":0},{"damage_healed":0,"gold_gain":0,"player_choice":"Obtained Relic","damage_taken":0,"relics_obtained":["Centennial Puzzle"],"max_hp_gain":0,"max_hp_loss":0,"event_name":"Addict","floor":19,"gold_loss":85},{"cards_removed":["Strike_R"],"damage_healed":0,"gold_gain":0,"player_choice":"Gave Gold","damage_taken":0,"max_hp_gain":0,"max_hp_loss":0,"event_name":"Beggar","floor":22,"gold_loss":75}],"is_beta":false,"boss_relics":[{"not_picked":["SacredBark","Astrolabe"],"picked":"Mark of Pain"}],"items_purged_floors":[],"is_endless":false,"potions_floor_spawned":[6,8,12,14,16,23,25,27],"killed_by":"3 Cultists","ascension_level":10}}