{"host":"hzyv8pm5uot6l4n9","time":1608673745,"event":{"mods":["Aspiration","Astrologer","BaseMod","Better Note","Better Third Choice","BetterRewards","Downfall","Energized Spire","GifTheSpireLib","GungeonMod","Minty Spire (QoL Compilation)","Quick Restart","Replay The Spire","Shade Mod","StSLib","Stuff the Spire","The Necromancer"],"gold_per_floor":[99,119,132,132,132,3,3,3,35,51,51,79,93,112,124,229,229,229,248,265,284,296,296,296,296,2,2,12,42,59,91,108,207,207,132,147,166,179,192,208,287,302,318,243,268,193,213,35,54,54],"floor_reached":51,"playtime":3760,"items_purged":[],"score":815,"play_id":"dbf95607-28f6-42aa-8bc0-9bc87cadc595","local_time":"20201222224905","is_ascension_mode":true,"campfire_choices":[{"data":"astrologer:TheFool","floor":1,"key":"SMITH"},{"data":"astrologer:Trine","floor":8,"key":"SMITH"},{"data":"astrologer:Prismatic","floor":11,"key":"SMITH"},{"data":"astrologer:Nova","floor":18,"key":"SMITH"},{"floor":23,"key":"RECALL"},{"data":"astrologer:Glimpse","floor":27,"key":"SMITH"},{"data":"astrologer:Premonition","floor":35,"key":"SMITH"},{"data":"astrologer:TheChariot","floor":44,"key":"SMITH"},{"data":"astrologer:Confirmation","floor":46,"key":"SMITH"}],"circlet_count":0,"master_deck":["astrologer:Strike","astrologer:Strike","astrologer:Defend","astrologer:Defend","astrologer:Defend","astrologer:Defend","astrologer:NorthStar","astrologer:FrozenStar","astrologer:MeteorShower","astrologer:Trine+1","astrologer:ShiningStar","astrologer:Prismatic+1","astrologer:CometStrike","astrologer:CometStrike","astrologer:SpaceDust","astrologer:ReadTheStars","astrologer:Justice","astrologer:StarOfRegret","astrologer:TheChariot+1","astrologer:Sunrise","astrologer:Nova+1","astrologer:StarOfRegret+1","astrologer:Moonlight+1","astrologer:FrozenStar","astrologer:TheFool+1","astrologer:TheStar","astrologer:Glimpse+1","astrologer:Confirmation","astrologer:Glimpse","astrologer:SolarFlare","astrologer:TheHermit+1","astrologer:Confirmation+1","astrologer:Premonition+1","astrologer:Confirmation+1","astrologer:SpaceDust+1","astrologer:Conjunction+1","astrologer:NeutronStar+1","astrologer:Shine","astrologer:DarkMatter","astrologer:CometStrike","astrologer:CometStrike+1"],"relics":["astrologer:SkyMirror","Blood Vial","Divine Protection","Turnip","Odd Mushroom","Painkiller Herb","StuffTheSpire:Mouthbags","StuffTheSpire:Rhapsscallions","Guardian:PocketSentry","ReplayTheSpireMod:TigerMarble","Replay:Bronze Core","downfall:HeartBlessingRed","downfall:HeartBlessingBlue","ReplayTheSpireMod:Lightbulb","downfall:HeartBlessingGreen"],"acts_visited":["Exordium","TheCity","TheBeyond"],"potions_floor_usage":[15,16,28,28,30,30,38,38,45,45,45,45,45,45,47,50,50],"damage_taken":[{"damage":0,"enemies":"2 Louse","floor":2,"turns":2},{"damage":0,"enemies":"Jaw Worm","floor":3,"turns":4},{"damage":0,"enemies":"Cultist","floor":5,"turns":1},{"damage":0,"enemies":"downfall:FleeingMerchant","floor":6,"turns":4},{"damage":12,"enemies":"Lagavulin","floor":9,"turns":7},{"damage":0,"enemies":"Gremlin Gang","floor":10,"turns":3},{"damage":3,"enemies":"The Mushroom Lair","floor":12,"turns":5},{"damage":0,"enemies":"Large Slime","floor":13,"turns":7},{"damage":0,"enemies":"Blue Slaver","floor":14,"turns":5},{"damage":0,"enemies":"3 Louse","floor":15,"turns":1},{"damage":29,"enemies":"downfall:Ironclad","floor":16,"turns":9},{"damage":0,"enemies":"Spheric Guardian","floor":19,"turns":6},{"damage":0,"enemies":"Chosen","floor":20,"turns":5},{"damage":0,"enemies":"Shelled Parasite and Fungi","floor":21,"turns":5},{"damage":12,"enemies":"Sentry and Sphere","floor":22,"turns":6},{"damage":0,"enemies":"downfall:FleeingMerchant","floor":26,"turns":4},{"damage":0,"enemies":"Chosen and Byrds","floor":28,"turns":6},{"damage":0,"enemies":"Gremlin Leader","floor":29,"turns":6},{"damage":3,"enemies":"Centurion and Healer","floor":30,"turns":5},{"damage":0,"enemies":"Replay:Snechameleon","floor":31,"turns":7},{"damage":0,"enemies":"3 Cultists","floor":32,"turns":6},{"damage":32,"enemies":"downfall:Silent","floor":33,"turns":8},{"damage":0,"enemies":"Orb Walker","floor":36,"turns":1},{"damage":4,"enemies":"3 Darklings","floor":37,"turns":7},{"damage":3,"enemies":"Transient","floor":38,"turns":5},{"damage":0,"enemies":"Maw","floor":39,"turns":7},{"damage":0,"enemies":"Jaw Worm Horde","floor":40,"turns":5},{"damage":18,"enemies":"Sphere and 2 Shapes","floor":42,"turns":6},{"damage":2,"enemies":"Maw","floor":43,"turns":8},{"damage":11,"enemies":"Giant Head","floor":45,"turns":9},{"damage":1,"enemies":"Transient","floor":47,"turns":5},{"damage":0,"enemies":"downfall:FleeingMerchant","floor":48,"turns":4},{"damage":0,"enemies":"Jaw Worm Horde","floor":49,"turns":4},{"damage":17,"enemies":"downfall:Watcher","floor":50,"turns":7}],"seed_played":"745834281680441475","potions_obtained":[{"floor":9,"key":"DemoMod:BlankPotion"},{"floor":10,"key":"Block Potion"},{"floor":14,"key":"Explosive Potion"},{"floor":16,"key":"Weak Potion"},{"floor":20,"key":"Ancient Potion"},{"floor":22,"key":"Dexterity Potion"},{"floor":28,"key":"sneckomod:MuddlingPotion"},{"floor":29,"key":"Toxic Potion"},{"floor":33,"key":"Fire Potion"},{"floor":37,"key":"Adrenaline Potion"},{"floor":40,"key":"FearPotion"},{"floor":42,"key":"BlessingOfTheForge"},{"floor":43,"key":"Energy Potion"},{"floor":49,"key":"BlessingOfTheForge"}],"is_trial":false,"path_per_floor":["R","M","M","?","M","$","T","R","E","M","R","?","M","M","M","B",null,"T","?","?","?","?","T","T","?","T","T","?","E","?","E","?","B",null,"T","?","?","?","?","?","T","?","?","T","E","T","?","T","?","B",null],"character_chosen":"ASTROLOGER","items_purchased":["astrologer:Prismatic","astrologer:CometStrike","astrologer:Glimpse","StuffTheSpire:Rhapsscallions","astrologer:DarkMatter","astrologer:CometStrike"],"campfire_rested":0,"item_purchase_floors":[6,6,26,26,48,48],"current_hp_per_floor":[70,70,70,70,70,70,70,70,58,60,60,59,61,63,65,38,70,70,70,70,70,58,58,58,58,62,62,64,66,65,67,69,39,72,72,72,68,67,69,71,71,54,54,64,55,55,56,58,60,45],"gold":54,"neow_bonus":"RANDOM_COMMON_RELIC","is_daily":false,"chose_seed":false,"campfire_upgraded":8,"win_rate":0.0,"timestamp":1608673745,"path_taken":["R","M","M","?","M","$","T","R","E","M","R","?","M","M","M","BOSS","T","?","?","?","?","T","T","?","T","T","?","E","?","E","?","BOSS","T","?","?","?","?","?","T","?","?","T","E","T","?","T","?","BOSS"],"items_purchased_type":["Card","Card","Card","Relic","Card","Card"],"build_version":"2020-12-13","purchased_purges":0,"victory":true,"max_hp_per_floor":[70,70,70,70,70,70,70,70,70,70,70,70,70,70,70,70,70,70,70,70,70,70,70,70,70,72,72,72,72,72,72,72,72,72,72,72,72,72,72,72,72,72,72,82,82,82,82,82,82,82],"card_choices":[{"not_picked":["astrologer:SolarFlare","astrologer:NeutronStar"],"picked":"astrologer:FrozenStar","floor":2},{"not_picked":["astrologer:Strength","astrologer:Moonlight"],"picked":"astrologer:MeteorShower","floor":3},{"not_picked":["astrologer:SpaceDust","astrologer:Cataclysm"],"picked":"astrologer:Trine","floor":5},{"not_picked":["astrologer:Conjunction","astrologer:Glimpse"],"picked":"astrologer:ShiningStar","floor":6},{"not_picked":["astrologer:Eclipse","astrologer:TheWorld"],"picked":"astrologer:SpaceDust","floor":9},{"not_picked":["astrologer:SpaceDust","astrologer:Opposition"],"picked":"astrologer:ReadTheStars","floor":10},{"not_picked":["astrologer:SpaceDust","astrologer:Prismatic"],"picked":"astrologer:Justice","floor":12},{"not_picked":["astrologer:TheHighPriestess","astrologer:Opposition"],"picked":"astrologer:StarOfRegret","floor":13},{"not_picked":["astrologer:Radiance","astrologer:Stardust"],"picked":"astrologer:TheChariot","floor":14},{"not_picked":["astrologer:StarOfMisfortune","astrologer:SolarFlare"],"picked":"astrologer:Sunrise","floor":15},{"not_picked":["astrologer:TheChariot","astrologer:BlackHole"],"picked":"astrologer:Nova","floor":16},{"not_picked":["astrologer:Eclipse+1","astrologer:Prestidigitation"],"picked":"astrologer:StarOfRegret+1","floor":19},{"not_picked":["astrologer:Radiance","astrologer:TheDevil"],"picked":"astrologer:Moonlight+1","floor":20},{"not_picked":["astrologer:TheLovers","astrologer:Eclipse+1","astrologer:Still+1"],"picked":"SKIP","floor":21},{"not_picked":["astrologer:Strength","astrologer:SolarFlare+1"],"picked":"astrologer:FrozenStar","floor":22},{"not_picked":["astrologer:GlassStar","astrologer:ReadTheStars"],"picked":"astrologer:TheStar","floor":26},{"not_picked":["astrologer:FrozenStar","astrologer:Justice"],"picked":"astrologer:Confirmation","floor":28},{"not_picked":["astrologer:DarkMatter","astrologer:Still"],"picked":"astrologer:Glimpse","floor":29},{"not_picked":["astrologer:Still","astrologer:MeteorShower"],"picked":"astrologer:SolarFlare","floor":30},{"not_picked":["astrologer:Moonlight+1","astrologer:Eclipse+1"],"picked":"astrologer:TheHermit+1","floor":31},{"not_picked":["astrologer:TheDevil","astrologer:CometStrike"],"picked":"astrologer:Confirmation","floor":32},{"not_picked":["astrologer:Death","astrologer:Alignment"],"picked":"astrologer:Premonition","floor":33},{"not_picked":["astrologer:Novile","astrologer:StarOfChange+1"],"picked":"astrologer:Confirmation+1","floor":36},{"not_picked":["astrologer:Prismatic+1","astrologer:TheHangedMan+1"],"picked":"astrologer:SpaceDust+1","floor":37},{"not_picked":["astrologer:Prestidigitation","astrologer:Eclipse+1"],"picked":"astrologer:Conjunction+1","floor":38},{"not_picked":["astrologer:ReadTheStars+1","astrologer:SolarFlare+1"],"picked":"astrologer:NeutronStar+1","floor":39},{"not_picked":["astrologer:Stardust","astrologer:Radiance+1","astrologer:Opposition"],"picked":"SKIP","floor":40},{"not_picked":["astrologer:Shine","astrologer:SpaceDust","astrologer:Opposition"],"picked":"SKIP","floor":42},{"not_picked":["astrologer:TheChariot","astrologer:FadingStar","astrologer:StarOfRegret+1"],"picked":"SKIP","floor":43},{"not_picked":["astrologer:Prestidigitation","astrologer:Still","astrologer:Alignment"],"picked":"SKIP","floor":45},{"not_picked":["astrologer:Stardust+1","astrologer:Moonlight","astrologer:SpaceDust"],"picked":"SKIP","floor":47},{"not_picked":["astrologer:BlackHole","astrologer:TheStar+1"],"picked":"astrologer:Shine","floor":48},{"not_picked":["astrologer:MeteorShower+1","astrologer:Stardust"],"picked":"astrologer:CometStrike+1","floor":49}],"player_experience":571635,"relics_obtained":[{"floor":7,"key":"Divine Protection"},{"floor":9,"key":"Turnip"},{"floor":12,"key":"Odd Mushroom"},{"floor":24,"key":"StuffTheSpire:Mouthbags"},{"floor":29,"key":"Guardian:PocketSentry"},{"floor":31,"key":"ReplayTheSpireMod:TigerMarble"},{"floor":45,"key":"ReplayTheSpireMod:Lightbulb"}],"event_choices":[{"damage_healed":0,"gold_gain":0,"player_choice":"Fought Mushrooms","damage_taken":0,"max_hp_gain":0,"max_hp_loss":0,"event_name":"Mushrooms","floor":12,"gold_loss":0},{"cards_removed":["astrologer:Strike"],"damage_healed":0,"gold_gain":0,"player_choice":"Offered Basic","damage_taken":0,"max_hp_gain":0,"max_hp_loss":0,"event_name":"Bonfire Elementals","floor":25,"gold_loss":0}],"is_beta":false,"boss_relics":[{"not_picked":["StuffTheSpire:Kangaroo","Tiny House"],"picked":"Painkiller Herb"},{"not_picked":["Honey Jar","Pandora\u0027s Box"],"picked":"Replay:Bronze Core"}],"items_purged_floors":[],"is_endless":false,"potions_floor_spawned":[9,10,14,16,20,22,28,29,33,37,40,42,43,49],"ascension_level":1}}