{"host":"0vd2boh2oi7jm085","time":1608631740,"event":{"mods":["BaseMod","Colored Map","Colored Powertips","Highlight Path","Minty Spire (QoL Compilation)","Quick Restart","StSLib","The IronCluck"],"gold_per_floor":[17,17,32,32,32,45,80,45,45,45,80,80,80,97,97,171,171,190,208,208,208,46,46,46,46],"floor_reached":24,"playtime":484,"items_purged":[],"score":435,"play_id":"5097925b-dc0b-4b45-a755-6b4f55f04f9a","local_time":"20201222020900","is_ascension_mode":true,"campfire_choices":[{"floor":10.0,"key":"REST"},{"floor":13.0,"key":"REST"},{"floor":15.0,"key":"REST"},{"floor":23.0,"key":"REST"}],"circlet_count":0,"master_deck":["AscendersBane","Strike_R","Strike_R","Strike_R","Strike_R","Strike_R","Defend_R","Defend_R","Defend_R","Defend_R","Bash","Limit Break+1","Heavy Blade","Spot Weakness","Whirlwind","Double Tap","CurseOfTheBell","Heavy Blade","Decay"],"relics":["Burning Blood","Shuriken","Red Skull","Toy Ornithopter","Calling Bell","Happy Flower","Singing Bowl","Calipers","MealTicket"],"acts_visited":["Exordium","TheCity"],"potions_floor_usage":[],"damage_taken":[{"damage":19.0,"enemies":"Jaw Worm","floor":1.0,"turns":4.0},{"damage":7.0,"enemies":"Cultist","floor":3.0,"turns":4.0},{"damage":10.0,"enemies":"Small Slimes","floor":6.0,"turns":3.0},{"damage":32.0,"enemies":"Lagavulin","floor":7.0,"turns":6.0},{"damage":40.0,"enemies":"3 Sentries","floor":11.0,"turns":7.0},{"damage":13.0,"enemies":"3 Louse","floor":14.0,"turns":3.0},{"damage":61.0,"enemies":"The Guardian","floor":16.0,"turns":8.0},{"damage":39.0,"enemies":"Chosen","floor":18.0,"turns":6.0},{"damage":22.0,"enemies":"2 Thieves","floor":19.0,"turns":3.0},{"damage":0.0,"enemies":"3 Cultists","floor":21.0,"turns":1.0},{"damage":52,"enemies":"Slavers","floor":24,"turns":4}],"seed_played":"-3134923398981889627","potions_obtained":[{"floor":6.0,"key":"BlessingOfTheForge"},{"floor":7.0,"key":"Swift Potion"},{"floor":11.0,"key":"SmokeBomb"},{"floor":16.0,"key":"Fruit Juice"},{"floor":18.0,"key":"Strength Potion"}],"is_trial":false,"path_per_floor":["M","?","M","?","?","M","E","?","T","R","E","$","R","M","R","B",null,"M","M","?","M","$","R","E"],"character_chosen":"IRONCLAD","items_purchased":["MealTicket"],"campfire_rested":4,"item_purchase_floors":[22],"current_hp_per_floor":[55,55,54,54,54,50,24,42,42,64,30,30,52,45,67,22,66,35,24,24,35,35,59,7,7],"gold":46,"neow_bonus":"THREE_RARE_CARDS","is_daily":false,"chose_seed":false,"campfire_upgraded":0,"win_rate":0.0,"timestamp":1608631740,"path_taken":["M","?","?","?","?","M","E","?","T","R","E","$","R","M","R","BOSS","M","M","?","M","?","R","E"],"items_purchased_type":["Relic"],"build_version":"2020-12-13","purchased_purges":0,"victory":false,"max_hp_per_floor":[75,75,75,75,75,75,75,75,75,75,75,75,75,75,75,80,80,82,82,82,82,82,82,82,82],"card_choices":[{"not_picked":["Impervious","Brutality"],"picked":"Limit Break","floor":0.0},{"not_picked":["Sword Boomerang","Warcry"],"picked":"Heavy Blade","floor":1.0},{"not_picked":["Twin Strike","Berserk","Blood for Blood"],"picked":"SKIP","floor":3.0},{"not_picked":["Cleave","Sword Boomerang"],"picked":"Spot Weakness","floor":6.0},{"not_picked":["Armaments","Pommel Strike","Evolve"],"picked":"SKIP","floor":7.0},{"not_picked":["Berserk","Cleave"],"picked":"Whirlwind","floor":11.0},{"not_picked":["Hemokinesis","Fire Breathing","Wild Strike"],"picked":"SKIP","floor":14.0},{"not_picked":["Limit Break","Exhume"],"picked":"Double Tap","floor":16.0},{"not_picked":["Shrug It Off","Perfected Strike","Armaments+1"],"picked":"Singing Bowl","floor":18.0},{"not_picked":["Second Wind","Flex"],"picked":"Heavy Blade","floor":19.0}],"player_experience":99111,"relics_obtained":[{"floor":7.0,"key":"Shuriken"},{"floor":9.0,"key":"Red Skull"},{"floor":11.0,"key":"Toy Ornithopter"},{"floor":17.0,"key":"Happy Flower"},{"floor":17.0,"key":"Singing Bowl"},{"floor":17.0,"key":"Calipers"}],"event_choices":[{"damage_healed":0.0,"max_hp_gain":0.0,"max_hp_loss":0.0,"gold_gain":0.0,"event_name":"Purifier","player_choice":"Ignored","floor":2.0,"gold_loss":0.0,"damage_taken":0.0},{"damage_healed":0.0,"max_hp_gain":0.0,"max_hp_loss":0.0,"gold_gain":0.0,"event_name":"Living Wall","player_choice":"Grow","floor":4.0,"gold_loss":0.0,"damage_taken":0.0,"cards_upgraded":["Limit Break"]},{"damage_healed":0.0,"max_hp_gain":0.0,"max_hp_loss":0.0,"gold_gain":0.0,"event_name":"Shining Light","player_choice":"Ignored","floor":5.0,"gold_loss":0.0,"damage_taken":0.0},{"damage_healed":18.0,"max_hp_gain":0.0,"max_hp_loss":0.0,"gold_gain":0.0,"event_name":"The Cleric","player_choice":"Healed","floor":8.0,"gold_loss":35.0,"damage_taken":0.0},{"damage_healed":0.0,"max_hp_gain":0.0,"max_hp_loss":0.0,"gold_gain":0.0,"event_name":"Forgotten Altar","player_choice":"Smashed Altar","floor":20.0,"gold_loss":0.0,"damage_taken":0.0,"cards_obtained":["Decay"]}],"is_beta":false,"boss_relics":[{"not_picked":["Astrolabe","Snecko Eye"],"picked":"Calling Bell"}],"items_purged_floors":[],"is_endless":false,"potions_floor_spawned":[6,7,11,16,18,21],"killed_by":"Slavers","ascension_level":18}}