{"host":"xx5zt3jtdyh8iun7","time":1608659657,"event":{"mods":["AchievementEnabler","Act Like it!","BaseMod","Bestiary","Downfall","Minty Spire (QoL Compilation)","Replay The Spire","StSLib"],"gold_per_floor":[99,110,165,165,175,194,194,209,209,236,161,161,161,190,206,302,302,302,318,318,336,354,383,383,70,90,15,28,56,56,66,78,173,173,98,110,125,35,52,52,134,163,163,182,211,227,227,8,22,22],"floor_reached":51,"playtime":4920,"items_purged":["champ:Defend","champ:Defend"],"score":886,"play_id":"076e19bb-816d-4682-a8ad-35df59c0d079","local_time":"20201222185417","is_ascension_mode":false,"campfire_choices":[{"floor":1,"key":"DIG"},{"data":"champ:ViciousMockery","floor":9,"key":"SMITH"},{"data":"champ:Circumvent","floor":11,"key":"SMITH"},{"data":"champ:BringItOn","floor":13,"key":"SMITH"},{"data":"champ:HoldFirm","floor":18,"key":"SMITH"},{"floor":27,"key":"REST"},{"floor":30,"key":"RECALL"},{"data":"champ:Strike","floor":35,"key":"PURGE"},{"data":"champ:HoldFirm","floor":40,"key":"SMITH"},{"data":"champ:CalledShot","floor":47,"key":"SMITH"}],"circlet_count":0,"master_deck":["champ:Defend+1","champ:Defend","champ:Execute","champ:Taunt+1","champ:BringItOn+1","champ:ViciousMockery+1","champ:ShieldWall","champ:Circumvent+1","champ:TornadoPunch","champ:GladiatorsShout","champ:ShieldThrow","champ:EnGarde","champ:HoldFirm+1","champ:FalseCounter","champ:TornadoPunch","champ:DefensiveStyle+1","champ:EndlessRage+1","champ:StanceDance+1","champ:Lariat+1","champ:StanceDance+1","champ:FocusedDefense+1","champ:HoldFirm+1","champ:DefensiveShout+1","champ:Circumvent+1","champ:ShieldThrow","champ:CalledShot+1","champ:FalseCounter+1"],"relics":["champ:ChampionCrown","Art of War","champ:DefensiveTrainingManual","War Paint","Replay:Wax Seal","Pear","downfall:HeartBlessingGreen","Bird Faced Urn","SlaversCollar","Unceasing Top","ReplayTheSpireMod:Shallot","downfall:HeartBlessingBlue","Potion Belt","Empty Cage","downfall:HeartBlessingRed","The Courier","Toxic Egg 2","Torii","Chemical X"],"acts_visited":["Exordium","TheCity","TheBeyond"],"potions_floor_usage":[8,8,10,14,23,26,33,46,48,48],"damage_taken":[{"damage":3,"enemies":"Small Slimes","floor":2,"turns":6},{"damage":20,"enemies":"Lagavulin Event","floor":3,"turns":7},{"damage":4,"enemies":"Cultist","floor":5,"turns":3},{"damage":5,"enemies":"Jaw Worm","floor":6,"turns":4},{"damage":7,"enemies":"Gremlin Gang","floor":8,"turns":6},{"damage":16,"enemies":"Lagavulin","floor":10,"turns":8},{"damage":13,"enemies":"3 Sentries","floor":14,"turns":5},{"damage":6,"enemies":"Lots of Slimes","floor":15,"turns":4},{"damage":0,"enemies":"downfall:Watcher","floor":16,"turns":7},{"damage":5,"enemies":"Chosen","floor":19,"turns":5},{"damage":5,"enemies":"3 Byrds","floor":21,"turns":7},{"damage":9,"enemies":"Snake Plant","floor":22,"turns":5},{"damage":5,"enemies":"Book of Stabbing","floor":23,"turns":5},{"damage":0,"enemies":"downfall:FleeingMerchant","floor":25,"turns":4},{"damage":5,"enemies":"Centurion and Healer","floor":26,"turns":5},{"damage":0,"enemies":"3 Cultists","floor":28,"turns":6},{"damage":0,"enemies":"Slavers","floor":29,"turns":5},{"damage":0,"enemies":"Snake Plant","floor":31,"turns":2},{"damage":0,"enemies":"Snecko","floor":32,"turns":3},{"damage":10,"enemies":"downfall:Defect","floor":33,"turns":7},{"damage":6,"enemies":"Orb Walker","floor":36,"turns":5},{"damage":1,"enemies":"3 Darklings","floor":37,"turns":6},{"damage":5,"enemies":"downfall:FleeingMerchant","floor":38,"turns":4},{"damage":3,"enemies":"Sphere and 2 Shapes","floor":39,"turns":5},{"damage":0,"enemies":"Nemesis","floor":42,"turns":5},{"damage":0,"enemies":"Maw","floor":44,"turns":7},{"damage":14,"enemies":"R_Hoarder","floor":45,"turns":6},{"damage":0,"enemies":"Transient","floor":46,"turns":5},{"damage":0,"enemies":"downfall:FleeingMerchant","floor":48,"turns":4},{"damage":0,"enemies":"Spire Growth","floor":49,"turns":4},{"damage":30,"enemies":"downfall:Silent","floor":50,"turns":7}],"seed_played":"1657170217286737725","potions_obtained":[{"floor":3,"key":"Venom Potion"},{"floor":4,"key":"Reflective Coating"},{"floor":4,"key":"hexamod:EctoCoolerPotion"},{"floor":5,"key":"ColorlessPotion"},{"floor":10,"key":"SneckoOil"},{"floor":19,"key":"champ:CounterPotion"},{"floor":23,"key":"LifebloodPotion"},{"floor":29,"key":"PowerPotion"},{"floor":31,"key":"FairyPotion"},{"floor":33,"key":"SpeedPotion"},{"floor":36,"key":"Fire Potion"},{"floor":42,"key":"CultistPotion"},{"floor":44,"key":"SkillPotion"},{"floor":46,"key":"Slimebound:ThreeZeroPotion"},{"floor":49,"key":"SkillPotion"}],"is_trial":false,"path_per_floor":["R","M","?","?","M","M","T","M","R","E","R","?","R","E","M","B",null,"R","M","?","M","M","E","T","$","M","R","M","E","R","M","M","B",null,"R","M","M","$","M","R","T","E","?","M","E","M","R","$","M","B",null],"character_chosen":"THE_CHAMP","items_purchased":["champ:StanceDance+1","ReplayTheSpireMod:Shallot","Chemical X"],"campfire_rested":1,"item_purchase_floors":[25,25,48],"current_hp_per_floor":[90,90,80,80,76,76,76,69,69,68,68,68,68,60,54,56,100,100,100,65,62,53,55,55,57,56,99,105,107,107,109,110,100,110,110,104,109,110,107,107,107,110,110,110,96,100,100,106,110,84],"gold":22,"neow_bonus":"RANDOM_COMMON_RELIC","is_daily":false,"chose_seed":false,"campfire_upgraded":6,"win_rate":0.0,"timestamp":1608659657,"path_taken":["R","M","?","?","?","M","T","M","R","E","R","?","R","E","M","BOSS","R","M","?","?","M","E","T","?","M","R","?","E","R","M","M","BOSS","R","M","M","$","M","R","T","E","?","M","E","M","R","$","M","BOSS"],"items_purchased_type":["Card","Relic","Relic"],"build_version":"2020-12-13","purchased_purges":2,"victory":true,"max_hp_per_floor":[90,90,90,90,90,90,90,90,90,100,100,100,100,100,100,100,100,100,100,100,100,100,100,100,100,100,110,110,110,110,110,110,110,110,110,110,110,110,110,110,110,110,110,110,110,110,110,110,110,110],"card_choices":[{"not_picked":["champ:HeartStrike","champ:EnragedBash"],"picked":"champ:BringItOn","floor":2},{"not_picked":["champ:Backstep","champ:AdrenalArmor"],"picked":"champ:ViciousMockery","floor":3},{"not_picked":["champ:Backstep","champ:FanOfKnives"],"picked":"champ:ShieldWall","floor":5},{"not_picked":["champ:Balance","champ:EnGarde"],"picked":"champ:Circumvent","floor":6},{"not_picked":["champ:BerserkersShout","champ:Encircle"],"picked":"champ:TornadoPunch","floor":8},{"not_picked":["champ:Haymaker","champ:FightOn"],"picked":"champ:GladiatorsShout","floor":10},{"not_picked":["champ:CrookedStrike","champ:GladiatorsShout"],"picked":"champ:ShieldThrow","floor":14},{"not_picked":["champ:GutPunch","champ:CrookedStrike"],"picked":"champ:EnGarde","floor":15},{"not_picked":["champ:IgnorePain","champ:HeavySlash"],"picked":"champ:HoldFirm","floor":16},{"not_picked":["champ:StanceDance","champ:AdrenalArmor"],"picked":"champ:FalseCounter","floor":19},{"not_picked":["champ:PerfectedStrike+1","champ:GutPunch"],"picked":"champ:TornadoPunch","floor":21},{"not_picked":["champ:FanOfKnives+1","champ:RecklessLeap+1","champ:BerserkersShout+1"],"picked":"SKIP","floor":22},{"not_picked":["champ:BerserkerStyle+1","champ:DefensiveShout"],"picked":"champ:DefensiveStyle+1","floor":23},{"not_picked":["champ:Aggression+1","champ:HeavySlash"],"picked":"champ:EndlessRage+1","floor":25},{"not_picked":["champ:FightOn","champ:BringItOn"],"picked":"champ:Lariat","floor":26},{"not_picked":["champ:Aggression+1","champ:FaceSlap","champ:BerserkerStyle"],"picked":"SKIP","floor":28},{"not_picked":["champ:CrookedStrike","champ:TornadoPunch+1"],"picked":"champ:StanceDance+1","floor":29},{"not_picked":["champ:Control","champ:RisingSlash"],"picked":"champ:FocusedDefense+1","floor":31},{"not_picked":["champ:Haymaker","champ:DeathBlow","champ:StanceDance"],"picked":"SKIP","floor":32},{"not_picked":["champ:LastStand","champ:Devastate"],"picked":"champ:HoldFirm","floor":33},{"not_picked":["champ:AdrenalArmor","champ:TornadoPunch","champ:PreciseThrust"],"picked":"SKIP","floor":36},{"not_picked":["champ:Shatter","champ:PerfectedStrike","champ:BladeFlurry+1"],"picked":"SKIP","floor":37},{"not_picked":["champ:BringItOn+1","champ:ArenaPreparation"],"picked":"champ:DefensiveShout+1","floor":38},{"not_picked":["champ:PerfectedStrike+1","champ:BladeFlurry+1"],"picked":"champ:Circumvent+1","floor":39},{"not_picked":["champ:Encircle","champ:TornadoPunch+1","champ:StanceDance+1"],"picked":"SKIP","floor":42},{"not_picked":["champ:VampiricStrike","champ:BringItOn+1","champ:Haymaker"],"picked":"SKIP","floor":44},{"not_picked":["champ:ArenaPreparation+1","champ:Haymaker+1"],"picked":"champ:ShieldThrow","floor":45},{"not_picked":["champ:BladeFlurry+1","champ:BringItOn+1"],"picked":"champ:CalledShot","floor":46},{"not_picked":["champ:CalledShot","champ:TornadoPunch","champ:Encircle+1"],"picked":"SKIP","floor":48},{"not_picked":["champ:DefensiveShout+1","champ:BerserkersShout+1"],"picked":"champ:FalseCounter+1","floor":49}],"player_experience":718300,"relics_obtained":[{"floor":1,"key":"champ:DefensiveTrainingManual"},{"floor":7,"key":"Replay:Wax Seal"},{"floor":10,"key":"Pear"},{"floor":14,"key":"Bird Faced Urn"},{"floor":23,"key":"Unceasing Top"},{"floor":29,"key":"Potion Belt"},{"floor":41,"key":"The Courier"},{"floor":42,"key":"Toxic Egg 2"},{"floor":45,"key":"Torii"}],"event_choices":[{"damage_healed":0,"gold_gain":0,"player_choice":"Got Potions","damage_taken":0,"max_hp_gain":0,"max_hp_loss":0,"event_name":"Lab","floor":4,"gold_loss":0},{"cards_removed":["champ:Strike"],"damage_healed":0,"gold_gain":0,"player_choice":"Card Removal","damage_taken":0,"max_hp_gain":0,"max_hp_loss":0,"event_name":"The Cleric","floor":12,"gold_loss":0},{"damage_healed":0,"gold_gain":0,"player_choice":"Forge","damage_taken":0,"max_hp_gain":0,"max_hp_loss":0,"event_name":"Accursed Blacksmith","floor":43,"gold_loss":0,"cards_upgraded":["champ:Lariat"]}],"is_beta":false,"boss_relics":[{"not_picked":["Coffee Dripper","Tiny House"],"picked":"SlaversCollar"},{"not_picked":["Snecko Eye","champ:ChampionCrownUpgraded"],"picked":"Empty Cage"}],"items_purged_floors":[38,48],"is_endless":false,"potions_floor_spawned":[3,5,10,19,23,29,31,33,36,42,44,46,49],"ascension_level":0}}