{"host":"ohugux5wi6kc4oge","time":1608634934,"event":{"mods":["BaseMod","Beaked The Cultist","Better Third Choice","Colored Powertips","Downfall","GifTheSpireLib","Minty Spire (QoL Compilation)","Quick Restart","Replay The Spire","StSLib","Stuff the Spire","The Construct","The IronCluck","egg","everything is the same but u backflip on backflip"],"gold_per_floor":[115,115,133,208,208,208,221,251,319,348,348,376,376,405,405,415,415],"floor_reached":16,"playtime":550,"items_purged":[],"score":122,"play_id":"a979c260-cf86-427d-8c2b-617c80b87135","local_time":"20201222120214","is_ascension_mode":true,"campfire_choices":[{"data":"Eruption","floor":6,"key":"SMITH"},{"floor":11,"key":"REST"},{"floor":13,"key":"REST"},{"floor":15,"key":"REST"}],"circlet_count":0,"master_deck":["Strike_R","Strike_R","Strike_R","Strike_R","Strike_R","Defend_R","Defend_R","Defend_R","Defend_R","Shrug It Off","Shrug It Off","Eruption+1","Shrug It Off","Immolate","Battle Trance"],"relics":["Replay:M_SmolderingBlood","Replay:Bandana","White Beast Statue"],"acts_visited":["Exordium"],"potions_floor_usage":[8,16,16],"damage_taken":[{"damage":2,"enemies":"Jaw Worm","floor":1,"turns":6},{"damage":4,"enemies":"Small Slimes","floor":3,"turns":3},{"damage":0,"enemies":"2 Louse","floor":7,"turns":2},{"damage":55,"enemies":"Lagavulin","floor":8,"turns":6},{"damage":1,"enemies":"Red Slaver","floor":10,"turns":3},{"damage":11,"enemies":"Looter","floor":12,"turns":2},{"damage":5,"enemies":"Gremlin Gang","floor":14,"turns":2},{"damage":69,"enemies":"Hexaghost","floor":16,"turns":8}],"seed_played":"4176816232604511720","potions_obtained":[{"floor":1,"key":"Reflective Coating"},{"floor":8,"key":"SpeedPotion"},{"floor":10,"key":"GamblersBrew"},{"floor":12,"key":"SteroidPotion"}],"is_trial":false,"path_per_floor":["M","?","M","?","?","R","M","E","T","M","R","M","R","M","R","B"],"character_chosen":"IRONCLAD","items_purchased":[],"campfire_rested":3,"item_purchase_floors":[],"current_hp_per_floor":[80,80,80,69,69,69,69,14,14,13,37,26,50,45,69,0,0],"gold":415,"neow_bonus":"THREE_CARDS","is_daily":false,"chose_seed":false,"campfire_upgraded":1,"win_rate":0.0,"timestamp":1608634934,"path_taken":["M","?","M","?","?","R","M","E","T","M","R","M","R","M","R","BOSS"],"items_purchased_type":[],"build_version":"2020-12-13","purchased_purges":0,"victory":false,"max_hp_per_floor":[80,80,80,80,80,80,80,80,80,80,80,80,80,80,80,80,80],"card_choices":[{"not_picked":["Iron Wave","Warcry"],"picked":"Shrug It Off","floor":0},{"not_picked":["Headbutt","True Grit","Second Wind"],"picked":"SKIP","floor":1},{"not_picked":["Disarm","Dark Embrace"],"picked":"Shrug It Off","floor":3},{"not_picked":["StuffTheSpire:Slingshot","Sentinel","Heavy Blade"],"picked":"SKIP","floor":7},{"not_picked":["Flex","Rage"],"picked":"Shrug It Off","floor":8},{"not_picked":["StuffTheSpire:Incineration","ReplayTheSpireMod:Strike From Hell"],"picked":"Immolate","floor":10},{"not_picked":["Clothesline","Rupture","StuffTheSpire:Slingshot"],"picked":"SKIP","floor":12},{"not_picked":["Body Slam","Fire Breathing"],"picked":"Battle Trance","floor":14}],"player_experience":508552,"relics_obtained":[{"floor":8,"key":"Replay:Bandana"},{"floor":9,"key":"White Beast Statue"}],"event_choices":[{"damage_healed":0,"gold_gain":75,"player_choice":"Gold","damage_taken":11,"max_hp_gain":0,"max_hp_loss":0,"event_name":"betterThird:BetterGoop","floor":4,"gold_loss":0}],"is_beta":false,"boss_relics":[],"items_purged_floors":[],"is_endless":false,"potions_floor_spawned":[1,8,10,12,14],"killed_by":"Hexaghost","ascension_level":4}}