{"host":"nx6ib2o6hmd449ys","time":1608618870,"event":{"mods":["2.2 Compatiblity","Act Like it!","Aspiration","BaseMod","Better Silent Start","Better Third Choice","BetterRewards","CCEM","Colored Powertips","Conjunction","Conspire","Downfall","Eldritch Tears","Energized Spire","Gensokyo","GifTheSpireLib","GungeonMod","Halation","Hallownest","Hubris","Infinite Spire","Jedi Mod","Lobotomy","LobotomyExtend","Marisa????????","Minty Spire (QoL Compilation)","MostiFishMod","Quick Restart","RRrroohrrRGHHhhh!!","Rare Cards Sparkle","RatMod","Replay The Spire","RumiaBox-????????","Shop Mod","Small Relic Pack","Spicy Shops","Spikes Relics","StSLib","Stuff the Spire","TestMod","The Blue Laboratory","The Dragon Tamer","The Exalted","The Jungle","The Marked","The Runesmith","TheVelvet","TheWitcher","Thrall Mod","Wandering Minibosses","[IsaacMod]????","noobMod","vexMod","??????REMEMod"],"gold_per_floor":[119,119,210,222,239,363,363,293,375,495,514,514,120,137,137,246,246,276,47,62,87,87,202,213,213,213,213,228,246,263,286,296,296,300,416,416,426,537,537,537,537,537,537,537,537,537,537,537,537,537,537,537,537,537,537,445,443,413,413,484,484],"floor_reached":60,"playtime":17070,"items_purged":["Pain","Decay"],"score":899,"play_id":"bc9ec0ef-2fbb-41fa-baf0-4aba98ff4d16","local_time":"20201222073430","is_ascension_mode":false,"campfire_choices":[{"data":"StuffTheSpire:Perfection","floor":7.0,"key":"SMITH"},{"data":"theMarked:BanishingStrike","floor":12,"key":"SMITH"},{"data":"StuffTheSpire:CelestialWarden","floor":15,"key":"SMITH"},{"data":"theMarked:ChainLightning","floor":25,"key":"SMITH"},{"data":"theMarked:ElectricStrings","floor":27,"key":"SMITH"},{"data":"theMarked:SwordAndMagic","floor":33,"key":"SMITH"},{"data":"expansioncontent:DashGenerateEvil","floor":46,"key":"SMITH"},{"data":"infinitespire:Execution","floor":51,"key":"SMITH"},{"data":"theMarked:ThrowWeapon","floor":59,"key":"SMITH"}],"circlet_count":0,"master_deck":["theMarked:Strike","theMarked:Strike","theMarked:Strike","theMarked:Strike","theMarked:Strike","theMarked:Defend","theMarked:Defend","theMarked:Defend+1","theMarked:Defend","theMarked:SoldierOfQuellstein","Melter","theMarked:Electrocute+1","theMarked:BanishingStrike+1","ReplayTheSpireMod:Splinters","StuffTheSpire:Rapture","theMarked:ChainLightning","theMarked:WastefulAttack","theMarked:UnarmedFury","theMarked:BanishingStrike+1","theMarked:ShockingTouch","theMarked:SwordAndMagic+1","theMarked:ChainLightning+1","theMarked:LightningStrikesTwice","StuffTheSpire:CelestialWarden+1","theMarked:ElectricStrings+1","theMarked:SuspiciousRaven","theMarked:ComboAttacks+1","theMarked:Aftermath+1","theMarked:Improvise+1","theMarked:ParalyzingBlade+1","DemoMod:Elimentaler","theMarked:FavorableWinds","Injury","StuffTheSpire:BrainWave","Neutralize","theMarked:TakeOffHeels","StuffTheSpire:PlasmaPunch","infinitespire:Execution+1","expansioncontent:DashGenerateEvil+1","theMarked:Parkour+1","theMarked:ThrowWeapon+1","theMarked:ShockingTouch"],"relics":["theMarked:ArtifactOfAir","HushsDoor","DaveBox","testmod-TestBox","ice","REME_ComplimentaryCards","SteamSale","RhineFirstAidKit","testmod-Alchemist","Replay:Towering Pillar of Hats","ZombieArmy","jedi:fakemustache","CombinedTypeHook","StuffTheSpire:Saxophone","StuffTheSpire:TintedRock","BFFS","DemoMod:ClearGuonStone","Question Card","LetterFromLob","Gensokyo:LunaticRedEyes","Runesmith:AutoHammer","CCEMRelics:GrindingGear","Quantum Egg","halation:IllGainedPizza","MagicDraw3","DemoMod:Metronome","relicPack:SpireResearchBook","CCEMRelics:DissonantTune","ImportantClient","ChiXiaoBlade","halation:Komachan","GodSword5","aspiration:FrozenJewel","Bag of Marbles","MagicDraw4","DemoMod:RatBoots","DemoMod:ResourcefulSack","DemoMod:PartiallyEatenCheese","StuffTheSpire:Kangaroo","ReplayTheSpireMod:SealedPack","DemoMod:GlassGuonStoneRelic","jedi:ominousloannote","conspire:TopHat","testmod-TimeTraveler","CCEMRelics:JestersCrown","StuffTheSpire:RubySignet","halation:SmartPhone","Damocles","aspiration:FetidBarrel","hubris:EmptyBottle","REME_HandOfSuture","halation:BottledLove","testmod-IndustrialRevolution","testmod-Brilliant","Onion Ring"],"acts_visited":["Gensokyo:Gensokyo","TheCity","TheCity","TheBeyond","Hallownest:Greenpath"],"potions_floor_usage":[34],"damage_taken":[{"damage":0.0,"enemies":"Gensokyo:Gryphon","floor":1.0,"turns":3.0},{"damage":3.0,"enemies":"Gensokyo:3_Fairies","floor":4.0,"turns":3.0},{"damage":0.0,"enemies":"Gensokyo:2_Kodama","floor":5.0,"turns":2.0},{"damage":4.0,"enemies":"Gensokyo:Aya","floor":6.0,"turns":3.0},{"damage":5.0,"enemies":"Gensokyo:Cirno","floor":10.0,"turns":5.0},{"damage":7,"enemies":"Gensokyo:CorruptedTreant","floor":11,"turns":2},{"damage":0,"enemies":"Gensokyo:Kitsune","floor":14,"turns":2},{"damage":0,"enemies":"Gensokyo:Kokoro","floor":16,"turns":7},{"damage":0,"enemies":"2 Thieves","floor":18,"turns":1},{"damage":0,"enemies":"Shell Parasite","floor":20,"turns":1},{"damage":2,"enemies":"Nightmare","floor":23,"turns":4},{"damage":0,"enemies":"3 Cultists","floor":24,"turns":3},{"damage":0,"enemies":"DemoMod:4_Bullet_Kins","floor":28,"turns":2},{"damage":0,"enemies":"DemoMod:Red_and_blue_shotgun_kin","floor":29,"turns":2},{"damage":0,"enemies":"DemoMod:Veteran_shot_gun_kin_and_blue_shotgun_kin","floor":30,"turns":2},{"damage":0,"enemies":"DemoMod:2_Mousers","floor":31,"turns":3},{"damage":0,"enemies":"DemoMod:Red_and_blue_shotgun_kin_with_gunsinger","floor":32,"turns":2},{"damage":11,"enemies":"DemoMod:ResourcefulRat","floor":35,"turns":6},{"damage":0,"enemies":"Orb Walker","floor":37,"turns":2},{"damage":0,"enemies":"3 Shapes","floor":41,"turns":2},{"damage":0,"enemies":"Reptomancer","floor":42,"turns":2},{"damage":0,"enemies":"Maw","floor":44,"turns":3},{"damage":0,"enemies":"Sphere and 2 Shapes","floor":47,"turns":2},{"damage":0,"enemies":"Jaw Worm Horde","floor":48,"turns":2},{"damage":0,"enemies":"Spire Growth","floor":49,"turns":2},{"damage":0,"enemies":"Writhing Mass","floor":50,"turns":2},{"damage":0,"enemies":"conspire:OrnateMirror","floor":52,"turns":2},{"damage":0,"enemies":"2_ Uuma","floor":54,"turns":2},{"damage":0,"enemies":"Hallownest:2_MossCreeps","floor":57,"turns":2},{"damage":0,"enemies":"Nightmare","floor":60,"turns":4}],"seed_played":"-1915351619031382971","potions_obtained":[{"floor":4.0,"key":"Swift Potion"},{"floor":11,"key":"blueLaboratory:Moonshine"},{"floor":20,"key":"blueLaboratory:LouseDecoction"},{"floor":28,"key":"Elixir"},{"floor":37,"key":"Flashbang"}],"is_trial":false,"path_per_floor":["M","?","?","M","M","E","R","?","T","E","M","R","$","M","R","B",null,"M","$","M","T","M","NM","M","R","T","R","M","M","M","M","M","R","B","B",null,"M","$","?","AVR","M","E","?","M","T","R","M","M","M","M","R","B",null,"M","?","$","M","$","R","NM"],"character_chosen":"THE_DEFAULT","items_purchased":["DemoMod:GnawedKey","Replay:Towering Pillar of Hats","ZombieArmy","jedi:fakemustache","StuffTheSpire:Saxophone","StuffTheSpire:TintedRock","BFFS","MagicDraw3","DemoMod:Metronome","relicPack:SpireResearchBook","CCEMRelics:DissonantTune","halation:Komachan","GodSword5","aspiration:FrozenJewel","jedi:ominousloannote","expansioncontent:DashGenerateEvil","Damocles","hubris:EmptyBottle","REME_HandOfSuture","testmod-IndustrialRevolution"],"campfire_rested":0,"item_purchase_floors":[0,0,0,0,0,0,0,13,13,13,13,19,19,19,38,38,53,56,56,58],"current_hp_per_floor":[70,70,70,67,67,63,63,63,63,58,51,51,70,70,70,70,70,70,70,70,70,70,68,70,70,70,70,70,70,70,70,70,70,70,59,70,70,70,70,70,70,70,55,55,55,55,55,57,57,59,59,59,60,60,60,60,60,60,60,0,0],"gold":484,"neow_bonus":"","is_daily":false,"chose_seed":false,"campfire_upgraded":9,"win_rate":0.0,"timestamp":1608618870,"path_taken":["M","?","?","?","M","E","R","?","T","E","M","R","$","M","R","BOSS","M","$","M","?","M","NM","M","R","T","R","M","M","M","M","M","R","BOSS","BOSS","M","$","?","AVR","?","E","?","M","T","R","M","M","M","?","R","BOSS","M","?","$","M","$","R","NM"],"items_purchased_type":["Relic","Relic","Relic","Relic","Relic","Relic","Relic","Relic","Relic","Relic","Relic","Relic","Relic","Relic","Relic","Card","Relic","Relic","Relic","Relic"],"build_version":"2020-12-13","purchased_purges":2,"victory":false,"max_hp_per_floor":[70,70,70,70,70,70,70,70,70,70,70,70,70,70,70,70,70,70,70,70,70,70,70,70,70,70,70,70,70,70,70,70,70,70,70,70,70,70,70,70,70,70,70,70,70,70,70,70,70,70,70,70,60,60,60,60,60,60,60,60,60],"card_choices":[{"not_picked":["theMarked:KeepCalmAndFightOn","theMarked:ElectricStrings"],"picked":"theMarked:BanishingStrike","floor":1.0},{"not_picked":["theMarked:Electrify","theMarked:Improvise","theMarked:Reabsorb"],"picked":"theMarked:ChainLightning","floor":3.0},{"not_picked":["theMarked:ElectricStrings","theMarked:EmpowerWeapon","theMarked:Static"],"picked":"theMarked:WastefulAttack","floor":3.0},{"not_picked":["theMarked:ElectricStrings","theMarked:RogueSparks","theMarked:ContemptForTheProud"],"picked":"theMarked:UnarmedFury","floor":3.0},{"not_picked":["theMarked:Aftermath","theMarked:ResourceFulStrike","theMarked:Static"],"picked":"theMarked:BanishingStrike","floor":4.0},{"not_picked":["theMarked:ParalyzingBlade","theMarked:Electrocute","theMarked:Static"],"picked":"theMarked:ShockingTouch","floor":5.0},{"not_picked":["theMarked:ThrowWeapon","theMarked:TwofoldDefense","theMarked:RepellingDischarge"],"picked":"theMarked:SwordAndMagic","floor":6.0},{"not_picked":["theMarked:EmpowerWeapon","theMarked:ShockingTouch","theMarked:Electrify"],"picked":"theMarked:ChainLightning","floor":10},{"not_picked":["theMarked:TwofoldDefense","theMarked:GodGivenPower","theMarked:SoldierForm"],"picked":"theMarked:LightningStrikesTwice","floor":11},{"not_picked":["theMarked:TwofoldDefense","theMarked:CreepingChasm","theMarked:Static"],"picked":"theMarked:ElectricStrings","floor":14},{"not_picked":["theMarked:DispelDoubt","theMarked:UnarmedFury","theMarked:MuscleMemory"],"picked":"theMarked:SuspiciousRaven","floor":16},{"not_picked":["theMarked:TakeCover","theMarked:Aftermath","theMarked:Frustration+1","theMarked:Electrocute+1"],"picked":"SKIP","floor":18},{"not_picked":["theMarked:ParalyzingBlade","theMarked:HeritageOfTheMarked","theMarked:WardOff+1","theMarked:HeightenedSenses"],"picked":"SKIP","floor":20},{"not_picked":["theMarked:ChainLightning+1","theMarked:WardOff","theMarked:RepellingDischarge"],"picked":"theMarked:ComboAttacks+1","floor":23},{"not_picked":["theMarked:Parkour","theMarked:Snap","theMarked:TwofoldDefense+1","theMarked:WardOff"],"picked":"SKIP","floor":24},{"not_picked":["theMarked:EnhancedHearing+1","theMarked:EmpowerWeapon","theMarked:MysticalArsenal"],"picked":"theMarked:Aftermath+1","floor":28},{"not_picked":["theMarked:ContemptForTheProud+1","theMarked:ResourceFulStrike+1","theMarked:CreepingChasm+1","theMarked:WastefulAttack+1"],"picked":"SKIP","floor":29},{"not_picked":["theMarked:EnhanceMovement","theMarked:MuscleMemory","theMarked:WastefulAttack+1"],"picked":"theMarked:Improvise+1","floor":30},{"not_picked":["theMarked:Parkour+1","theMarked:TwofoldDefense","theMarked:TunnelVision"],"picked":"theMarked:ParalyzingBlade+1","floor":31},{"not_picked":["theMarked:WastefulAttack","theMarked:RepellingDischarge","theMarked:Improvise+1","theMarked:SwordAndMagic+1"],"picked":"SKIP","floor":32},{"not_picked":[],"picked":"DemoMod:Elimentaler","floor":35},{"not_picked":["theMarked:ChannelForce","theMarked:MuscleMemory","theMarked:UnarmedFury"],"picked":"theMarked:FavorableWinds","floor":35},{"not_picked":["hadesmod:RuyiJinguBang","Guardian:TwinSlam","hubris:MerchantsHand"],"picked":"Neutralize","floor":36},{"not_picked":["theMarked:MuscleMemory","theMarked:FavorableWinds","theMarked:SoldierForm"],"picked":"theMarked:TakeOffHeels","floor":36},{"not_picked":["testmod-DeathImprint","REME_TwoStrings","hubris:Insight"],"picked":"StuffTheSpire:PlasmaPunch","floor":36},{"not_picked":["infinitespire:FinalStrike","hubris:Fate","infinitespire:Fortify"],"picked":"infinitespire:Execution","floor":36},{"not_picked":["theMarked:BanishingStrike","theMarked:Electrocute+1","theMarked:Polarize+1","theMarked:ParalyzingBlade"],"picked":"SKIP","floor":37},{"not_picked":["theMarked:Frustration","theMarked:TwofoldDefense","theMarked:WastefulAttack+1","theMarked:Improvise"],"picked":"SKIP","floor":41},{"not_picked":["theMarked:WastefulAttack+1","theMarked:ChainLightning+1","theMarked:ReduceFriction+1","theMarked:Electrify+1"],"picked":"SKIP","floor":42},{"not_picked":["theMarked:WastefulAttack+1","theMarked:WastefulDefense","theMarked:Convert+1"],"picked":"theMarked:Parkour+1","floor":44},{"not_picked":["theMarked:TwofoldDefense","theMarked:SwordAndMagic+1","theMarked:EmpowerWeapon+1","theMarked:RepellingDischarge"],"picked":"SKIP","floor":47},{"not_picked":["theMarked:Aftermath","theMarked:ParalyzingBlade","theMarked:StartUp","theMarked:WastefulAttack"],"picked":"SKIP","floor":48},{"not_picked":["theMarked:Improvise+1","theMarked:Parkour","theMarked:EmpowerWeapon+1","theMarked:SuspiciousRaven"],"picked":"SKIP","floor":49},{"not_picked":["theMarked:Electrocute","theMarked:HeightenedSenses+1","theMarked:WastefulAttack+1","theMarked:Frustration"],"picked":"SKIP","floor":50},{"not_picked":["theMarked:SuspiciousRaven","theMarked:SummonStrength","theMarked:TurnInvisible"],"picked":"theMarked:ThrowWeapon","floor":52},{"not_picked":["theMarked:SwordAndMagic","theMarked:WardOff","theMarked:ElectricStrings","theMarked:RogueSparks"],"picked":"SKIP","floor":54},{"not_picked":["theMarked:Parkour","theMarked:ElectricStrings","theMarked:HeightenedSenses","theMarked:BanishingWave"],"picked":"SKIP","floor":57},{"not_picked":["theMarked:Electrocute","theMarked:UnarmedFury","theMarked:Electrify"],"picked":"theMarked:ShockingTouch","floor":60}],"player_experience":321159,"relics_obtained":[{"floor":1.0,"key":"Question Card"},{"floor":1.0,"key":"LetterFromLob"},{"floor":6.0,"key":"Runesmith:AutoHammer"},{"floor":9.0,"key":"Quantum Egg"},{"floor":10,"key":"halation:IllGainedPizza"},{"floor":16,"key":"ImportantClient"},{"floor":21,"key":"Bag of Marbles"},{"floor":23,"key":"MagicDraw4"},{"floor":36,"key":"DemoMod:RatBoots"},{"floor":36,"key":"DemoMod:ResourcefulSack"},{"floor":36,"key":"DemoMod:PartiallyEatenCheese"},{"floor":36,"key":"StuffTheSpire:Kangaroo"},{"floor":36,"key":"ReplayTheSpireMod:SealedPack"},{"floor":42,"key":"CCEMRelics:JestersCrown"},{"floor":45,"key":"StuffTheSpire:RubySignet"},{"floor":54,"key":"aspiration:FetidBarrel"},{"floor":57,"key":"halation:BottledLove"},{"floor":60,"key":"testmod-Brilliant"},{"floor":60,"key":"Onion Ring"}],"event_choices":[],"is_beta":false,"boss_relics":[{"not_picked":["vexMod:TanglingVine","energizedSpire:NeverEndingSparkler"],"picked":"ChiXiaoBlade"},{"not_picked":[]},{"not_picked":[]},{"not_picked":["halation:MonkeysPaw","testmod-Temperance"],"picked":"halation:SmartPhone"},{"not_picked":[]}],"items_purged_floors":[13,38],"is_endless":true,"potions_floor_spawned":[4,11,20,28,30,37,41,42,47,49],"killed_by":"Nightmare","ascension_level":0}}