{"host":"ju72hehuqt4nkzh9","time":1608676980,"event":{"mods":["Aspiration","BaseMod","BetterRewards","Downfall","Minty Spire (QoL Compilation)","Retaliation","StSLib"],"gold_per_floor":[112,187,187,201,219,250,250,278,303,12,12,28,28,43,43,148,148,159,169,181,195,63,63,63],"floor_reached":23,"playtime":10517,"items_purged":["Defend_R"],"score":449,"play_id":"be279010-3b98-4d1f-b351-381a05fae6dc","local_time":"20201223114300","is_ascension_mode":true,"campfire_choices":[{"floor":7.0,"key":"REST"},{"data":"True Grit","floor":11,"key":"SMITH"},{"data":"Armaments","floor":13,"key":"SMITH"},{"data":"Dual Wield","floor":15,"key":"SMITH"}],"circlet_count":0,"master_deck":["Strike_R","Strike_R","Strike_R","Strike_R","Strike_R","Defend_R","Defend_R+1","Bash","Second Wind","DDmod:EasePowerCard","Warcry","True Grit+1","Violence+1","DDmod:EasePowerCard","expansioncontent:StudyTheSpire","Wild Strike","DDmod:CallousedSkill","Iron Wave","Burning Pact","DDmod:SpikeMailSkill","Havoc","Pummel","Metallicize","Wild Strike","Havoc","Feel No Pain","Armaments+1","Dual Wield+1","Fiend Fire","DDmod:SpikeInjectionSkill+1","DDmod:SpikedSkill+1","Combust","Battle Trance+1","Warcry","Deep Breath"],"relics":["Burning Blood","Lizard Tail","Gremlin Horn","Shuriken","TungstenRod","Kunai","War Paint","MealTicket","aspiration:Lifesprig","aspiration:PoetsPen_weak"],"acts_visited":["Exordium","TheCity"],"potions_floor_usage":[12,16,16,23,23],"damage_taken":[{"damage":14.0,"enemies":"Jaw Worm","floor":1.0,"turns":4.0},{"damage":10.0,"enemies":"2 Louse","floor":4.0,"turns":3.0},{"damage":4.0,"enemies":"Cultist","floor":5.0,"turns":4.0},{"damage":31.0,"enemies":"Gremlin Nob","floor":6.0,"turns":5.0},{"damage":26.0,"enemies":"Lagavulin","floor":8.0,"turns":7.0},{"damage":1,"enemies":"Lots of Slimes","floor":12,"turns":4},{"damage":13,"enemies":"Red Slaver","floor":14,"turns":6},{"damage":41,"enemies":"Slime Boss","floor":16,"turns":18},{"damage":13,"enemies":"Spheric Guardian","floor":18,"turns":4},{"damage":20,"enemies":"Shell Parasite","floor":19,"turns":7},{"damage":35,"enemies":"3 Cultists","floor":20,"turns":6},{"damage":20,"enemies":"Snecko","floor":21,"turns":5},{"damage":64,"enemies":"Gremlin Leader","floor":23,"turns":4}],"seed_played":"155673845063110678","potions_obtained":[{"floor":6.0,"key":"Weak Potion"},{"floor":8.0,"key":"Block Potion"},{"floor":12,"key":"BlessingOfTheForge"},{"floor":14,"key":"BloodPotion"},{"floor":20,"key":"Strength Potion"},{"floor":21,"key":"EssenceOfSteel"}],"is_trial":false,"path_per_floor":["M","?","?","M","M","E","R","E","T","$","R","M","R","M","R","B",null,"M","M","M","M","$","E"],"character_chosen":"IRONCLAD","items_purchased":["Gremlin Horn","DDmod:EasePowerCard","Warcry","True Grit","Violence","Shuriken","TungstenRod","DDmod:EasePowerCard","expansioncontent:StudyTheSpire","Wild Strike","DDmod:CallousedSkill","Iron Wave","aspiration:Lifesprig","Wild Strike","Havoc","Feel No Pain","Warcry","Deep Breath"],"campfire_rested":1,"item_purchase_floors":[0,0,0,0,0,0,0,0,0,0,0,0,10,10,10,10,22,22],"current_hp_per_floor":[16,6,6,46,50,25,49,29,29,44,44,52,52,57,57,80,80,73,67,46,32,47,0,0],"gold":63,"neow_bonus":"","is_daily":false,"chose_seed":false,"campfire_upgraded":3,"win_rate":0.0,"timestamp":1608676980,"path_taken":["M","?","?","M","M","E","R","E","T","?","R","M","R","M","R","BOSS","M","?","M","M","?","E"],"items_purchased_type":["Relic","Card","Card","Card","Card","Relic","Relic","Card","Card","Card","Card","Card","Relic","Card","Card","Card","Card","Card"],"build_version":"2020-12-13","purchased_purges":1,"victory":false,"max_hp_per_floor":[80,80,80,80,80,80,80,80,80,80,80,80,80,80,80,80,80,80,80,80,80,80,80,80],"card_choices":[{"not_picked":["DDmod:EasePowerCard","Perfected Strike"],"picked":"Burning Pact","floor":1.0},{"not_picked":["Wild Strike","Disarm"],"picked":"DDmod:SpikeMailSkill","floor":4.0},{"not_picked":["Twin Strike","Pommel Strike"],"picked":"Havoc","floor":5.0},{"not_picked":["Disarm","Second Wind"],"picked":"Pummel","floor":6.0},{"not_picked":["Inflame","Power Through"],"picked":"Metallicize","floor":8.0},{"not_picked":["Shrug It Off","Headbutt"],"picked":"Armaments","floor":12},{"not_picked":["Havoc","DDmod:CallousedSkill"],"picked":"Dual Wield","floor":14},{"not_picked":["DDmod:AllInSkill","Feed"],"picked":"Fiend Fire","floor":16},{"not_picked":["DDmod:RapidStrikeAttack","True Grit"],"picked":"DDmod:SpikeInjectionSkill+1","floor":18},{"not_picked":["Body Slam+1","Clash"],"picked":"DDmod:SpikedSkill+1","floor":19},{"not_picked":["Warcry","DDmod:SpikedSkill+1"],"picked":"Combust","floor":20},{"not_picked":["Shrug It Off","Armaments+1"],"picked":"Battle Trance+1","floor":21}],"player_experience":341411,"relics_obtained":[{"floor":6.0,"key":"Kunai"},{"floor":8.0,"key":"War Paint"},{"floor":9.0,"key":"MealTicket"}],"event_choices":[{"damage_healed":0.0,"max_hp_gain":0.0,"max_hp_loss":0.0,"gold_gain":75.0,"event_name":"World of Goop","player_choice":"Gather Gold","floor":2.0,"gold_loss":0.0,"damage_taken":11.0},{"damage_healed":0.0,"max_hp_gain":0.0,"max_hp_loss":0.0,"gold_gain":0.0,"event_name":"Scrap Ooze","player_choice":"Fled","floor":3.0,"gold_loss":0.0,"damage_taken":0.0}],"is_beta":false,"boss_relics":[{"not_picked":["Runic Pyramid","Busted Crown"],"picked":"aspiration:PoetsPen_weak"}],"items_purged_floors":[0],"is_endless":false,"potions_floor_spawned":[6,8,12,14,20,21],"killed_by":"Gremlin Leader","ascension_level":8}}