{"host":"wppa8gky53tnknhf","time":1608677477,"event":{"mods":["AchievementEnabler","Act Like it!","BaseMod","Better Third Choice","BetterRewards","Card Forge","Colored Powertips","Energized Spire","Hubris","Infinite Spire","Marked Mod","Minty Spire (QoL Compilation)","Permanent Neow","Quick Restart","Rare Cards Sparkle","Relic Stats","Remove Card Discount Mod","Replay The Spire","Spikes Relics","Spire Birthday Party","StSLib"],"gold_per_floor":[118,132,207,207,225,225,254,266,289,303,329,329,359,534,534,635,635,654,673,673,693,693,693],"floor_reached":22,"playtime":601,"items_purged":[],"score":294,"play_id":"921741dc-8520-4e8a-8932-f6490dd7863d","local_time":"20201222225117","is_ascension_mode":true,"campfire_choices":[{"floor":6,"key":"RECALL"},{"floor":12,"key":"REST"},{"data":"Demon Form","floor":15,"key":"SMITH"}],"circlet_count":0,"master_deck":["Strike_R+1","Strike_R+1","Strike_R+1","Strike_R+1","Strike_R+1","Defend_R+1","Defend_R+1","Defend_R+1","Defend_R+1","Bash+1","Barricade+1","Flex+1","Body Slam+1","Twin Strike+1","Body Slam+1","Clothesline+1","Body Slam+1","Demon Form+1","Twin Strike+1","Berserk+1","Body Slam+1"],"relics":["Burning Blood","Hammer of Thor","Seething Fire","Anvil of the Gods","Replay:Rubber Ducky","Paper Frog","Molten Egg 2","SlaversCollar"],"acts_visited":["Exordium","TheCity"],"potions_floor_usage":[7,8,16,16],"damage_taken":[{"damage":6,"enemies":"2 Louse","floor":1,"turns":3},{"damage":0,"enemies":"Small Slimes","floor":2,"turns":3},{"damage":6,"enemies":"Cultist","floor":5,"turns":3},{"damage":3,"enemies":"3 Sentries","floor":7,"turns":12},{"damage":0,"enemies":"2 Fungi Beasts","floor":8,"turns":2},{"damage":7,"enemies":"3 Louse","floor":10,"turns":5},{"damage":6,"enemies":"Lagavulin","floor":11,"turns":4},{"damage":5,"enemies":"Gremlin Nob","floor":13,"turns":3},{"damage":0,"enemies":"The Guardian","floor":16,"turns":13},{"damage":28,"enemies":"Shell Parasite","floor":18,"turns":6},{"damage":21,"enemies":"Spheric Guardian","floor":19,"turns":4},{"damage":46,"enemies":"Snake Plant","floor":21,"turns":5},{"damage":34,"enemies":"Centurion and Healer","floor":22,"turns":5}],"seed_played":"-1381216445073068970","potions_obtained":[{"floor":5,"key":"Dexterity Potion"},{"floor":7,"key":"Energy Potion"},{"floor":8,"key":"Reflective Coating"},{"floor":13,"key":"Reflective Coating"},{"floor":21,"key":"ElixirPotion"}],"is_trial":false,"path_per_floor":["M","M","?","?","M","R","E","M","T","M","E","R","E","?","R","B",null,"M","M","?","M","M"],"character_chosen":"IRONCLAD","items_purchased":[],"campfire_rested":1,"item_purchase_floors":[],"current_hp_per_floor":[80,80,69,69,69,69,72,78,78,77,77,80,80,80,80,80,80,58,43,69,29,0,0],"gold":693,"neow_bonus":"ONE_RANDOM_RARE_CARD","is_daily":false,"chose_seed":false,"campfire_upgraded":1,"win_rate":0.0,"timestamp":1608677477,"path_taken":["M","M","?","?","?","R","E","M","T","M","E","R","E","?","R","BOSS","M","M","?","M","M"],"items_purchased_type":[],"build_version":"2020-12-13","purchased_purges":0,"victory":false,"max_hp_per_floor":[80,80,80,80,80,80,80,80,80,80,80,80,80,80,80,80,80,80,80,80,80,80,80],"relic_stats":{"counters":[13,68],"obtain_stats":[{"SlaversCollar":17,"Anvil of the Gods":0,"Molten Egg 2":13,"Hammer of Thor":0,"Seething Fire":0,"Burning Blood":0,"Replay:Rubber Ducky":7,"Paper Frog":11},{"SlaversCollar":9,"Anvil of the Gods":0,"Molten Egg 2":8,"Hammer of Thor":0,"Seething Fire":0,"Burning Blood":0,"Replay:Rubber Ducky":4,"Paper Frog":7},{"SlaversCollar":48,"Anvil of the Gods":0,"Molten Egg 2":35,"Hammer of Thor":0,"Seething Fire":0,"Burning Blood":0,"Replay:Rubber Ducky":21,"Paper Frog":32}],"Burning Blood":59},"card_choices":[{"not_picked":["Clash","Carnage"],"picked":"Flex","floor":1},{"not_picked":["Armaments","Shrug It Off"],"picked":"Body Slam","floor":2},{"not_picked":["ReplayTheSpireMod:Limb From Limb","Bloodletting"],"picked":"Twin Strike","floor":5},{"not_picked":["Demonic Infusion","Heavy Blade"],"picked":"Body Slam","floor":7},{"not_picked":["Feel No Pain","ReplayTheSpireMod:Limb From Limb"],"picked":"Clothesline","floor":8},{"not_picked":["hubris:SharpeningStone","Iron Wave"],"picked":"Body Slam","floor":10},{"not_picked":["Ghostly Armor","Replay:Undeath\u0027s Touch"],"picked":"Demon Form","floor":11},{"not_picked":["Warcry","Power Through"],"picked":"Twin Strike+1","floor":13},{"not_picked":["Immolate+1","Impervious"],"picked":"Berserk","floor":16},{"not_picked":["Run Through+1","Combust"],"picked":"True Grit+1","floor":18},{"not_picked":["Sentinel+1","Hemokinesis+1"],"picked":"Body Slam+1","floor":19},{"not_picked":["Clothesline+1","Armaments","Wild Strike+1"],"picked":"SKIP","floor":21}],"player_experience":682309,"relics_obtained":[{"floor":7,"key":"Replay:Rubber Ducky"},{"floor":11,"key":"Paper Frog"},{"floor":13,"key":"Molten Egg 2"}],"event_choices":[{"damage_healed":0,"gold_gain":75,"player_choice":"Gold","damage_taken":11,"max_hp_gain":0,"max_hp_loss":0,"event_name":"betterThird:BetterGoop","floor":3,"gold_loss":0},{"damage_healed":0,"gold_gain":0,"player_choice":"Ignored","damage_taken":0,"max_hp_gain":0,"max_hp_loss":0,"event_name":"Transmorgrifier","floor":4,"gold_loss":0},{"damage_healed":0,"gold_gain":175,"player_choice":"AGREE","damage_taken":359,"max_hp_gain":0,"max_hp_loss":0,"event_name":"betterThird:BetterSerpent","floor":14,"gold_loss":0},{"damage_healed":26,"gold_gain":0,"player_choice":"Heal","damage_taken":0,"max_hp_gain":0,"max_hp_loss":0,"event_name":"The Library","floor":20,"gold_loss":0}],"is_beta":false,"boss_relics":[{"not_picked":["Kintsugi","HailfireSword"],"picked":"SlaversCollar"}],"items_purged_floors":[],"is_endless":false,"potions_floor_spawned":[5,7,8,13,21],"killed_by":"Centurion and Healer","ascension_level":1}}