{"host":"cbnfbo28eyz4xcn1","time":1608608385,"event":{"mods":["BaseMod","Colored Map","Colored Powertips","Infinite Spire","Minty Spire (QoL Compilation)","Replay The Spire","StSLib"],"gold_per_floor":[116,116,27,27,46,46,76,76,76,37,63,73,123,133,133,133,133],"floor_reached":16,"playtime":567,"items_purged":[],"score":147,"play_id":"0a629d76-6360-42e6-bfac-c6d1edfeed22","local_time":"20201222043945","is_ascension_mode":true,"campfire_choices":[{"data":"Crippling Poison","floor":6,"key":"SMITH"},{"floor":8,"key":"REST"},{"floor":15,"key":"REST"}],"circlet_count":0,"master_deck":["AscendersBane","Strike_G+1","Strike_G","Strike_G","Strike_G","Strike_G","Defend_G","Defend_G","Defend_G","Defend_G","Defend_G","Survivor","Neutralize","Hidden Blade","Replay:Sssssssssshield","Regret","Crippling Poison+1","Poisoned Stab","Deflect+1","All Out Attack","Deflect","Deflect","Finisher"],"relics":["Ring of the Snake","Tingsha","infinitespire:Lucky Rock","Dream Catcher","Gremlin Food","Replay:Bottled Flurry","Smiling Mask","Ring of Greed","Membership Card","The Courier"],"acts_visited":["Exordium"],"potions_floor_usage":[7,16,16],"damage_taken":[{"damage":4,"enemies":"Jaw Worm","floor":1,"turns":3},{"damage":9,"enemies":"2 Louse","floor":5,"turns":3},{"damage":48,"enemies":"3 Sentries","floor":7,"turns":13},{"damage":3,"enemies":"Small Slimes","floor":12,"turns":2},{"damage":8,"enemies":"Exordium Thugs","floor":14,"turns":4},{"damage":27,"enemies":"The Guardian","floor":16,"turns":9}],"seed_played":"-7916908658538708886","potions_obtained":[{"floor":5,"key":"Dexterity Potion"},{"floor":7,"key":"PowerPotion"},{"floor":14,"key":"SteroidPotion"}],"is_trial":false,"path_per_floor":["M","?","$","?","M","R","E","R","T","$","T","M","?","M","R","B"],"character_chosen":"THE_SILENT","items_purchased":["Replay:Sssssssssshield","All Out Attack"],"campfire_rested":2,"item_purchase_floors":[3,10],"current_hp_per_floor":[59,59,59,59,50,50,2,20,20,20,20,17,17,9,27,0,0],"gold":133,"neow_bonus":"ONE_RARE_RELIC","is_daily":false,"chose_seed":false,"campfire_upgraded":1,"win_rate":0.0,"timestamp":1608608385,"path_taken":["M","?","$","?","M","R","E","R","T","?","?","M","?","M","R","BOSS"],"items_purchased_type":["Card","Card"],"build_version":"2020-12-13","purchased_purges":0,"victory":false,"max_hp_per_floor":[63,63,63,63,63,63,63,63,63,63,63,63,63,63,63,63,63],"card_choices":[{"not_picked":["Underhanded Strike","Deadly Poison"],"picked":"Hidden Blade","floor":1},{"not_picked":["ReplayTheSpireMod:From All Sides","Dodge and Roll"],"picked":"Crippling Poison","floor":5},{"not_picked":["Grand Finale","Caltrops"],"picked":"Poisoned Stab","floor":7},{"not_picked":["Accuracy","Predator"],"picked":"Deflect","floor":8},{"not_picked":["Dodge and Roll","Flying Knee"],"picked":"Deflect","floor":12},{"not_picked":["Phantasmal Killer","Escape Plan"],"picked":"Deflect","floor":14},{"not_picked":["Calculated Gamble","Dagger Throw"],"picked":"Finisher","floor":15}],"player_experience":463313,"relics_obtained":[{"floor":2,"key":"infinitespire:Lucky Rock"},{"floor":7,"key":"Gremlin Food"},{"floor":9,"key":"Replay:Bottled Flurry"},{"floor":11,"key":"Smiling Mask"},{"floor":13,"key":"Ring of Greed"},{"floor":13,"key":"Membership Card"},{"floor":13,"key":"The Courier"}],"event_choices":[{"damage_healed":0,"gold_gain":0,"player_choice":"Box","damage_taken":0,"relics_obtained":["Dream Catcher"],"max_hp_gain":0,"max_hp_loss":0,"event_name":"Big Fish","floor":4,"gold_loss":0,"cards_obtained":["Regret"]}],"is_beta":false,"boss_relics":[],"items_purged_floors":[],"is_endless":false,"potions_floor_spawned":[5,7,14],"killed_by":"The Guardian","ascension_level":10}}