{"host":"wvjetiwvtzv47vcu","time":1608679422,"event":{"mods":["AchievementEnabler","Act Like it!","BaseMod","BetterRewards","Colored Map","Colored Powertips","Downfall","Gensokyo","Hubris","Koishi","Marisa????????","Minty Spire (QoL Compilation)","Rare Cards Sparkle","StSLib","The Animator"],"gold_per_floor":[99,99,99,18,18,36,61,74,74,74,109,34,66,79,98,203,203,203,203,203,203],"floor_reached":19,"playtime":1404,"items_purged":[],"score":173,"play_id":"397ad0ce-a276-40fe-a9b8-4427082d41df","local_time":"20201222152342","is_ascension_mode":false,"campfire_choices":[{"data":"hexamod:Float","floor":1.0,"key":"SMITH"},{"data":"hexamod:SoulSteal","floor":9.0,"key":"SMITH"},{"floor":12,"key":"REST"},{"data":"hexamod:RainOfEmbers","floor":18,"key":"SMITH"}],"circlet_count":0,"master_deck":["hexamod:Strike","hexamod:Strike","hexamod:Strike","hexamod:Strike","hexamod:Defend","hexamod:Defend","hexamod:Defend","hexamod:Defend","hexamod:Sear","hexamod:Float+1","hexamod:DynamicBlow","hexamod:PhantomFireball","hexamod:ThirdSeal","hexamod:NightmareStrike","hexamod:ChargedBarrage","hexamod:NightmareGuise","hexamod:SoulSteal+1","hexamod:WildfireWeapon","Trip","hexamod:Hexaguard","hexamod:Sear","hexamod:CatchUp","hexamod:Firestarter","hexamod:Again","hexamod:RainOfEmbers+1","hexamod:FourthSeal","hexamod:WildfireWeapon","hexamod:SixthSeal"],"relics":["hexamod:SpiritBrand","downfall:HeartsMalice","hubris:Icosahedron","PreservedInsect","Pantograph","downfall:HeartBlessingGreen","Akabeko","hubris:HollowSoul"],"acts_visited":["Exordium","TheCity"],"potions_floor_usage":[16],"damage_taken":[{"damage":0.0,"enemies":"Jaw Worm","floor":2.0,"turns":1.0},{"damage":0.0,"enemies":"downfall:FleeingMerchant","floor":4.0,"turns":1.0},{"damage":0.0,"enemies":"Cultist","floor":5.0,"turns":1.0},{"damage":0.0,"enemies":"2 Louse","floor":6.0,"turns":2.0},{"damage":16.0,"enemies":"Lots of Slimes","floor":8.0,"turns":5.0},{"damage":17,"enemies":"Lagavulin","floor":11,"turns":5},{"damage":14,"enemies":"3 Sentries","floor":13,"turns":7},{"damage":12,"enemies":"Blue Slaver","floor":14,"turns":3},{"damage":0,"enemies":"3 Louse","floor":15,"turns":2},{"damage":43,"enemies":"downfall:Ironclad","floor":16,"turns":9},{"damage":48,"enemies":"3 Byrds","floor":19,"turns":5}],"seed_played":"3082435489306463814","potions_obtained":[{"floor":11,"key":"Guardian:BlockOnCardUsePotion"},{"floor":13,"key":"LiquidMemories"},{"floor":14,"key":"SteroidPotion"},{"floor":16,"key":"SpeedPotion"}],"is_trial":false,"path_per_floor":["R","M","?","$","M","M","T","M","R","?","E","R","E","M","M","B",null,"R","M"],"character_chosen":"THE_SPIRIT","items_purchased":["hexamod:ThirdSeal","hexamod:NightmareStrike"],"campfire_rested":1,"item_purchase_floors":[4,4],"current_hp_per_floor":[70,70,70,70,70,70,70,54,54,54,37,58,44,32,32,14,70,70,22,22,22],"gold":203,"neow_bonus":"THREE_ENEMY_KILL","is_daily":false,"chose_seed":false,"campfire_upgraded":3,"win_rate":0.0,"timestamp":1608679422,"path_taken":["R","M","?","$","M","M","T","M","R","?","E","R","E","?","M","BOSS","R","M"],"items_purchased_type":["Card","Card"],"build_version":"2020-12-13","purchased_purges":0,"victory":false,"max_hp_per_floor":[70,70,70,70,70,70,70,70,70,70,70,70,70,70,70,70,70,70,70,70,70],"card_choices":[{"not_picked":["hexamod:CatchUp","hexamod:ShieldOfDarkness"],"picked":"hexamod:DynamicBlow","floor":2.0},{"not_picked":["hexamod:GhostShield","hexamod:Rewind"],"picked":"hexamod:PhantomFireball","floor":4.0},{"not_picked":["hexamod:NecessarySacrifice","hexamod:ExtraCrispy"],"picked":"hexamod:ChargedBarrage","floor":5.0},{"not_picked":["hexamod:GhostShield","hexamod:Haunt"],"picked":"hexamod:NightmareGuise","floor":6.0},{"not_picked":["hexamod:RainOfEmbers","hexamod:HauntingEcho"],"picked":"hexamod:SoulSteal","floor":8.0},{"not_picked":["hexamod:EtherealExpedition","hexamod:ChargedBarrage"],"picked":"hexamod:Firestarter","floor":11},{"not_picked":["hexamod:RainOfEmbers","hexamod:Firestarter"],"picked":"hexamod:Again","floor":13},{"not_picked":["hexamod:ChargedBarrage","hexamod:ShieldOfDarkness"],"picked":"hexamod:RainOfEmbers","floor":14},{"not_picked":["hexamod:BurningTouch","hexamod:GhostShield"],"picked":"hexamod:FourthSeal","floor":15},{"not_picked":["hexamod:TimeWarp","hexamod:TurnItUp"],"picked":"hexamod:WildfireWeapon","floor":16},{"not_picked":["hexamod:HexaLevel","hexamod:FifthSeal"],"picked":"hexamod:SixthSeal","floor":16}],"player_experience":255109,"relics_obtained":[{"floor":7.0,"key":"PreservedInsect"},{"floor":11,"key":"Pantograph"},{"floor":13,"key":"Akabeko"}],"event_choices":[],"is_beta":false,"boss_relics":[{"not_picked":["Runic Dome","Snecko Eye"],"picked":"hubris:HollowSoul"}],"items_purged_floors":[],"is_endless":false,"potions_floor_spawned":[11,13,14],"killed_by":"3 Byrds","ascension_level":0}}