{"host":"Fun","time":1608676261,"event":{"mods":["BaseMod","Colored Map","Filter the Spire","Minty Spire (QoL Compilation)","Relic Stats","StSLib"],"gold_per_floor":[10,10,10,27,45,45,78,78,78,108,118,137,167,167,167,269,269,284,284,53,53,53,80,80,96,168,168,182,182,215,227,227,323,323,343,360,360,20,35,35,69,69,69,101,101,126,141,172,172,172],"floor_reached":51,"playtime":1776,"items_purged":["Strike_B","Strike_B"],"score":1400,"play_id":"b78bfdd9-c633-4938-8b68-cb2d5d2348c6","local_time":"20201222173101","is_ascension_mode":true,"campfire_choices":[{"data":"Beam Cell","floor":6,"key":"SMITH"},{"data":"Self Repair","floor":8,"key":"SMITH"},{"data":"Loop","floor":15,"key":"SMITH"},{"data":"Defragment","floor":24,"key":"SMITH"},{"floor":27,"key":"REST"},{"floor":29,"key":"REST"},{"data":"Darkness","floor":32,"key":"SMITH"},{"data":"Zap","floor":40,"key":"SMITH"},{"data":"Ball Lightning","floor":42,"key":"SMITH"},{"floor":49,"key":"REST"}],"circlet_count":0,"master_deck":["AscendersBane","Defend_B","Defend_B","Defend_B","Defend_B","Zap+1","Dualcast","Hyperbeam+1","Genetic Algorithm","Beam Cell+1","Self Repair+1","Ball Lightning+1","Loop+1","Darkness+1","Machine Learning","Leap","Defragment+1","Redo+1","Leap+1","Go for the Eyes+1"],"relics":["Cracked Core","WarpedTongs","Akabeko","Letter Opener","Pen Nib","Omamori","Cursed Key","Nilry\u0027s Codex","Anchor","Calipers","Ancient Tea Set","Cables","Happy Flower","Runic Pyramid","Mummified Hand","TungstenRod","Nunchaku","Prayer Wheel","Juzu Bracelet"],"acts_visited":["Exordium","TheCity","TheBeyond"],"potions_floor_usage":[44,47,50],"damage_taken":[{"damage":7.0,"enemies":"Small Slimes","floor":1.0,"turns":2.0},{"damage":0.0,"enemies":"2 Louse","floor":4.0,"turns":2.0},{"damage":0.0,"enemies":"Jaw Worm","floor":5.0,"turns":2.0},{"damage":12,"enemies":"3 Sentries","floor":7,"turns":3},{"damage":9,"enemies":"Lagavulin","floor":10,"turns":6},{"damage":9,"enemies":"Red Slaver","floor":11,"turns":4},{"damage":17,"enemies":"Exordium Thugs","floor":12,"turns":3},{"damage":0,"enemies":"Gremlin Nob","floor":13,"turns":2},{"damage":33,"enemies":"Slime Boss","floor":16,"turns":5},{"damage":33,"enemies":"2 Thieves","floor":18,"turns":4},{"damage":0,"enemies":"Gremlin Leader","floor":23,"turns":5},{"damage":25,"enemies":"Spheric Guardian","floor":25,"turns":4},{"damage":12,"enemies":"Snake Plant","floor":28,"turns":3},{"damage":1,"enemies":"Book of Stabbing","floor":30,"turns":4},{"damage":8,"enemies":"Sentry and Sphere","floor":31,"turns":4},{"damage":38,"enemies":"Automaton","floor":33,"turns":8},{"damage":0,"enemies":"Orb Walker","floor":35,"turns":2},{"damage":0,"enemies":"3 Darklings","floor":36,"turns":4},{"damage":0,"enemies":"Spire Growth","floor":39,"turns":6},{"damage":22,"enemies":"Reptomancer","floor":41,"turns":5},{"damage":24,"enemies":"Nemesis","floor":44,"turns":7},{"damage":0,"enemies":"Giant Head","floor":46,"turns":6},{"damage":4,"enemies":"Transient","floor":47,"turns":5},{"damage":7,"enemies":"Nemesis","floor":48,"turns":7},{"damage":55,"enemies":"Time Eater","floor":50,"turns":8}],"seed_played":"7566127030064057319","potions_obtained":[{"floor":1.0,"key":"FairyPotion"},{"floor":7,"key":"SpeedPotion"},{"floor":11,"key":"Dexterity Potion"},{"floor":30,"key":"Block Potion"},{"floor":44,"key":"LiquidMemories"},{"floor":48,"key":"PotionOfCapacity"}],"is_trial":false,"path_per_floor":["M","?","?","M","M","R","E","R","T","E","M","M","E","?","R","B",null,"M","?","$","?","$","E","R","M","T","R","M","R","E","M","R","B",null,"M","M","?","$","M","R","E","R","T","E","$","E","M","E","R","B",null],"character_chosen":"DEFECT","items_purchased":["Anchor","Mummified Hand"],"campfire_rested":3,"item_purchase_floors":[20,38],"current_hp_per_floor":[61,61,61,61,61,61,49,49,49,50,51,44,54,54,54,31,64,41,25,25,25,25,35,35,20,20,42,40,62,71,73,73,45,68,75,75,75,75,75,75,63,63,63,49,49,59,65,68,75,30],"gold":172,"neow_bonus":"THREE_RARE_CARDS","is_daily":false,"chose_seed":false,"campfire_upgraded":7,"win_rate":0.0,"timestamp":1608676261,"path_taken":["M","?","?","M","M","R","E","R","T","E","M","M","E","?","R","BOSS","M","?","?","?","?","E","R","?","T","R","M","R","E","M","R","BOSS","M","M","?","?","M","R","E","R","T","E","$","E","M","E","R","BOSS"],"items_purchased_type":["Relic","Relic"],"build_version":"2020-12-18","purchased_purges":2,"victory":true,"max_hp_per_floor":[75,75,75,75,75,75,75,75,75,75,75,75,75,75,75,75,75,75,75,75,75,75,75,75,75,75,75,75,75,75,75,75,75,75,75,75,75,75,75,75,75,75,75,75,75,75,75,75,75,75],"relic_stats":{"Happy Flower":[20],"counters":[25,111],"Pen Nib":[10],"Juzu Bracelet":0,"Letter Opener":[172],"Cursed Key":1,"WarpedTongs":[110],"Cables":[62,38,2,22,0],"Nunchaku":[2],"Mummified Hand":[44],"Prayer Wheel":1,"obtain_stats":[{"Calipers":21,"Happy Flower":30,"Nilry\u0027s Codex":19,"Pen Nib":10,"Omamori":13,"Juzu Bracelet":48,"Letter Opener":9,"Cursed Key":17,"Ancient Tea Set":23,"Akabeko":7,"WarpedTongs":1,"Cables":26,"Anchor":20,"Nunchaku":44,"Mummified Hand":38,"Prayer Wheel":46,"Cracked Core":0,"TungstenRod":41,"Runic Pyramid":34},{"Calipers":10,"Happy Flower":14,"Nilry\u0027s Codex":10,"Pen Nib":5,"Omamori":8,"Juzu Bracelet":24,"Letter Opener":4,"Cursed Key":9,"Ancient Tea Set":11,"Akabeko":4,"WarpedTongs":1,"Cables":12,"Anchor":10,"Nunchaku":21,"Mummified Hand":18,"Prayer Wheel":22,"Cracked Core":0,"TungstenRod":20,"Runic Pyramid":16},{"Calipers":33,"Happy Flower":49,"Nilry\u0027s Codex":33,"Pen Nib":15,"Omamori":24,"Juzu Bracelet":103,"Letter Opener":9,"Cursed Key":29,"Ancient Tea Set":38,"Akabeko":9,"WarpedTongs":1,"Cables":42,"Anchor":33,"Nunchaku":85,"Mummified Hand":67,"Prayer Wheel":91,"Cracked Core":0,"TungstenRod":78,"Runic Pyramid":61}],"TungstenRod":13},"card_choices":[{"not_picked":["Machine Learning","Core Surge"],"picked":"Hyperbeam","floor":0.0},{"not_picked":["Leap","Coolheaded"],"picked":"Genetic Algorithm","floor":1.0},{"not_picked":["BootSequence","Sweeping Beam"],"picked":"Beam Cell","floor":4.0},{"not_picked":["Conserve Battery","Turbo","Rebound"],"picked":"SKIP","floor":5.0},{"not_picked":["Streamline","Steam"],"picked":"Self Repair","floor":7},{"not_picked":["Self Repair","Darkness"],"picked":"Ball Lightning","floor":10},{"not_picked":["Coolheaded","Undo"],"picked":"Loop","floor":11},{"not_picked":["Ball Lightning","Steam"],"picked":"Darkness","floor":12},{"not_picked":["Sweeping Beam","Coolheaded","Steam Power"],"picked":"SKIP","floor":13},{"not_picked":["Rainbow","Seek"],"picked":"Machine Learning","floor":16},{"not_picked":["Gash","Stack"],"picked":"Leap","floor":18},{"not_picked":["Sweeping Beam","Streamline"],"picked":"Defragment","floor":23},{"not_picked":["Hologram","Fusion","Blizzard"],"picked":"SKIP","floor":25},{"not_picked":["Reprogram","Scrape","Turbo"],"picked":"SKIP","floor":28},{"not_picked":["Gash","Streamline","Stack"],"picked":"SKIP","floor":30},{"not_picked":["Sunder","Conserve Battery","Stack"],"picked":"SKIP","floor":31},{"not_picked":["Steam+1","White Noise","Compile Driver+1"],"picked":"SKIP","floor":35},{"not_picked":["Leap","Hologram"],"picked":"Redo+1","floor":36},{"not_picked":["Rebound","Coolheaded+1","Streamline+1"],"picked":"SKIP","floor":39},{"not_picked":["Melter","Compile Driver"],"picked":"Leap+1","floor":41},{"not_picked":["Ball Lightning","Streamline+1","Hologram"],"picked":"SKIP","floor":44},{"not_picked":["Force Field","FTL+1"],"picked":"Go for the Eyes+1","floor":46},{"not_picked":["Consume","Gash+1","Redo+1"],"picked":"SKIP","floor":47},{"not_picked":["Static Discharge","Double Energy","Rebound"],"picked":"SKIP","floor":47},{"not_picked":["Melter+1","Streamline","Rainbow"],"picked":"SKIP","floor":48}],"player_experience":92294,"relics_obtained":[{"floor":7,"key":"Akabeko"},{"floor":9,"key":"Letter Opener"},{"floor":10,"key":"Pen Nib"},{"floor":13,"key":"Omamori"},{"floor":19,"key":"Nilry\u0027s Codex"},{"floor":23,"key":"Ancient Tea Set"},{"floor":26,"key":"Cables"},{"floor":30,"key":"Happy Flower"},{"floor":41,"key":"TungstenRod"},{"floor":44,"key":"Nunchaku"},{"floor":46,"key":"Prayer Wheel"},{"floor":48,"key":"Juzu Bracelet"}],"event_choices":[{"damage_healed":0.0,"max_hp_gain":0.0,"max_hp_loss":0.0,"gold_gain":0.0,"event_name":"Living Wall","player_choice":"Grow","floor":2.0,"gold_loss":0.0,"damage_taken":0.0,"cards_upgraded":["Hyperbeam"]},{"damage_healed":0.0,"max_hp_gain":0.0,"max_hp_loss":0.0,"gold_gain":0.0,"event_name":"Liars Game","player_choice":"Ignored","floor":3.0,"gold_loss":0.0,"damage_taken":0.0},{"cards_removed":["Strike_B"],"damage_healed":0,"gold_gain":0,"player_choice":"Purged","damage_taken":0,"max_hp_gain":0,"max_hp_loss":0,"event_name":"Purifier","floor":14,"gold_loss":0},{"damage_healed":0,"gold_gain":0,"player_choice":"Obtained Book","damage_taken":16,"max_hp_gain":0,"max_hp_loss":0,"event_name":"Cursed Tome","floor":19,"gold_loss":0},{"damage_healed":0,"gold_gain":0,"player_choice":"Stole Relic","damage_taken":0,"relics_obtained":["Calipers"],"max_hp_gain":0,"max_hp_loss":0,"event_name":"Addict","floor":21,"gold_loss":0,"cards_obtained":["Shame"]},{"cards_removed":["Strike_B"],"damage_healed":0,"gold_gain":0,"player_choice":"Offered Basic","damage_taken":0,"max_hp_gain":0,"max_hp_loss":0,"event_name":"Bonfire Elementals","floor":37,"gold_loss":0}],"is_beta":true,"boss_relics":[{"not_picked":["SacredBark","Tiny House"],"picked":"Cursed Key"},{"not_picked":["Snecko Eye","Empty Cage"],"picked":"Runic Pyramid"}],"items_purged_floors":[20,38],"is_endless":false,"potions_floor_spawned":[1,7,11,16,25,28,30,31,35,36,44,48],"ascension_level":11}}