{"host":"95i1gxnztdrdyvhi","time":1608602200,"event":{"mods":["AchievementEnabler","Act Like it!","BaseMod","Downfall","Minty Spire (QoL Compilation)","Quick Restart","StSLib"],"gold_per_floor":[99,99,99,99,199,209,209,239,253,265,280,455,64,127,147,248,248,173,184,197,147,147,147,219,69,69,69,80,114,114,132,143,248,248,248,259,259,144,158,158,158,158,158,158],"floor_reached":42,"playtime":3518,"items_purged":["Guardian:CrystalBeam","Guardian:TwinSlam"],"score":414,"play_id":"a1974af9-0cac-4914-9b5c-3bab465c8ef3","local_time":"20201222015640","is_ascension_mode":false,"campfire_choices":[{"data":"Guardian:CurlUp","floor":1,"key":"SMITH"},{"data":"Guardian:Orbwalk","floor":18,"key":"SMITH"},{"floor":23,"key":"RECALL"},{"data":"Guardian:MultiBeam","floor":25,"key":"SMITH"},{"data":"Guardian:Clone","floor":27,"key":"SMITH"},{"data":"Guardian:FuturePlans","floor":30,"key":"SMITH"},{"data":"Guardian:FastForward","floor":35,"key":"SMITH"},{"data":"Guardian:TimeCapacitor","floor":40,"key":"SMITH"}],"circlet_count":0,"master_deck":["Guardian:Defend_Guardian","Guardian:Defend_Guardian","Guardian:Defend_Guardian","Guardian:CurlUp+1","Guardian:Incinerate","Guardian:Recover","Guardian:Repulse+1","Guardian:TemporalStrike","Guardian:TemporalStrike","Guardian:Recover","Guardian:EvasiveProtocol","Guardian:DecasProtection","Doubt","Guardian:Clone+1","Guardian:Orbwalk+1","Guardian:PolyBeam","Guardian:MultiBeam+1","Guardian:TemporalStrike","Guardian:BronzeOrb","Guardian:FuturePlans+1","Guardian:FastForward+1","Guardian:PolyBeam+1","Guardian:PolyBeam","Guardian:TimeCapacitor+1"],"relics":["Guardian:ModeShifter","downfall:HeartsMalice","Anchor","Potion Belt","Bronze Scales","Calipers","SlaversCollar","downfall:HeartBlessingGreen","downfall:HeartBlessingRed","downfall:HeartBlessingBlue","Ornamental Fan","Empty Cage","Toxic Egg 2"],"acts_visited":["Exordium","TheCity","TheBeyond"],"potions_floor_usage":[8,13,14,14,20],"damage_taken":[{"damage":0,"enemies":"Jaw Worm","floor":2,"turns":1},{"damage":0,"enemies":"2 Louse","floor":3,"turns":1},{"damage":0,"enemies":"Small Slimes","floor":4,"turns":1},{"damage":26,"enemies":"downfall:Heads","floor":5,"turns":8},{"damage":6,"enemies":"Red Slaver","floor":6,"turns":6},{"damage":34,"enemies":"3 Sentries","floor":8,"turns":18},{"damage":7,"enemies":"Large Slime","floor":9,"turns":7},{"damage":0,"enemies":"2 Fungi Beasts","floor":10,"turns":6},{"damage":4,"enemies":"Blue Slaver","floor":11,"turns":4},{"damage":0,"enemies":"downfall:FleeingMerchant","floor":13,"turns":4},{"damage":10,"enemies":"Gremlin Nob","floor":14,"turns":4},{"damage":1,"enemies":"Exordium Wildlife","floor":15,"turns":6},{"damage":4,"enemies":"downfall:Ironclad","floor":16,"turns":9},{"damage":24,"enemies":"Chosen","floor":19,"turns":7},{"damage":10,"enemies":"Shell Parasite","floor":20,"turns":7},{"damage":3,"enemies":"Cultist and Chosen","floor":28,"turns":7},{"damage":20,"enemies":"Slavers","floor":29,"turns":4},{"damage":8,"enemies":"Sentry and Sphere","floor":31,"turns":5},{"damage":9,"enemies":"Chosen and Byrds","floor":32,"turns":6},{"damage":35,"enemies":"downfall:Silent","floor":33,"turns":8},{"damage":24,"enemies":"3 Shapes","floor":36,"turns":4},{"damage":4,"enemies":"downfall:FleeingMerchant","floor":38,"turns":4},{"damage":20,"enemies":"3 Darklings","floor":39,"turns":5},{"damage":0,"enemies":"Maw","floor":42,"turns":2}],"seed_played":"-2313427567593293164","potions_obtained":[{"floor":6,"key":"Block Potion"},{"floor":8,"key":"BlessingOfTheForge"},{"floor":9,"key":"Regen Potion"},{"floor":11,"key":"Strength Potion"},{"floor":14,"key":"Guardian:StasisDiscoveryPotion"},{"floor":15,"key":"Ancient Potion"},{"floor":19,"key":"AttackPotion"},{"floor":22,"key":"CultistPotion"},{"floor":28,"key":"ColorlessPotion"},{"floor":29,"key":"Strength Potion"}],"is_trial":false,"path_per_floor":["R","M","M","M","?","M","T","E","M","M","M","?","$","?","M","B",null,"R","M","M","?","?","R","T","R","?","R","M","E","R","M","M","B",null,"R","M","?","$","M","R","T","M"],"character_chosen":"GUARDIAN","items_purchased":["Guardian:Orbwalk","Bronze Scales","Guardian:PolyBeam"],"campfire_rested":0,"item_purchase_floors":[13,13,13],"current_hp_per_floor":[80,80,80,80,54,48,48,14,7,7,3,3,17,7,6,2,80,80,56,46,76,76,76,76,86,86,86,83,63,63,55,46,11,90,90,66,66,62,42,42,42,42,42,42],"gold":158,"neow_bonus":"THREE_ENEMY_KILL","is_daily":false,"chose_seed":false,"campfire_upgraded":7,"win_rate":0.0,"timestamp":1608602200,"path_taken":["R","M","M","M","?","M","T","E","M","M","M","?","?","?","M","BOSS","R","M","M","?","?","R","T","R","?","R","M","E","R","M","M","BOSS","R","M","?","$","M","R","T","?"],"items_purchased_type":["Card","Relic","Card"],"build_version":"2020-12-13","purchased_purges":2,"victory":false,"max_hp_per_floor":[80,80,80,80,80,80,80,80,80,80,80,80,80,80,80,80,80,80,80,80,80,80,80,80,90,90,90,90,90,90,90,90,90,90,90,90,90,90,90,90,90,90,90,90],"card_choices":[{"not_picked":["Guardian:Recover","Guardian:Orbwalk"],"picked":"Guardian:Incinerate","floor":2},{"not_picked":["Guardian:TemporalStrike","Guardian:FloatingOrbs"],"picked":"Guardian:Recover","floor":3},{"not_picked":["Guardian:EvasiveProtocol","Guardian:VentSteam"],"picked":"Guardian:Repulse","floor":4},{"not_picked":["Guardian:ShieldCharger","Guardian:VentSteam"],"picked":"Guardian:TemporalStrike","floor":5},{"not_picked":["Guardian:Gem_Blue","Guardian:Gem_Purple"],"picked":"Guardian:TemporalStrike","floor":6},{"not_picked":["Guardian:Gem_Cyan","Guardian:Suspension"],"picked":"Guardian:Recover","floor":8},{"not_picked":["Guardian:RevengeProtocol","Guardian:VentSteam"],"picked":"Guardian:EvasiveProtocol","floor":9},{"not_picked":["Guardian:PiercingHide","Guardian:DecasProtection"],"picked":"Guardian:Gem_Blue","floor":10},{"not_picked":["Guardian:RefractedBeam","Guardian:SentryBeam"],"picked":"Guardian:DecasProtection","floor":11},{"not_picked":["Guardian:Incinerate","Guardian:RollAttack"],"picked":"Guardian:Clone","floor":13},{"not_picked":["Guardian:Gem_Red","Guardian:Planning"],"picked":"Guardian:MultiBeam","floor":14},{"not_picked":["Guardian:ArmoredProtocol","Guardian:ChargeUp","Guardian:Reroute"],"picked":"SKIP","floor":15},{"not_picked":["Guardian:GatlingBeam","Guardian:StasisStrike"],"picked":"Guardian:Gem_Orange","floor":16},{"not_picked":["Guardian:VentSteam","Guardian:CrystalBeam+1","Guardian:RollAttack"],"picked":"SKIP","floor":19},{"not_picked":["Guardian:Incinerate","Guardian:Orbwalk"],"picked":"Guardian:TemporalStrike","floor":20},{"not_picked":["Guardian:PrismaticBeam","Guardian:VentSteam"],"picked":"Guardian:BronzeOrb","floor":28},{"not_picked":["Guardian:Gem_Purple","Guardian:Gem_Green"],"picked":"Guardian:FuturePlans","floor":29},{"not_picked":["Guardian:ShieldSpikes","Guardian:GemFinder"],"picked":"Guardian:Gem_White","floor":31},{"not_picked":["Guardian:RefractedBeam","Guardian:Gem_Lightblue"],"picked":"Guardian:Gem_Yellow","floor":32},{"not_picked":["Guardian:GemFinder","Guardian:CompilePackage"],"picked":"Guardian:FastForward","floor":33},{"not_picked":["Guardian:ArmoredProtocol","Guardian:CrystalBeam"],"picked":"Guardian:PolyBeam+1","floor":36},{"not_picked":["Guardian:Gem_Lightblue","Guardian:ArmoredProtocol+1"],"picked":"Guardian:PolyBeam","floor":38},{"not_picked":["Guardian:PrismaticBarrier+1","Guardian:RollAttack"],"picked":"Guardian:TimeCapacitor","floor":39}],"player_experience":778170,"relics_obtained":[{"floor":7,"key":"Anchor"},{"floor":8,"key":"Potion Belt"},{"floor":14,"key":"Calipers"},{"floor":29,"key":"Ornamental Fan"},{"floor":41,"key":"Toxic Egg 2"}],"event_choices":[],"is_beta":false,"boss_relics":[{"not_picked":["Guardian:StasisSlotReductionRelic","Cursed Key"],"picked":"SlaversCollar"},{"not_picked":["Tiny House","Runic Dome"],"picked":"Empty Cage"}],"items_purged_floors":[13,38],"is_endless":false,"potions_floor_spawned":[6,8,9,11,14,15,19,28,29,39],"killed_by":"Maw","ascension_level":0}}