{"host":"k5ezbu40hxyit46v","time":1608596198,"event":{"mods":["Act Like it!","Aspiration","Astrologer","BaseMod","BetterRewards","Conspire","DeckTracker","Energized Spire","Googly Eyes","Halation","HexUI Lib","Highlight Path","Hubris","Infinite Spire","Jedi Mod","Mad Scientist","Marisa????????","Minty Spire (QoL Compilation)","Quarter Circle Forward PUNCH!","Quick Restart","Replay The Spire","Reworked Bosses","Shop Mod","Spikes Relics","StSLib","The Administrix","The Awakened One except there are too many feathers","The Bladedancer","The Cursed","The IronCluck","The Servant 0.9.4","The Wild Card","everything is the same but u backflip on backflip","slay the spire mod where everything is the same but ironclad has a cowboy hat","vexMod"],"gold_per_floor":[111,111,111,111,36,70,70,95,119,132,150,169,203,218,218,295,295,314,42,55,72,83,112,112,143,143,143,175,175,175,175,175,175,175],"floor_reached":33,"playtime":1033,"items_purged":["Strike_R","Strike_R"],"score":796,"play_id":"b0d5c54b-5ec6-45d1-bdaa-235dbad2f616","local_time":"20201221191638","is_ascension_mode":true,"campfire_choices":[{"data":"Carnage","floor":7.0,"key":"SMITH"},{"data":"jedi:harder","floor":15.0,"key":"SMITH"},{"floor":24.0,"key":"REST"},{"data":"jedi:strikingstrike","floor":27.0,"key":"SMITH"},{"data":"Inflame","floor":29.0,"key":"SMITH"},{"data":"infinitespire:SevenWalls","floor":32.0,"key":"SMITH"}],"circlet_count":0,"master_deck":["AscendersBane","Strike_R","Strike_R","Strike_R","Defend_R+1","Defend_R+1","Defend_R+1","Defend_R+1","Bash+1","Carnage+1","Cleave","jedi:harder+1","jedi:strikingstrike+1","jedi:strikingstrike+1","Inflame+1","infinitespire:SevenWalls+1"],"relics":["Burning Blood","NeowsBlessing","aspiration:TomeofQuesting","Red Skull","PreservedInsect","RollingBoulder","vexMod:ImprovementManual","Replay:Baseball","Blue Doll","WingedGreaves","aspiration:SeaSaltIceCream","Burning Blood","hubris:Metronome","energizedSpire:DeadBattery","halation:BottledLove"],"acts_visited":["Exordium","TheCity"],"potions_floor_usage":[],"damage_taken":[{"damage":0.0,"enemies":"Small Slimes","floor":1.0,"turns":1.0},{"damage":0.0,"enemies":"Lagavulin","floor":6.0,"turns":1.0},{"damage":0.0,"enemies":"3 Sentries","floor":8.0,"turns":2.0},{"damage":7.0,"enemies":"Jaw Worm","floor":10.0,"turns":2.0},{"damage":1.0,"enemies":"Cultist","floor":11.0,"turns":3.0},{"damage":22.0,"enemies":"Exordium Wildlife","floor":12.0,"turns":4.0},{"damage":33.0,"enemies":"Lagavulin","floor":13.0,"turns":4.0},{"damage":4.0,"enemies":"Exordium Thugs","floor":14.0,"turns":4.0},{"damage":12.0,"enemies":"The Guardian","floor":16.0,"turns":15.0},{"damage":0.0,"enemies":"3 Byrds","floor":18.0,"turns":7.0},{"damage":14.0,"enemies":"Shell Parasite","floor":20.0,"turns":5.0},{"damage":20.0,"enemies":"Snecko","floor":21.0,"turns":8.0},{"damage":29.0,"enemies":"Shelled Parasite and Fungi","floor":22.0,"turns":5.0},{"damage":20.0,"enemies":"Slavers","floor":23.0,"turns":4.0},{"damage":0.0,"enemies":"Gremlin Leader","floor":25.0,"turns":3.0},{"damage":20.0,"enemies":"Book of Stabbing","floor":28.0,"turns":3.0},{"damage":68,"enemies":"bossMod:newCollector","floor":33,"turns":7}],"seed_played":"3628052517831373454","potions_obtained":[{"floor":6.0,"key":"SteroidPotion"},{"floor":11.0,"key":"Dexterity Potion"},{"floor":12.0,"key":"Ancient Potion"},{"floor":18.0,"key":"SpeedPotion"},{"floor":21.0,"key":"Adrenaline Potion"},{"floor":25.0,"key":"Swift Potion"}],"is_trial":false,"path_per_floor":["M","?","?","?","$","E","R","E","T","M","M","M","E","M","R","B",null,"M","$","M","M","M","E","R","E","T","R","E","R","?","AVR","R","B"],"character_chosen":"IRONCLAD","items_purchased":["Replay:Baseball"],"campfire_rested":1,"item_purchase_floors":[19],"current_hp_per_floor":[74,74,79,80,80,80,80,80,80,79,80,64,37,39,39,33,68,74,74,66,52,29,15,39,45,45,45,37,37,37,37,37,0,0],"gold":175,"neow_bonus":"THREE_ENEMY_KILL","is_daily":false,"chose_seed":false,"campfire_upgraded":5,"win_rate":0.0,"timestamp":1608596198,"path_taken":["M","?","?","?","$","E","R","E","T","M","?","M","E","M","R","BOSS","BOSS","M","$","M","M","M","E","R","E","T","R","E","R","?","AVR","R","BOSS"],"items_purchased_type":["Relic"],"build_version":"2020-12-13","purchased_purges":2,"victory":false,"max_hp_per_floor":[75,75,80,80,80,80,80,80,80,80,80,80,80,80,80,80,80,80,80,80,80,80,80,80,80,80,80,80,80,80,80,80,80,80],"card_choices":[{"not_picked":["Rupture","Feel No Pain"],"picked":"Carnage","floor":1.0},{"not_picked":["Thunderclap","Havoc"],"picked":"Cleave","floor":6.0},{"not_picked":["Warcry","Heavy Blade","True Grit"],"picked":"SKIP","floor":8.0},{"not_picked":["Body Slam","Life Link","Iron Wave"],"picked":"SKIP","floor":10.0},{"not_picked":["Second Wind","Anger"],"picked":"jedi:harder","floor":11.0},{"not_picked":["Heavy Blade","Pommel Strike","Body Slam"],"picked":"SKIP","floor":12.0},{"not_picked":["Warcry","Body Slam"],"picked":"jedi:strikingstrike","floor":13.0},{"not_picked":["Dual Wield","Sword Boomerang","Reckless Charge"],"picked":"SKIP","floor":14.0},{"not_picked":["jedi:unlimitedpower","Eclipse"],"picked":"jedi:strikingstrike","floor":16.0},{"not_picked":["Combust","Anger","Perfected Strike"],"picked":"SKIP","floor":18.0},{"not_picked":["Wild Strike","Exhume","Dual Wield"],"picked":"SKIP","floor":20.0},{"not_picked":["Iron Wave","Cleave"],"picked":"Inflame","floor":21.0},{"not_picked":["Armaments","hubris:SharpeningStone","Inflame"],"picked":"SKIP","floor":22.0},{"not_picked":["Wild Strike","Defy Death","ReplayTheSpireMod:Muscle Training+1"],"picked":"SKIP","floor":23.0},{"not_picked":["jedi:fear","Havoc","Offering"],"picked":"SKIP","floor":25.0},{"not_picked":["hubris:ReadiedAction","Bloodletting","Pommel Strike"],"picked":"SKIP","floor":28.0}],"player_experience":1196112,"relics_obtained":[{"floor":6.0,"key":"aspiration:TomeofQuesting"},{"floor":8.0,"key":"Red Skull"},{"floor":9.0,"key":"PreservedInsect"},{"floor":13.0,"key":"RollingBoulder"},{"floor":23.0,"key":"Blue Doll"},{"floor":25.0,"key":"WingedGreaves"},{"floor":26.0,"key":"aspiration:SeaSaltIceCream"},{"floor":28.0,"key":"hubris:Metronome"}],"event_choices":[{"damage_healed":0.0,"max_hp_gain":5.0,"max_hp_loss":0.0,"gold_gain":0.0,"event_name":"Big Fish","player_choice":"Donut","floor":3.0,"gold_loss":0.0,"damage_taken":0.0},{"damage_healed":1.0,"max_hp_gain":0.0,"max_hp_loss":0.0,"gold_gain":0.0,"event_name":"Wheel of Change","player_choice":"Full Heal","floor":4.0,"gold_loss":0.0,"damage_taken":0.0}],"is_beta":false,"boss_relics":[{"not_picked":["Sozu","hubris:VirtuousBlindfold"],"picked":"vexMod:ImprovementManual"}],"items_purged_floors":[5,19],"is_endless":false,"potions_floor_spawned":[6,11,12,16,18,21,25],"killed_by":"bossMod:newCollector","ascension_level":20}}