{"host":"8rwnpls8n88jrgbg","time":1608611482,"event":{"mods":["AchievementEnabler","BaseMod","Colored Map","Colored Powertips","DeckTracker","Keyboard Shortcuts","Minty Spire (QoL Compilation)","Relic Stats","StSLib","SuperFastMode"],"gold_per_floor":[115,16,29,49,49,49,82,82,82,82,100,0,0,35,35,112,112,131,158,158,178,178,178,198,228,228,228,244,275,295,321,321,398,398,409,201,214,226,33,33,64,64,113,113,130,130,164,181,181,181,181,181,181,23,54,54],"floor_reached":57,"playtime":4597,"items_purged":["Strike_G","Strike_G","Strike_G"],"score":2856,"play_id":"fbda72c1-0df4-48d8-bd9c-0e5708f83c78","local_time":"20201222133122","is_ascension_mode":true,"campfire_choices":[{"data":"Apotheosis","floor":6.0,"key":"SMITH"},{"floor":8.0,"key":"REST"},{"data":"Noxious Fumes","floor":10.0,"key":"SMITH"},{"floor":13.0,"key":"REST"},{"data":"Blur","floor":15.0,"key":"SMITH"},{"floor":23.0,"key":"REST"},{"floor":27.0,"key":"REST"},{"floor":32.0,"key":"DIG"},{"floor":40.0,"key":"DIG"},{"floor":42.0,"key":"DIG"},{"floor":46.0,"key":"RECALL"},{"floor":49.0,"key":"DIG"},{"floor":53.0,"key":"DIG"}],"circlet_count":0,"master_deck":["AscendersBane","Defend_G","Defend_G","Defend_G","Defend_G","Defend_G","Survivor","Neutralize","Apotheosis+1","All Out Attack","Dagger Spray","Noxious Fumes+1","Blur+1","Corpse Explosion","Bouncing Flask","Dash+1","Calculated Gamble","Catalyst","Backflip","Footwork","Acrobatics+1","Dodge and Roll+1","Acrobatics","Predator","Deadly Poison+1"],"relics":["Ring of the Snake","Letter Opener","Dead Branch","Gremlin Horn","Toy Ornithopter","Fusion Hammer","Red Mask","Incense Burner","Regal Pillow","Bottled Lightning","Tingsha","Shovel","Black Star","Orrery","HornCleat","Ginger","Centennial Puzzle","Lizard Tail","Question Card","Calipers","TungstenRod","Ornamental Fan","Art of War","StrikeDummy","Sundial"],"acts_visited":["Exordium","TheCity","TheBeyond","TheEnding"],"potions_floor_usage":[56],"damage_taken":[{"damage":0.0,"enemies":"Cultist","floor":1.0,"turns":4.0},{"damage":4.0,"enemies":"Jaw Worm","floor":3.0,"turns":4.0},{"damage":3.0,"enemies":"2 Louse","floor":4.0,"turns":2.0},{"damage":20.0,"enemies":"Gremlin Nob","floor":7.0,"turns":4.0},{"damage":9.0,"enemies":"Exordium Wildlife","floor":11.0,"turns":4.0},{"damage":11.0,"enemies":"Lagavulin","floor":14.0,"turns":7.0},{"damage":8.0,"enemies":"The Guardian","floor":16.0,"turns":11.0},{"damage":0.0,"enemies":"3 Byrds","floor":18.0,"turns":4.0},{"damage":24.0,"enemies":"Masked Bandits","floor":19.0,"turns":3.0},{"damage":0.0,"enemies":"Spheric Guardian","floor":21.0,"turns":3.0},{"damage":9.0,"enemies":"Snecko","floor":24.0,"turns":6.0},{"damage":21.0,"enemies":"Slavers","floor":25.0,"turns":3.0},{"damage":0.0,"enemies":"Cultist and Chosen","floor":28.0,"turns":4.0},{"damage":0.0,"enemies":"Gremlin Leader","floor":29.0,"turns":5.0},{"damage":2.0,"enemies":"Snake Plant","floor":30.0,"turns":4.0},{"damage":13.0,"enemies":"Book of Stabbing","floor":31.0,"turns":5.0},{"damage":23.0,"enemies":"Champ","floor":33.0,"turns":8.0},{"damage":0.0,"enemies":"Orb Walker","floor":35.0,"turns":3.0},{"damage":0.0,"enemies":"3 Shapes","floor":37.0,"turns":2.0},{"damage":0.0,"enemies":"Maw","floor":38.0,"turns":6.0},{"damage":0.0,"enemies":"Nemesis","floor":41.0,"turns":7.0},{"damage":0.0,"enemies":"Sphere and 2 Shapes","floor":45.0,"turns":3.0},{"damage":24.0,"enemies":"Giant Head","floor":47.0,"turns":7.0},{"damage":0.0,"enemies":"4 Shapes","floor":48.0,"turns":3.0},{"damage":18.0,"enemies":"Awakened One","floor":50.0,"turns":18.0},{"damage":1.0,"enemies":"Donu and Deca","floor":51.0,"turns":9.0},{"damage":56.0,"enemies":"Shield and Spear","floor":55.0,"turns":7.0},{"damage":3,"enemies":"The Heart","floor":56,"turns":6}],"seed_played":"-1173036571403642760","potions_obtained":[{"floor":4.0,"key":"FearPotion"},{"floor":7.0,"key":"Fire Potion"},{"floor":11.0,"key":"Fruit Juice"},{"floor":18.0,"key":"Weak Potion"},{"floor":25.0,"key":"ColorlessPotion"},{"floor":28.0,"key":"PowerPotion"},{"floor":33.0,"key":"PowerPotion"},{"floor":37.0,"key":"Explosive Potion"},{"floor":45.0,"key":"Fire Potion"},{"floor":47.0,"key":"GhostInAJar"}],"is_trial":false,"path_per_floor":["M","$","M","M","?","R","E","R","T","R","M","$","R","E","R","B",null,"M","?","T","M","?","R","M","E","T","R","M","E","M","E","R","B",null,"M","$","M","M","$","R","E","R","T","?","M","R","E","M","R","B","B",null,"R","$","E","B",null],"character_chosen":"THE_SILENT","items_purchased":["Dagger Spray","Footwork","Orrery","Acrobatics","Art of War"],"campfire_rested":4,"item_purchase_floors":[2,36,39,39,54],"current_hp_per_floor":[44,44,40,37,26,26,6,25,25,25,16,16,35,24,24,16,54,54,35,35,35,35,54,45,24,24,58,68,68,66,58,58,35,62,62,62,62,62,62,62,67,67,67,67,67,67,47,47,47,29,33,62,62,62,6,8],"gold":54,"neow_bonus":"RANDOM_COLORLESS_2","is_daily":false,"chose_seed":false,"campfire_upgraded":3,"win_rate":0.0,"timestamp":1608611482,"path_taken":["M","$","?","M","?","R","E","R","T","R","M","$","R","E","R","BOSS","BOSS","M","?","?","?","?","R","M","E","T","R","?","E","M","E","R","BOSS","M","$","M","M","$","R","E","R","T","?","M","R","E","M","R","BOSS","BOSS","R","$","E","BOSS"],"items_purchased_type":["Card","Card","Relic","Card","Relic"],"build_version":"2020-12-13","purchased_purges":3,"victory":true,"max_hp_per_floor":[66,66,66,66,66,66,66,66,66,66,66,66,66,66,66,66,66,66,66,66,66,66,66,66,66,66,66,71,71,71,71,71,71,71,71,71,71,71,71,71,71,71,71,71,71,71,71,71,71,71,71,71,71,71,71,71],"relic_stats":{"Regal Pillow":15,"Gremlin Horn":[14,14],"counters":[28,152],"Dead Branch":[86],"Tingsha":[504],"Letter Opener":[481],"Ginger":[4],"Question Card":2,"Centennial Puzzle":[15],"Lizard Tail":0,"Shovel":5,"Ornamental Fan":[0],"Sundial":[0],"Black Star":3,"Art of War":[8],"obtain_stats":[{"Regal Pillow":25,"Calipers":47,"Gremlin Horn":9,"Incense Burner":20,"Ginger":41,"Centennial Puzzle":41,"Lizard Tail":42,"Shovel":31,"HornCleat":40,"Sundial":55,"Fusion Hammer":17,"Red Mask":19,"Ring of the Snake":0,"Dead Branch":7,"Tingsha":29,"Letter Opener":5,"Question Card":47,"Ornamental Fan":53,"Orrery":39,"Black Star":34,"Art of War":54,"Bottled Lightning":26,"StrikeDummy":55,"Toy Ornithopter":14,"TungstenRod":49},{"Regal Pillow":12,"Calipers":23,"Gremlin Horn":4,"Incense Burner":9,"Ginger":21,"Centennial Puzzle":21,"Lizard Tail":21,"Shovel":16,"HornCleat":20,"Sundial":27,"Fusion Hammer":7,"Red Mask":9,"Ring of the Snake":0,"Dead Branch":4,"Tingsha":14,"Letter Opener":3,"Question Card":23,"Ornamental Fan":26,"Orrery":20,"Black Star":17,"Art of War":26,"Bottled Lightning":12,"StrikeDummy":27,"Toy Ornithopter":6,"TungstenRod":24},{"Regal Pillow":55,"Calipers":109,"Gremlin Horn":14,"Incense Burner":43,"Ginger":99,"Centennial Puzzle":99,"Lizard Tail":99,"Shovel":73,"HornCleat":92,"Sundial":146,"Fusion Hammer":36,"Red Mask":43,"Ring of the Snake":0,"Dead Branch":14,"Tingsha":64,"Letter Opener":10,"Question Card":109,"Ornamental Fan":139,"Orrery":92,"Black Star":81,"Art of War":139,"Bottled Lightning":55,"StrikeDummy":146,"Toy Ornithopter":25,"TungstenRod":112}],"Toy Ornithopter":34,"TungstenRod":14,"Ring of the Snake":[56]},"card_choices":[{"not_picked":["The Bomb","Master of Strategy"],"picked":"Apotheosis","floor":0.0},{"not_picked":["Backflip","Prepared"],"picked":"All Out Attack","floor":1.0},{"not_picked":["Bane","Blur"],"picked":"Noxious Fumes","floor":3.0},{"not_picked":["Slice","Endless Agony","Sucker Punch"],"picked":"SKIP","floor":4.0},{"not_picked":["Slice","Endless Agony","Sucker Punch"],"picked":"SKIP","floor":4.0},{"not_picked":["Predator","Deflect","Quick Slash"],"picked":"SKIP","floor":7.0},{"not_picked":["Distraction","Finisher","Poisoned Stab"],"picked":"SKIP","floor":11.0},{"not_picked":["Flying Knee","Backflip"],"picked":"Blur","floor":14.0},{"not_picked":["Unload","Die Die Die"],"picked":"Corpse Explosion","floor":16.0},{"not_picked":["Underhanded Strike","Deadly Poison"],"picked":"Bouncing Flask","floor":18.0},{"not_picked":["Distraction","Setup","Deadly Poison+1"],"picked":"SKIP","floor":21.0},{"not_picked":["Underhanded Strike","Finisher","Dagger Spray"],"picked":"SKIP","floor":24.0},{"not_picked":["Underhanded Strike","Finisher","Dagger Spray"],"picked":"SKIP","floor":24.0},{"not_picked":["Deflect","Endless Agony"],"picked":"Dash+1","floor":25.0},{"not_picked":["Infinite Blades","Underhanded Strike+1","Corpse Explosion"],"picked":"SKIP","floor":28.0},{"not_picked":["Underhanded Strike","Acrobatics"],"picked":"Calculated Gamble","floor":29.0},{"not_picked":["Finisher","Outmaneuver","Cloak And Dagger"],"picked":"SKIP","floor":30.0},{"not_picked":["Dodge and Roll+1","Storm of Steel"],"picked":"Catalyst","floor":31.0},{"not_picked":["Quick Slash+1","Crippling Poison+1"],"picked":"Backflip","floor":35.0},{"not_picked":["Backstab","Poisoned Stab","Deflect"],"picked":"SKIP","floor":37.0},{"not_picked":["Poisoned Stab","Sucker Punch","Concentrate"],"picked":"SKIP","floor":38.0},{"not_picked":["Tools of the Trade","Sucker Punch"],"picked":"Acrobatics+1","floor":39.0},{"not_picked":["Poisoned Stab","Leg Sweep"],"picked":"Dodge and Roll+1","floor":39.0},{"not_picked":["Caltrops+1","Cloak And Dagger","Flying Knee"],"picked":"SKIP","floor":41.0},{"not_picked":["Caltrops+1","Cloak And Dagger","Flying Knee"],"picked":"SKIP","floor":41.0},{"not_picked":["Caltrops+1","Cloak And Dagger","Flying Knee"],"picked":"SKIP","floor":41.0},{"not_picked":["Escape Plan","Heel Hook","Underhanded Strike"],"picked":"SKIP","floor":45.0},{"not_picked":["Dagger Throw","Choke+1","Flying Knee"],"picked":"SKIP","floor":47.0},{"not_picked":["Slice","Cloak And Dagger+1","PiercingWail"],"picked":"Deadly Poison+1","floor":48.0},{"not_picked":["Prepared","Noxious Fumes","Predator+1","Envenom"],"picked":"SKIP","floor":55.0}],"player_experience":1459229,"relics_obtained":[{"floor":7.0,"key":"Dead Branch"},{"floor":9.0,"key":"Gremlin Horn"},{"floor":14.0,"key":"Toy Ornithopter"},{"floor":19.0,"key":"Red Mask"},{"floor":20.0,"key":"Incense Burner"},{"floor":25.0,"key":"Regal Pillow"},{"floor":26.0,"key":"Bottled Lightning"},{"floor":29.0,"key":"Tingsha"},{"floor":31.0,"key":"Shovel"},{"floor":40.0,"key":"HornCleat"},{"floor":41.0,"key":"Ginger"},{"floor":41.0,"key":"Centennial Puzzle"},{"floor":42.0,"key":"Lizard Tail"},{"floor":47.0,"key":"Question Card"},{"floor":47.0,"key":"Calipers"},{"floor":49.0,"key":"TungstenRod"},{"floor":53.0,"key":"Ornamental Fan"},{"floor":55.0,"key":"StrikeDummy"},{"floor":55.0,"key":"Sundial"}],"event_choices":[{"damage_healed":0.0,"max_hp_gain":0.0,"max_hp_loss":0.0,"gold_gain":0.0,"event_name":"Scrap Ooze","player_choice":"Success","floor":5.0,"gold_loss":0.0,"damage_taken":11.0,"relics_obtained":["Letter Opener"]},{"damage_healed":0.0,"max_hp_gain":0.0,"max_hp_loss":0.0,"gold_gain":0.0,"event_name":"Masked Bandits","player_choice":"Fought Bandits","floor":19.0,"gold_loss":0.0,"damage_taken":0.0},{"cards_removed":["Strike_G"],"damage_healed":0.0,"max_hp_gain":0.0,"max_hp_loss":0.0,"gold_gain":0.0,"event_name":"Purifier","player_choice":"Purged","floor":22.0,"gold_loss":0.0,"damage_taken":0.0},{"damage_healed":0.0,"max_hp_gain":0.0,"max_hp_loss":0.0,"gold_gain":0.0,"cards_transformed":["Strike_G"],"event_name":"Transmorgrifier","player_choice":"Transformed","floor":44.0,"gold_loss":0.0,"damage_taken":0.0,"cards_obtained":["Predator"]}],"is_beta":false,"boss_relics":[{"not_picked":["Runic Dome","Snecko Eye"],"picked":"Fusion Hammer"},{"not_picked":["SacredBark","Cursed Key"],"picked":"Black Star"}],"items_purged_floors":[2,12,36],"is_endless":false,"potions_floor_spawned":[4,7,11,18,25,28,30,33,37,45,47,48],"ascension_level":20}}