{"host":"esx1hwjnbftf3eqj","time":1608657186,"event":{"mods":["BaseMod","Colored Map","Minty Spire (QoL Compilation)","StSLib","The Jungle"],"gold_per_floor":[112,132,207,207,207,207,235,248,300,300,62,62,26,59,59,160,210,227,240,240,251,251,251,295,66,93,93,112,112,150,181,193,314,326,366,397,318,357,383,434,446,496,508,555,567,597,154,178,178,178],"floor_reached":51,"playtime":5872,"items_purged":["Strike_B","Defend_B"],"score":1448,"play_id":"0545e614-59e5-4fe6-8be6-34bea6f5cd26","local_time":"20201222091306","is_ascension_mode":true,"campfire_choices":[{"data":"Static Discharge","floor":6,"key":"SMITH"},{"data":"Defragment","floor":10,"key":"SMITH"},{"data":"Dualcast","floor":15,"key":"SMITH"},{"data":"Zap","floor":23,"key":"SMITH"},{"data":"Machine Learning","floor":27,"key":"SMITH"},{"data":"Hello World","floor":29,"key":"SMITH"},{"data":"Storm","floor":32,"key":"SMITH"},{"data":"Echo Form","floor":41,"key":"SMITH"},{"data":"Biased Cognition","floor":45,"key":"SMITH"},{"data":"Apotheosis","floor":49,"key":"SMITH"}],"circlet_count":0,"master_deck":["Defend_B","Defend_B+1","Zap+1","Dualcast+1","Stack","Static Discharge+1","Conserve Battery","Glacier","Defragment+1","All For One","Heatsinks","Machine Learning+1","Hello World+1","Conserve Battery","Bite","Bite","Bite","Bite","Bite","Undo","Chill+1","Core Surge","Beam Cell+1","Storm+1","Echo Form+1","Biased Cognition+1","Go for the Eyes+1","Turbo+1","Chill+1","Self Repair+1","Electrodynamics","Madness","Madness","Apotheosis+1","Hello World","Swift Strike","Steam"],"relics":["Cracked Core","Anchor","Emotion Chip","Ancient Tea Set","Mercury Hourglass","Bottled Tornado","Tiny House","CeramicFish","ClockworkSouvenir","Art of War","MawBank","Sozu","Strawberry","Unceasing Top","CaptainsWheel","Pen Nib","Happy Flower","Membership Card","Kunai"],"acts_visited":["Exordium","TheCity","TheBeyond"],"potions_floor_usage":[24,33,33,50],"damage_taken":[{"damage":8,"enemies":"Small Slimes","floor":1,"turns":3},{"damage":3,"enemies":"Jaw Worm","floor":2,"turns":4},{"damage":19,"enemies":"Lagavulin","floor":7,"turns":8},{"damage":1,"enemies":"Cultist","floor":8,"turns":3},{"damage":5,"enemies":"Gremlin Nob","floor":14,"turns":4},{"damage":1,"enemies":"The Guardian","floor":16,"turns":12},{"damage":3,"enemies":"3 Byrds","floor":18,"turns":2},{"damage":3,"enemies":"Spheric Guardian","floor":19,"turns":4},{"damage":10,"enemies":"3 Cultists","floor":21,"turns":5},{"damage":31,"enemies":"Gremlin Leader","floor":24,"turns":7},{"damage":9,"enemies":"Cultist and Chosen","floor":28,"turns":7},{"damage":7,"enemies":"Book of Stabbing","floor":30,"turns":4},{"damage":11,"enemies":"Centurion and Healer","floor":31,"turns":4},{"damage":57,"enemies":"Automaton","floor":33,"turns":8},{"damage":0,"enemies":"3 Shapes","floor":35,"turns":3},{"damage":0,"enemies":"3 Darklings","floor":36,"turns":5},{"damage":12,"enemies":"Writhing Mass","floor":38,"turns":7},{"damage":3,"enemies":"Transient","floor":39,"turns":5},{"damage":4,"enemies":"Giant Head","floor":40,"turns":8},{"damage":0,"enemies":"Nemesis","floor":42,"turns":9},{"damage":0,"enemies":"Reptomancer","floor":44,"turns":5},{"damage":2,"enemies":"Spire Growth","floor":48,"turns":4},{"damage":24,"enemies":"Awakened One","floor":50,"turns":8}],"seed_played":"7366533329751346161","potions_obtained":[{"floor":1,"key":"Ancient Potion"},{"floor":8,"key":"Swift Potion"},{"floor":14,"key":"AttackPotion"},{"floor":24,"key":"Fire Potion"},{"floor":31,"key":"FairyPotion"},{"floor":33,"key":"PotionOfCapacity"}],"is_trial":false,"path_per_floor":["M","M","?","?","?","R","E","M","T","R","$","T","$","E","R","B",null,"M","M","?","M","?","R","E","$","T","R","M","R","E","M","R","B",null,"M","M","?","M","M","E","R","E","T","E","R","?","$","M","R","B",null],"character_chosen":"DEFECT","items_purchased":["All For One","Heatsinks","ClockworkSouvenir","Core Surge","Membership Card","Apotheosis","Kunai","Hello World","Swift Strike"],"campfire_rested":0,"item_purchase_floors":[11,13,25,25,47,47,47,47,47],"current_hp_per_floor":[60,57,46,43,68,68,49,48,48,48,48,48,48,43,43,42,72,69,66,56,50,50,50,25,25,25,25,30,30,29,22,22,18,47,49,56,63,63,63,61,61,63,63,63,63,55,55,63,63,63],"gold":178,"neow_bonus":"TRANSFORM_CARD","is_daily":false,"chose_seed":false,"campfire_upgraded":10,"win_rate":0.0,"timestamp":1608657186,"path_taken":["M","M","?","?","?","R","E","?","T","R","$","?","$","E","R","BOSS","M","M","?","M","?","R","E","$","T","R","M","R","E","?","R","BOSS","M","M","?","?","M","E","R","E","T","E","R","?","$","M","R","BOSS"],"items_purchased_type":["Card","Card","Relic","Card","Relic","Card","Relic","Card","Card"],"build_version":"2020-12-13","purchased_purges":2,"victory":true,"max_hp_per_floor":[75,75,75,75,75,75,75,75,75,75,75,75,75,75,75,75,80,80,80,56,56,56,56,56,56,56,56,56,56,56,56,56,56,56,56,56,63,63,63,63,63,63,63,63,63,63,63,63,63,63],"card_choices":[{"not_picked":["Turbo","Compile Driver"],"picked":"Static Discharge","floor":1},{"not_picked":["Rebound","Aggregate"],"picked":"Conserve Battery","floor":2},{"not_picked":["Redo","Storm"],"picked":"Glacier","floor":7},{"not_picked":["Conserve Battery","Compile Driver"],"picked":"Defragment","floor":8},{"not_picked":["Rip and Tear","Rainbow","Sunder"],"picked":"SKIP","floor":14},{"not_picked":["Thunder Strike","Reboot"],"picked":"Machine Learning","floor":16},{"not_picked":["Go for the Eyes","Heatsinks"],"picked":"Hello World","floor":17},{"not_picked":["Redo","Sweeping Beam+1","Cold Snap+1"],"picked":"SKIP","floor":18},{"not_picked":["Barrage","Leap"],"picked":"Conserve Battery","floor":19},{"not_picked":["Aggregate","Compile Driver+1","Redo"],"picked":"SKIP","floor":21},{"not_picked":["Melter","Aggregate"],"picked":"Chill+1","floor":24},{"not_picked":["Sunder","Hologram"],"picked":"Beam Cell+1","floor":28},{"not_picked":["Scrape","Double Energy"],"picked":"Storm","floor":30},{"not_picked":["Capacitor","Streamline"],"picked":"Echo Form","floor":31},{"not_picked":["All For One","Fission"],"picked":"Biased Cognition","floor":33},{"not_picked":["Auto Shields","Heatsinks"],"picked":"Go for the Eyes+1","floor":35},{"not_picked":["Redo","Barrage","Hologram"],"picked":"SKIP","floor":36},{"not_picked":["Coolheaded+1","Ball Lightning"],"picked":"Turbo+1","floor":38},{"not_picked":["Barrage+1","Stack+1","Genetic Algorithm"],"picked":"SKIP","floor":39},{"not_picked":["Fusion","Sweeping Beam"],"picked":"Chill+1","floor":40},{"not_picked":["Leap+1","Static Discharge+1"],"picked":"Self Repair+1","floor":42},{"not_picked":["Hologram+1","Darkness"],"picked":"Electrodynamics","floor":44},{"not_picked":["Coolheaded","Rebound+1"],"picked":"Steam","floor":48}],"player_experience":588939,"relics_obtained":[{"floor":7,"key":"Emotion Chip"},{"floor":9,"key":"Ancient Tea Set"},{"floor":12,"key":"Mercury Hourglass"},{"floor":14,"key":"Bottled Tornado"},{"floor":24,"key":"CeramicFish"},{"floor":26,"key":"Art of War"},{"floor":30,"key":"MawBank"},{"floor":40,"key":"Unceasing Top"},{"floor":42,"key":"CaptainsWheel"},{"floor":43,"key":"Pen Nib"},{"floor":44,"key":"Happy Flower"}],"event_choices":[{"damage_healed":0,"gold_gain":75,"player_choice":"Gather Gold","damage_taken":11,"max_hp_gain":0,"max_hp_loss":0,"event_name":"World of Goop","floor":3,"gold_loss":0},{"damage_healed":0,"gold_gain":0,"player_choice":"Success","damage_taken":3,"relics_obtained":["Anchor"],"max_hp_gain":0,"max_hp_loss":0,"event_name":"Scrap Ooze","floor":4,"gold_loss":0},{"damage_healed":25,"gold_gain":0,"player_choice":"Banana","damage_taken":0,"max_hp_gain":0,"max_hp_loss":0,"event_name":"Big Fish","floor":5,"gold_loss":0},{"damage_healed":0,"gold_gain":0,"player_choice":"Became a vampire","damage_taken":0,"max_hp_gain":0,"max_hp_loss":24,"event_name":"Vampires","floor":20,"gold_loss":0,"cards_obtained":["Bite","Bite","Bite","Bite","Bite"]},{"damage_healed":0,"gold_gain":0,"cards_transformed":["Defend_B"],"player_choice":"Transformed","damage_taken":0,"max_hp_gain":0,"max_hp_loss":0,"event_name":"Transmorgrifier","floor":22,"gold_loss":0,"cards_obtained":["Undo"]},{"damage_healed":0,"gold_gain":0,"player_choice":"Paid Gold","damage_taken":0,"relics_obtained":["Strawberry"],"max_hp_gain":0,"max_hp_loss":0,"event_name":"WeMeetAgain","floor":37,"gold_loss":91},{"damage_healed":0,"gold_gain":0,"player_choice":"Embrace Madness","damage_taken":8,"max_hp_gain":0,"max_hp_loss":0,"event_name":"Winding Halls","floor":46,"gold_loss":0,"cards_obtained":["Madness","Madness"]}],"is_beta":false,"boss_relics":[{"not_picked":["Snecko Eye","Fusion Hammer"],"picked":"Tiny House"},{"not_picked":["Empty Cage","SacredBark"],"picked":"Sozu"}],"items_purged_floors":[11,47],"is_endless":false,"potions_floor_spawned":[1,8,14,24,31,33,36,40,48],"ascension_level":8}}