{"host":"pjgcdp3h1plnbocs","time":1608638543,"event":{"mods":["AchievementEnabler","BaseMod","Colored Map","Highlight Path","Minty Spire (QoL Compilation)"],"gold_per_floor":[13,13,88,12,12,45,45,81,81,94,147,187,217,238,238,363,363,383,383,404,427,352,395,395,36,36,70,70,70,169,182,182,302,302,321,345,220,238,252,252,252,291,343,381,395,434,448,469,469,469],"floor_reached":51,"playtime":1476,"items_purged":["Strike_R","Defend_R","Strike_R"],"score":1027,"play_id":"71e4df21-85b8-4f3c-8823-1b472c648a28","local_time":"20201222130223","is_ascension_mode":true,"campfire_choices":[{"data":"Metallicize","floor":7.0,"key":"SMITH"},{"data":"Inflame","floor":15.0,"key":"SMITH"},{"data":"Demon Form","floor":24.0,"key":"SMITH"},{"data":"Pommel Strike","floor":29.0,"key":"SMITH"},{"data":"Bash","floor":32.0,"key":"SMITH"},{"floor":40,"key":"REST"},{"floor":49,"key":"REST"}],"circlet_count":0,"master_deck":["Strike_R+1","Strike_R","Defend_R","Defend_R","Defend_R","Bash+1","Master of Strategy","Cleave","Metallicize+1","Thunderclap+1","Cleave","Pommel Strike+1","Inflame+1","Demon Form+1","Heavy Blade+1","Shrug It Off","Limit Break","Reaper","Panacea","Battle Trance+1"],"relics":["Burning Blood","Golden Idol","Shuriken","Mummified Hand","Whetstone","Eternal Feather","Oddly Smooth Stone","Mercury Hourglass","Sozu","Vajra","Matryoshka","Toy Ornithopter","Strawberry","Juzu Bracelet","Fusion Hammer","MealTicket","Dream Catcher","Orichalcum","Pen Nib","Bag of Marbles"],"acts_visited":["Exordium","TheCity","TheBeyond"],"potions_floor_usage":[42,50],"damage_taken":[{"damage":8.0,"enemies":"2 Louse","floor":1.0,"turns":3.0},{"damage":30.0,"enemies":"3 Sentries","floor":6.0,"turns":8.0},{"damage":10.0,"enemies":"Gremlin Nob","floor":8.0,"turns":4.0},{"damage":2.0,"enemies":"Jaw Worm","floor":10.0,"turns":3.0},{"damage":18.0,"enemies":"3 Sentries","floor":12.0,"turns":4.0},{"damage":2.0,"enemies":"Small Slimes","floor":14.0,"turns":2.0},{"damage":31.0,"enemies":"The Guardian","floor":16.0,"turns":10.0},{"damage":0.0,"enemies":"3 Byrds","floor":18.0,"turns":3.0},{"damage":12.0,"enemies":"Chosen","floor":20.0,"turns":4.0},{"damage":23.0,"enemies":"Centurion and Healer","floor":21.0,"turns":4.0},{"damage":16.0,"enemies":"Slavers","floor":23.0,"turns":4.0},{"damage":0.0,"enemies":"Gremlin Leader","floor":27.0,"turns":3.0},{"damage":7.0,"enemies":"Sentry and Sphere","floor":31.0,"turns":3.0},{"damage":30.0,"enemies":"Automaton","floor":33.0,"turns":5.0},{"damage":14.0,"enemies":"3 Darklings","floor":35.0,"turns":3.0},{"damage":8.0,"enemies":"3 Shapes","floor":36.0,"turns":1.0},{"damage":29.0,"enemies":"Jaw Worm Horde","floor":38.0,"turns":2.0},{"damage":22,"enemies":"3 Darklings","floor":39,"turns":4},{"damage":42,"enemies":"Nemesis","floor":42,"turns":3},{"damage":3,"enemies":"Giant Head","floor":44,"turns":5},{"damage":18,"enemies":"Spire Growth","floor":45,"turns":3},{"damage":6,"enemies":"Nemesis","floor":46,"turns":3},{"damage":1,"enemies":"Transient","floor":47,"turns":5},{"damage":18,"enemies":"Maw","floor":48,"turns":3},{"damage":40,"enemies":"Time Eater","floor":50,"turns":4}],"seed_played":"-2700553436578370811","potions_obtained":[{"floor":6.0,"key":"PowerPotion"},{"floor":10.0,"key":"EntropicBrew"}],"is_trial":false,"path_per_floor":["M","?","T","$","?","E","R","E","T","M","T","E","?","M","R","B",null,"M","?","M","M","$","E","R","$","T","E","?","R","?","M","R","B",null,"M","M","$","M","M","R","?","E","T","E","M","E","M","M","R","B",null],"character_chosen":"IRONCLAD","items_purchased":["Metallicize","Matryoshka"],"campfire_rested":2,"item_purchase_floors":[4,25],"current_hp_per_floor":[78,58,58,58,58,34,34,30,30,34,34,22,22,26,35,10,80,80,80,74,57,57,47,56,56,63,69,69,78,78,77,86,62,87,79,77,77,54,38,73,73,42,42,76,64,64,87,75,87,75],"gold":469,"neow_bonus":"RANDOM_COLORLESS_2","is_daily":false,"chose_seed":false,"campfire_upgraded":5,"win_rate":0.0,"timestamp":1608638543,"path_taken":["M","?","?","?","?","E","R","E","T","M","?","E","?","M","R","BOSS","M","?","M","M","$","E","R","?","T","E","?","R","?","M","R","BOSS","M","M","$","M","M","R","?","E","T","E","M","E","M","M","R","BOSS"],"items_purchased_type":["Card","Relic"],"build_version":"2020-12-13","purchased_purges":3,"victory":true,"max_hp_per_floor":[80,80,80,80,80,80,80,80,80,80,80,80,80,80,80,80,80,80,80,80,80,80,80,80,80,87,87,87,87,87,87,87,87,87,87,87,87,87,87,87,87,87,87,87,87,87,87,87,87,87],"card_choices":[{"not_picked":["The Bomb","Sadistic Nature"],"picked":"Master of Strategy","floor":0.0},{"not_picked":["Rampage","Wild Strike"],"picked":"Cleave","floor":1.0},{"not_picked":["Anger","Inflame"],"picked":"Thunderclap","floor":6.0},{"not_picked":["Combust","Disarm"],"picked":"Cleave","floor":8.0},{"not_picked":["Havoc","Iron Wave"],"picked":"Pommel Strike","floor":10.0},{"not_picked":["Metallicize","Whirlwind"],"picked":"Inflame","floor":12.0},{"not_picked":["Second Wind","Exhume","Anger"],"picked":"SKIP","floor":14.0},{"not_picked":["Offering","Impervious"],"picked":"Demon Form","floor":16.0},{"not_picked":["Searing Blow+1","Clothesline+1","Feel No Pain+1"],"picked":"SKIP","floor":18.0},{"not_picked":["Shrug It Off","Twin Strike"],"picked":"Heavy Blade+1","floor":20.0},{"not_picked":["Headbutt","Entrench"],"picked":"Shrug It Off","floor":21.0},{"not_picked":["Second Wind","Fiend Fire","Armaments"],"picked":"SKIP","floor":23.0},{"not_picked":["Heavy Blade+1","Searing Blow","Disarm"],"picked":"SKIP","floor":27.0},{"not_picked":["Rampage","True Grit+1","Flame Barrier"],"picked":"SKIP","floor":31.0},{"not_picked":["Reaper","Feed"],"picked":"Limit Break","floor":33.0},{"not_picked":["Sword Boomerang","Clothesline+1","Rage+1"],"picked":"SKIP","floor":35.0},{"not_picked":["Heavy Blade","Evolve","Fire Breathing+1"],"picked":"SKIP","floor":36.0},{"not_picked":["Sentinel+1","Sword Boomerang","Armaments"],"picked":"SKIP","floor":38.0},{"not_picked":["Iron Wave","Body Slam+1"],"picked":"Reaper","floor":39},{"not_picked":["PanicButton","Secret Weapon"],"picked":"Panacea","floor":41},{"not_picked":["Feel No Pain+1","Evolve","Twin Strike+1"],"picked":"SKIP","floor":42},{"not_picked":["Corruption","Clash","Ghostly Armor"],"picked":"SKIP","floor":44},{"not_picked":["Flame Barrier","Shockwave+1","Combust+1"],"picked":"SKIP","floor":45},{"not_picked":["Inflame","Carnage+1","Cleave"],"picked":"SKIP","floor":46},{"not_picked":["Sword Boomerang","True Grit"],"picked":"Battle Trance+1","floor":47},{"not_picked":["Rampage+1","Sword Boomerang+1","Battle Trance"],"picked":"SKIP","floor":48}],"player_experience":134504,"relics_obtained":[{"floor":3.0,"key":"Shuriken"},{"floor":6.0,"key":"Mummified Hand"},{"floor":8.0,"key":"Whetstone"},{"floor":9.0,"key":"Eternal Feather"},{"floor":11.0,"key":"Oddly Smooth Stone"},{"floor":12.0,"key":"Mercury Hourglass"},{"floor":23.0,"key":"Vajra"},{"floor":26.0,"key":"Toy Ornithopter"},{"floor":26.0,"key":"Strawberry"},{"floor":27.0,"key":"Juzu Bracelet"},{"floor":42,"key":"MealTicket"},{"floor":43,"key":"Dream Catcher"},{"floor":43,"key":"Orichalcum"},{"floor":44,"key":"Pen Nib"},{"floor":46,"key":"Bag of Marbles"}],"event_choices":[{"damage_healed":0.0,"max_hp_gain":0.0,"max_hp_loss":0.0,"gold_gain":0.0,"event_name":"Golden Idol","player_choice":"Take Damage","floor":2.0,"gold_loss":0.0,"damage_taken":20.0,"relics_obtained":["Golden Idol"]},{"cards_removed":["Strike_R"],"damage_healed":0.0,"max_hp_gain":0.0,"max_hp_loss":0.0,"gold_gain":0.0,"event_name":"Living Wall","player_choice":"Forget","floor":5.0,"gold_loss":0.0,"damage_taken":0.0},{"damage_healed":0.0,"max_hp_gain":0.0,"max_hp_loss":0.0,"gold_gain":30.0,"event_name":"Dead Adventurer","player_choice":"Searched \u00272\u0027 times","floor":13.0,"gold_loss":0.0,"damage_taken":0.0},{"damage_healed":0.0,"max_hp_gain":0.0,"max_hp_loss":0.0,"gold_gain":0.0,"event_name":"Lab","player_choice":"Got Potions","floor":19.0,"gold_loss":0.0,"damage_taken":0.0},{"damage_healed":0.0,"max_hp_gain":0.0,"max_hp_loss":0.0,"gold_gain":99.0,"event_name":"Nest","player_choice":"Stole From Cult","floor":30.0,"gold_loss":0.0,"damage_taken":0.0},{"damage_healed":0,"gold_gain":0,"player_choice":"Memory 1","damage_taken":0,"max_hp_gain":0,"max_hp_loss":0,"event_name":"SensoryStone","floor":41,"gold_loss":0}],"is_beta":false,"boss_relics":[{"not_picked":["Runic Pyramid","Ectoplasm"],"picked":"Sozu"},{"not_picked":["SacredBark","Busted Crown"],"picked":"Fusion Hammer"}],"items_purged_floors":[22,25,37],"is_endless":false,"potions_floor_spawned":[6,10,21,23,27,31,35,42,45,48],"ascension_level":4}}