{"host":"1t0goru2vbnnqaq4","time":1608600040,"event":{"mods":["2.2 Compatiblity","Act Like it!","Alarm Clock","BaseMod","Better Altar","Better Match","Better Note","Better Sensory Stone","Better Skull","Better Vampires","BetterRewards","Disable Question Mark Monsters","Downfall","Marked Mod","Mimic Mod","Minty Spire (QoL Compilation)","Rare Cards Sparkle","Replay The Spire","Spicy Shops","StSLib","Wandering Minibosses"],"gold_per_floor":[99,116,134,134,134,151,151,76,95,95,110,124,124,109,125,226,226,226,226,241,15,0,0,34,53,72,100,25,55,55,65,82,187,187,187,200,200,211,223,223,298,333,333,333,358,53,53,53,68,68],"floor_reached":51,"playtime":6402,"items_purged":["Shame","Clumsy"],"score":787,"play_id":"8ae1dead-58b4-41e9-9c14-cf5430aaa39c","local_time":"20201221202040","is_ascension_mode":false,"campfire_choices":[{"floor":1,"key":"RECALL"},{"data":"Guardian:TwinSlam","floor":8,"key":"SMITH"},{"floor":10,"key":"REST"},{"floor":13,"key":"REST"},{"floor":18,"key":"REST"},{"floor":28,"key":"REST"},{"floor":30,"key":"REST"},{"data":"1","floor":35,"key":"LIFT"},{"data":"2","floor":40,"key":"LIFT"},{"floor":43,"key":"REST"},{"floor":47,"key":"REST"}],"circlet_count":0,"master_deck":["Guardian:Strike_Guardian+1","Guardian:Strike_Guardian+1","Guardian:Strike_Guardian+1","Guardian:Strike_Guardian+1","Guardian:Defend_Guardian+1","Guardian:Defend_Guardian+1","Guardian:Defend_Guardian+1","Guardian:Defend_Guardian+1","Guardian:CurlUp+1","Guardian:TwinSlam+1","expansioncontent:PrepareCrush+1","Guardian:FuturePlans+1","Guardian:Orbwalk+1","Guardian:ShieldCharger+1","Guardian:TemporalStrike+1","Guardian:SpikerProtocol","Guardian:FloatingOrbs","Guardian:StasisField","hexamod:SixthSeal","Guardian:Planning","Guardian:TemporalStrike+1","Guardian:WalkerClaw+1","Guardian:GuardianWhirl","Guardian:EvasiveProtocol+1","Guardian:ChargeUp+1","Guardian:TimeBomb+1","Guardian:AncientConstruct","Guardian:TemporalShield","Guardian:EvasiveProtocol+1","Guardian:BaubleBeam","Guardian:ArmoredProtocol+1","Guardian:WalkerClaw","Guardian:TimeCapacitor+1","Guardian:PiercingHide+1","Guardian:FloatingOrbs","expansioncontent:AwakenDeath","expansioncontent:Collect","expansioncontent:Hexaburn","Guardian:Gem_Green"],"relics":["Guardian:ModeShifterPlus","ReplayTheSpireMod:Ring of Addiction","Ring of Searing","Potion Belt","Toy Ornithopter","Torii","downfall:HeartBlessingRed","Replay:Grab Bag","ReplayTheSpireMod:DimensionalGlitch","Fusion Hammer","Runic Pyramid","wanderingMiniBosses:CarrionFlame","Omamori","Guardian:PickAxe","Replay:WaspNest","downfall:HeartBlessingBlue","Mirror","Replay:Ancient Bell","Oddly Smooth Stone","Kunai","Girya","Bottled Flame","Pet Ghost","Sundial","Membership Card","InkBottle","Snack Pack","Bottled Lightning"],"acts_visited":["Exordium","TheCity","TheBeyond"],"potions_floor_usage":[6,12,14,16,16,22,25,31,38,38,45,45,45,50],"damage_taken":[{"damage":0,"enemies":"Jaw Worm","floor":2,"turns":2},{"damage":16,"enemies":"2 Louse","floor":3,"turns":5},{"damage":11,"enemies":"Cultist","floor":6,"turns":4},{"damage":0,"enemies":"Red Slaver","floor":9,"turns":2},{"damage":18,"enemies":"Blue Slaver","floor":11,"turns":3},{"damage":10,"enemies":"Exordium Thugs","floor":12,"turns":5},{"damage":15,"enemies":"downfall:FleeingMerchant","floor":14,"turns":4},{"damage":13,"enemies":"3 Louse","floor":15,"turns":2},{"damage":17,"enemies":"downfall:Silent","floor":16,"turns":6},{"damage":25,"enemies":"Shell Parasite","floor":20,"turns":5},{"damage":0,"enemies":"downfall:FleeingMerchant","floor":21,"turns":4},{"damage":2,"enemies":"downfall:FleeingMerchant","floor":22,"turns":4},{"damage":0,"enemies":"Chosen","floor":24,"turns":3},{"damage":0,"enemies":"Chosen","floor":25,"turns":3},{"damage":8,"enemies":"Shelled Parasite and Fungi","floor":26,"turns":4},{"damage":16,"enemies":"Slavers","floor":27,"turns":4},{"damage":9,"enemies":"Book of Stabbing","floor":29,"turns":4},{"damage":25,"enemies":"Cultist and Chosen","floor":31,"turns":4},{"damage":0,"enemies":"Snecko","floor":32,"turns":3},{"damage":7,"enemies":"downfall:Watcher","floor":33,"turns":7},{"damage":37,"enemies":"3 Darklings","floor":36,"turns":5},{"damage":0,"enemies":"3 Shapes","floor":38,"turns":1},{"damage":1,"enemies":"Maw","floor":39,"turns":8},{"damage":34,"enemies":"Reptomancer","floor":42,"turns":5},{"damage":1,"enemies":"Nemesis","floor":45,"turns":7},{"damage":0,"enemies":"downfall:FleeingMerchant","floor":46,"turns":1},{"damage":9,"enemies":"Sphere and 2 Shapes","floor":49,"turns":6},{"damage":31,"enemies":"downfall:Ironclad","floor":50,"turns":9}],"seed_played":"2175303877953900693","potions_obtained":[{"floor":2,"key":"BlessingOfTheForge"},{"floor":4,"key":"Milkshake"},{"floor":4,"key":"Energy Potion"},{"floor":4,"key":"AttackPotion"},{"floor":9,"key":"FearPotion"},{"floor":16,"key":"ColorlessPotion"},{"floor":20,"key":"Strength Potion"},{"floor":26,"key":"CultistPotion"},{"floor":31,"key":"Explosive Potion"},{"floor":33,"key":"Milkshake"},{"floor":37,"key":"Regen Potion"},{"floor":37,"key":"DistilledChaos"},{"floor":37,"key":"LiquidBronze"},{"floor":42,"key":"EssenceOfSteel"}],"is_trial":false,"path_per_floor":["R","M","M","?","?","M","T","R","M","R","M","M","R","$","M","B",null,"R","?","M","$","$","?","MIM","M","M","E","R","E","R","M","M","B",null,"R","M","?","M","M","R","T","E","R","?","E","$","R","?","M","B",null],"character_chosen":"GUARDIAN","items_purchased":["Omamori","Guardian:PickAxe","Membership Card","Guardian:FloatingOrbs","InkBottle","Snack Pack","Bottled Lightning"],"campfire_rested":7,"item_purchase_floors":[21,21,46,46,46,46,46],"current_hp_per_floor":[80,80,64,64,64,58,58,58,58,78,60,55,78,68,55,48,78,78,78,51,51,52,52,52,55,47,31,66,57,82,60,60,53,84,82,45,45,51,50,50,50,16,39,39,47,47,69,54,45,22],"gold":68,"neow_bonus":"RANDOM_COLORLESS","is_daily":false,"chose_seed":false,"campfire_upgraded":1,"win_rate":0.0,"timestamp":1608600040,"path_taken":["R","M","M","?","?","?","T","R","M","R","M","M","R","$","M","BOSS","R","?","M","?","$","?","MIM","M","M","E","R","E","R","M","M","BOSS","R","M","?","?","M","R","T","E","R","?","E","$","R","?","M","BOSS"],"items_purchased_type":["Relic","Relic","Relic","Card","Relic","Relic","Relic"],"build_version":"2020-12-13","purchased_purges":2,"victory":true,"max_hp_per_floor":[80,80,80,80,80,80,80,80,80,78,78,78,78,78,78,78,78,78,78,76,76,76,76,76,76,76,76,86,84,84,84,84,84,84,82,82,82,80,80,80,80,78,78,78,76,76,76,76,74,74],"card_choices":[{"not_picked":["Replay:SS_hec_1","expansioncontent:ManipulateTime"],"picked":"expansioncontent:PrepareCrush","floor":0},{"not_picked":["Guardian:Gem_Lightblue","Guardian:ShieldCharger"],"picked":"Guardian:FuturePlans","floor":2},{"not_picked":["Guardian:WalkerClaw","Guardian:ChargeUp"],"picked":"Guardian:Orbwalk","floor":3},{"not_picked":["Guardian:ChargeCore","Guardian:Suspension"],"picked":"Guardian:ShieldCharger","floor":6},{"not_picked":["Guardian:Reroute","Guardian:DecasProtection"],"picked":"Guardian:Gem_Fragmented","floor":9},{"not_picked":["Guardian:Gem_Green","Guardian:PiercingHide"],"picked":"Guardian:Gem_Fragmented","floor":11},{"not_picked":["Guardian:Preprogram","Guardian:DonusPower"],"picked":"Guardian:TemporalStrike","floor":12},{"not_picked":["Guardian:Clone","Guardian:FloatingOrbs"],"picked":"Guardian:SpikerProtocol","floor":14},{"not_picked":["Guardian:ShieldCharger","Guardian:Gem_Cyan"],"picked":"Guardian:FloatingOrbs","floor":15},{"not_picked":["Guardian:FierceBash","Guardian:HyperBeam_Guardian"],"picked":"Guardian:StasisField","floor":16},{"not_picked":["Guardian:RefractedBeam+1","Guardian:PrismaticBeam+1"],"picked":"Guardian:Planning","floor":20},{"not_picked":["Guardian:DecasProtection","Guardian:RollAttack"],"picked":"Guardian:TemporalStrike","floor":21},{"not_picked":["Guardian:ShieldSpikes","Guardian:PiercingHide"],"picked":"Guardian:WalkerClaw+1","floor":22},{"not_picked":["Guardian:Gem_Lightblue","Guardian:Gem_Green"],"picked":"Guardian:GuardianWhirl","floor":24},{"not_picked":["Guardian:CrystalBeam+1","Guardian:Gem_Blue"],"picked":"Guardian:EvasiveProtocol","floor":25},{"not_picked":["Guardian:ShieldSpikes","Guardian:Gem_Cyan"],"picked":"Guardian:ChargeUp","floor":26},{"not_picked":["Guardian:Gem_Crimson","Guardian:RefractedBeam"],"picked":"Guardian:TimeBomb","floor":27},{"not_picked":["Guardian:Gem_Cyan","Guardian:Preprogram"],"picked":"Guardian:AncientConstruct","floor":29},{"not_picked":["Guardian:PrismaticBarrier","Guardian:Gem_Lightblue"],"picked":"Guardian:TemporalShield","floor":31},{"not_picked":["Guardian:Clone","Guardian:Gem_Lightblue"],"picked":"Guardian:EvasiveProtocol+1","floor":32},{"not_picked":["Guardian:FastForward","Guardian:HyperBeam_Guardian"],"picked":"Guardian:BaubleBeam","floor":33},{"not_picked":["ReplayTheSpireMod:Restless Dread","Normality"],"picked":"Voices","floor":34},{"not_picked":["ReplayTheSpireMod:Restless Dread","Delirium"],"picked":"Shame","floor":34},{"not_picked":["Replay:Hysterical Blindness","Voices"],"picked":"Clumsy","floor":34},{"not_picked":["Guardian:Gem_Lightblue","Guardian:PrismaticBeam+1"],"picked":"Guardian:ArmoredProtocol+1","floor":36},{"not_picked":["Guardian:Harden","Guardian:Gem_Lightblue"],"picked":"Guardian:Gem_White","floor":38},{"not_picked":["Guardian:Gem_Yellow","Guardian:CrystalBeam+1"],"picked":"Guardian:WalkerClaw","floor":39},{"not_picked":["Guardian:RollAttack","Guardian:PrimingBeam"],"picked":"Guardian:Gem_Orange","floor":42},{"not_picked":["Guardian:Gem_Cyan","Guardian:BronzeOrb"],"picked":"Guardian:TimeCapacitor+1","floor":45},{"not_picked":["Guardian:VentSteam","Guardian:Incinerate+1"],"picked":"Guardian:PiercingHide+1","floor":46},{"not_picked":["expansioncontent:YouAreMine","Replay:SS_fish_3"],"picked":"expansioncontent:AwakenDeath","floor":48},{"not_picked":["expansioncontent:GoopSpray","expansioncontent:HyperBeam"],"picked":"expansioncontent:Collect","floor":48},{"not_picked":["expansioncontent:Chronoboost","expansioncontent:DarkVoid"],"picked":"expansioncontent:Hexaburn","floor":48},{"not_picked":["Guardian:PiercingHide","Guardian:VentSteam"],"picked":"Guardian:Gem_Green","floor":49}],"player_experience":702470,"relics_obtained":[{"floor":4,"key":"ReplayTheSpireMod:Ring of Addiction"},{"floor":4,"key":"Ring of Searing"},{"floor":4,"key":"Potion Belt"},{"floor":4,"key":"Toy Ornithopter"},{"floor":7,"key":"Torii"},{"floor":20,"key":"wanderingMiniBosses:CarrionFlame"},{"floor":27,"key":"Replay:WaspNest"},{"floor":29,"key":"Mirror"},{"floor":41,"key":"Bottled Flame"},{"floor":42,"key":"Pet Ghost"},{"floor":45,"key":"Sundial"}],"event_choices":[{"cards_removed":["expansioncontent:PrepareCrush"],"damage_healed":0,"gold_gain":0,"player_choice":"Take \u0026 Give","damage_taken":0,"max_hp_gain":0,"max_hp_loss":0,"event_name":"betterNote:BetterNote","floor":19,"gold_loss":0,"cards_obtained":["hexamod:SixthSeal"]},{"damage_healed":0,"gold_gain":0,"player_choice":"Simplicity","damage_taken":0,"max_hp_gain":0,"max_hp_loss":0,"event_name":"Back to Basics","floor":23,"gold_loss":0,"cards_upgraded":["Guardian:Strike_Guardian","Guardian:Strike_Guardian","Guardian:Strike_Guardian","Guardian:Strike_Guardian","Guardian:Defend_Guardian","Guardian:Defend_Guardian","Guardian:Defend_Guardian","Guardian:Defend_Guardian"]},{"damage_healed":0,"gold_gain":0,"player_choice":"Got Potions","damage_taken":0,"max_hp_gain":0,"max_hp_loss":0,"event_name":"Lab","floor":37,"gold_loss":0}],"is_beta":false,"boss_relics":[{"not_picked":["Busted Crown","Astrolabe"],"picked":"Replay:Grab Bag"},{"not_picked":["ReplayTheSpireMod:Onyx Gauntlets","Sozu"],"picked":"ReplayTheSpireMod:DimensionalGlitch"},{"not_picked":["Ectoplasm","ChewingGum"],"picked":"Fusion Hammer"},{"not_picked":["Calling Bell","Snecko Eye"],"picked":"Runic Pyramid"},{"not_picked":["SlaversCollar","Empty Cage"],"picked":"Guardian:ModeShifterPlus"},{"not_picked":["Tiny House","Velvet Choker"],"picked":"Replay:Ancient Bell"},{"not_picked":["Centennial Puzzle","CeramicFish"],"picked":"Oddly Smooth Stone"},{"not_picked":["Divine Protection","Replay:Ringing Soul"],"picked":"Kunai"},{"not_picked":["Replay:Arrowhead","Prayer Wheel"],"picked":"Girya"}],"items_purged_floors":[46,46],"is_endless":false,"potions_floor_spawned":[2,9,16,20,26,31,33,42],"ascension_level":0}}