{"host":"5fasz840ryq7obdf","time":1608596868,"event":{"mods":["AchievementEnabler","BaseMod","Bestiary","Better Altar","Better Skull","Better Third Choice","BetterRewards","Block Reminder","Colored Powertips","Curses Come First","Minty Spire (QoL Compilation)","Quick Restart","Relic Stats","Shop Mod","Spicy Shops","StSLib"],"gold_per_floor":[133,133,32,67,86,141,141,169,169,185,2,54,54,11,11,113,113,175,235,22,22,49,107,107,192,217,217,247,259,346,472,484,594,606,659,671,722,746,830,875,961,1004,1039,1116,1128,1140,386,415,415,415],"floor_reached":51,"playtime":4172,"items_purged":["Strike_P","Strike_P","Strike_P"],"score":2001,"play_id":"ea5d15e2-bbc8-41b7-aa92-b27cfa15d178","local_time":"20201222002748","is_ascension_mode":true,"campfire_choices":[{"data":"HandOfGreed","floor":7.0,"key":"SMITH"},{"floor":13.0,"key":"REST"},{"data":"Eruption","floor":15.0,"key":"SMITH"},{"data":"CrushJoints","floor":24.0,"key":"SMITH"},{"data":"Wish","floor":27.0,"key":"SMITH"},{"data":"Crescendo","floor":29.0,"key":"SMITH"},{"data":"DeusExMachina","floor":32.0,"key":"SMITH"},{"data":"Devotion","floor":45,"key":"SMITH"},{"data":"Fasting2","floor":49,"key":"SMITH"}],"circlet_count":0,"master_deck":["AscendersBane","Strike_P+1","Defend_P+1","Defend_P+1","Eruption+1","Vigilance+1","CrushJoints","HandOfGreed+1","Ragnarok+1","Crescendo+1","Master of Strategy+1","LessonLearned+1","CrushJoints+1","Protect+1","Wish+1","Swivel+1","DevaForm","CurseOfTheBell","Worship+1","FlurryOfBlows+1","DeusExMachina+1","FlurryOfBlows+1","Consecrate+1","Devotion+1","Brilliance+1","CrushJoints+1","WreathOfFlame+1","EmptyBody+1","ClearTheMind","DeceiveReality","SandsOfTime+1","Evaluate","Thinking Ahead","Prostrate","Dramatic Entrance","SandsOfTime","Fasting2+1"],"relics":["HolyWater","Kunai","Damaru","TungstenRod","Singing Bowl","Orichalcum","Eternal Feather","Lantern","Toy Ornithopter","Akabeko","Calling Bell","Happy Flower","Question Card","Incense Burner","Membership Card","TheAbacus","Bloody Idol","Anchor","Regal Pillow","Darkstone Periapt","War Paint","MawBank","Whetstone","Centennial Puzzle","Sundial","Vajra","Bag of Marbles","Ice Cream","Bag of Preparation","Boot","Omamori","Potion Belt"],"acts_visited":["Exordium","TheCity","TheBeyond"],"potions_floor_usage":[48],"damage_taken":[{"damage":0.0,"enemies":"2 Louse","floor":1.0,"turns":3.0},{"damage":0.0,"enemies":"Cultist","floor":4.0,"turns":2.0},{"damage":0.0,"enemies":"Jaw Worm","floor":5.0,"turns":3.0},{"damage":7.0,"enemies":"Gremlin Nob","floor":6.0,"turns":3.0},{"damage":9.0,"enemies":"Lagavulin","floor":8.0,"turns":5.0},{"damage":0.0,"enemies":"Red Slaver","floor":10.0,"turns":4.0},{"damage":0.0,"enemies":"Gremlin Nob","floor":12.0,"turns":1.0},{"damage":21.0,"enemies":"Hexaghost","floor":16.0,"turns":7.0},{"damage":9.0,"enemies":"Spheric Guardian","floor":18.0,"turns":5.0},{"damage":0.0,"enemies":"Chosen","floor":19.0,"turns":3.0},{"damage":0.0,"enemies":"Gremlin Leader","floor":23.0,"turns":4.0},{"damage":13.0,"enemies":"Slavers","floor":25.0,"turns":6.0},{"damage":29.0,"enemies":"Book of Stabbing","floor":28.0,"turns":5.0},{"damage":16.0,"enemies":"Centurion and Healer","floor":30.0,"turns":6.0},{"damage":7.0,"enemies":"Slavers","floor":31.0,"turns":9.0},{"damage":62.0,"enemies":"Collector","floor":33.0,"turns":7.0},{"damage":9.0,"enemies":"Orb Walker","floor":35.0,"turns":4.0},{"damage":16.0,"enemies":"3 Shapes","floor":37.0,"turns":3.0},{"damage":13.0,"enemies":"Writhing Mass","floor":38.0,"turns":5.0},{"damage":38.0,"enemies":"Jaw Worm Horde","floor":39.0,"turns":5.0},{"damage":54.0,"enemies":"Reptomancer","floor":40.0,"turns":4.0},{"damage":6.0,"enemies":"4 Shapes","floor":41.0,"turns":6.0},{"damage":15,"enemies":"Giant Head","floor":42,"turns":8},{"damage":4,"enemies":"Sphere and 2 Shapes","floor":44,"turns":5},{"damage":22,"enemies":"Nemesis","floor":48,"turns":4},{"damage":28,"enemies":"Time Eater","floor":50,"turns":4}],"seed_played":"-8391296333339894595","potions_obtained":[{"floor":2.0,"key":"GamblersBrew"},{"floor":2.0,"key":"DuplicationPotion"},{"floor":6.0,"key":"PowerPotion"},{"floor":8.0,"key":"ColorlessPotion"},{"floor":25.0,"key":"Weak Potion"},{"floor":30.0,"key":"Explosive Potion"},{"floor":38.0,"key":"Energy Potion"},{"floor":40.0,"key":"ColorlessPotion"},{"floor":41.0,"key":"Strength Potion"}],"is_trial":false,"path_per_floor":["M","?","$","M","M","E","R","E","T","M","$","E","R","$","R","B",null,"M","M","$","?","T","E","R","E","T","R","E","R","M","E","R","B",null,"M","?","M","M","M","E","M","E","T","M","R","T","$","E","R","B",null],"character_chosen":"WATCHER","items_purchased":["Kunai","CrushJoints","Damaru","HandOfGreed","Ragnarok","TungstenRod","Crescendo","Singing Bowl","Master of Strategy","Protect","Toy Ornithopter","Swivel","Membership Card","TheAbacus","Ice Cream","Bag of Preparation","Evaluate","Boot","Thinking Ahead","Prostrate","Dramatic Entrance","Omamori","SandsOfTime"],"campfire_rested":1,"item_purchase_floors":[0,0,0,0,0,0,0,0,0,3,11,14,20,20,47,47,47,47,47,47,47,47,47],"current_hp_per_floor":[19,19,19,21,23,18,18,11,11,13,13,13,45,45,54,33,67,60,60,60,17,22,34,46,58,63,75,51,68,76,82,82,30,70,78,83,78,75,59,20,34,29,39,55,78,83,86,69,86,58],"gold":415,"neow_bonus":"","is_daily":false,"chose_seed":false,"campfire_upgraded":8,"win_rate":0.0,"timestamp":1608596868,"path_taken":["M","?","?","M","?","E","R","E","T","M","?","E","R","$","R","BOSS","M","M","$","?","?","E","R","E","T","R","E","R","M","E","R","BOSS","M","?","?","M","M","E","M","E","T","M","R","?","$","E","R","BOSS"],"items_purchased_type":["Relic","Card","Relic","Card","Card","Relic","Card","Relic","Card","Card","Relic","Card","Relic","Relic","Relic","Relic","Card","Relic","Card","Card","Card","Relic","Card"],"build_version":"2020-12-13","purchased_purges":3,"victory":true,"max_hp_per_floor":[68,68,68,70,72,74,74,76,76,78,78,78,78,78,78,78,78,80,80,80,80,80,82,82,82,82,82,82,82,82,82,82,82,82,84,84,84,84,86,86,86,86,86,86,86,86,86,86,86,86],"relic_stats":{"Darkstone Periapt":0,"Regal Pillow":12,"Singing Bowl":24,"Happy Flower":[87],"counters":[73,320],"Eternal Feather":89,"Bag of Preparation":[36],"Whetstone":["Consecrate","LessonLearned"],"Orichalcum":[318],"War Paint":["The Bomb","Vigilance","Swivel","Vigilance"],"Question Card":27,"MawBank":228,"Boot":[20],"Centennial Puzzle":[32],"TheAbacus":[54],"Sundial":[0],"Bloody Idol":242,"Kunai":[69],"obtain_stats":[{"Ice Cream":47,"CeramicFish":34,"Vajra":43,"Whetstone":31,"Boot":47,"Blood Vial":24,"Centennial Puzzle":39,"HornCleat":43,"DollysMirror":36,"Sundial":42,"Strawberry":24,"Philosopher\u0027s Stone":34,"MealTicket":11,"HandDrill":0,"Kunai":0,"Toxic Egg 2":8,"Happy Flower":38,"Blue Candle":31,"Astrolabe":17,"Eternal Feather":8,"Pen Nib":6,"Letter Opener":6,"War Paint":44,"Question Card":17,"Akabeko":9,"Bird Faced Urn":0,"Molten Egg 2":14,"Meat on the Bone":0,"Darkstone Periapt":25,"Regal Pillow":25,"Lantern":9,"Singing Bowl":23,"Mango":43,"Incense Burner":17,"Bag of Preparation":47,"Empty Cage":17,"Nunchaku":4,"Dream Catcher":29,"TheAbacus":20,"Mummified Hand":26,"Gambling Chip":8,"Pantograph":34,"Red Mask":44,"Potion Belt":0,"NeowsBlessing":0,"Damaru":22,"PreservedInsect":47,"Omamori":40,"Orichalcum":9,"MawBank":28,"Mercury Hourglass":28,"Calling Bell":34,"Anchor":22,"Bloody Idol":21,"HolyWater":34,"Turnip":40,"Art of War":26,"Bag of Marbles":46,"Membership Card":0,"PureWater":0,"TungstenRod":0,"Toy Ornithopter":11},{"Ice Cream":71,"CeramicFish":40,"Vajra":70,"Whetstone":62,"Boot":71,"Blood Vial":35,"Centennial Puzzle":42,"HornCleat":44,"DollysMirror":41,"Sundial":70,"Strawberry":12,"Philosopher\u0027s Stone":16,"MealTicket":30,"HandDrill":23,"Kunai":47,"Toxic Egg 2":29,"Happy Flower":18,"Blue Candle":15,"Astrolabe":32,"Eternal Feather":52,"Pen Nib":27,"Letter Opener":3,"War Paint":45,"Question Card":55,"Akabeko":4,"Bird Faced Urn":23,"Molten Egg 2":6,"Meat on the Bone":23,"Darkstone Periapt":59,"Regal Pillow":36,"Lantern":52,"Singing Bowl":35,"Mango":20,"Incense Burner":55,"Bag of Preparation":71,"Empty Cage":7,"Nunchaku":1,"Dream Catcher":38,"TheAbacus":57,"Mummified Hand":12,"Gambling Chip":4,"Pantograph":40,"Red Mask":20,"Potion Belt":23,"NeowsBlessing":0,"Damaru":34,"PreservedInsect":21,"Omamori":20,"Orichalcum":29,"MawBank":60,"Mercury Hourglass":14,"Calling Bell":40,"Anchor":57,"Bloody Idol":57,"HolyWater":63,"Turnip":43,"Art of War":36,"Bag of Marbles":71,"Membership Card":23,"PureWater":0,"TungstenRod":47,"Toy Ornithopter":53},{"Ice Cream":312,"CeramicFish":163,"Vajra":307,"Whetstone":265,"Boot":312,"Blood Vial":136,"Centennial Puzzle":171,"HornCleat":183,"DollysMirror":168,"Sundial":307,"Strawberry":43,"Philosopher\u0027s Stone":59,"MealTicket":111,"HandDrill":89,"Kunai":199,"Toxic Egg 2":107,"Happy Flower":65,"Blue Candle":52,"Astrolabe":123,"Eternal Feather":215,"Pen Nib":100,"Letter Opener":3,"War Paint":188,"Question Card":227,"Akabeko":12,"Bird Faced Urn":89,"Molten Egg 2":20,"Meat on the Bone":89,"Darkstone Periapt":245,"Regal Pillow":142,"Lantern":215,"Singing Bowl":136,"Mango":77,"Incense Burner":227,"Bag of Preparation":312,"Empty Cage":27,"Nunchaku":1,"Dream Catcher":152,"TheAbacus":235,"Mummified Hand":43,"Gambling Chip":12,"Pantograph":163,"Red Mask":77,"Potion Belt":89,"NeowsBlessing":0,"Damaru":133,"PreservedInsect":82,"Omamori":77,"Orichalcum":107,"MawBank":250,"Mercury Hourglass":50,"Calling Bell":163,"Anchor":235,"Bloody Idol":235,"HolyWater":272,"Turnip":176,"Art of War":142,"Bag of Marbles":312,"Membership Card":89,"PureWater":0,"TungstenRod":199,"Toy Ornithopter":219}],"TungstenRod":53,"Toy Ornithopter":19},"card_choices":[{"not_picked":["CutThroughFate","Consecrate"],"picked":"CrushJoints","floor":1.0},{"not_picked":["Swivel","Fasting2","SashWhip"],"picked":"Singing Bowl","floor":4.0},{"not_picked":["MentalFortress","Evaluate","ThirdEye"],"picked":"Singing Bowl","floor":5.0},{"not_picked":["CutThroughFate","Evaluate","SignatureMove"],"picked":"Singing Bowl","floor":6.0},{"not_picked":["Crescendo","ReachHeaven","CutThroughFate"],"picked":"Singing Bowl","floor":8.0},{"not_picked":["Wireheading","PathToVictory","Evaluate"],"picked":"Singing Bowl","floor":10.0},{"not_picked":["Halt","DeceiveReality"],"picked":"Wish","floor":12.0},{"not_picked":["DeusExMachina","SpiritShield"],"picked":"DevaForm","floor":16.0},{"not_picked":["Halt","Prostrate","ReachHeaven","Indignation"],"picked":"Singing Bowl","floor":18.0},{"not_picked":["ReachHeaven","Sanctity","SashWhip"],"picked":"Worship","floor":19.0},{"not_picked":["PathToVictory","Evaluate","CutThroughFate","Halt"],"picked":"Singing Bowl","floor":23.0},{"not_picked":["ThirdEye","Study","PathToVictory"],"picked":"FlurryOfBlows","floor":25.0},{"not_picked":["Study","FlurryOfBlows+1","CrushJoints"],"picked":"DeusExMachina","floor":28.0},{"not_picked":["JustLucky","ThirdEye","FlyingSleeves"],"picked":"FlurryOfBlows","floor":30.0},{"not_picked":["WheelKick","FollowUp","EmptyFist"],"picked":"Consecrate","floor":31.0},{"not_picked":["DevaForm","Establishment","Vault"],"picked":"Devotion","floor":33.0},{"not_picked":["FlyingSleeves+1","Evaluate","BowlingBash","LikeWater"],"picked":"Singing Bowl","floor":35.0},{"not_picked":["Weave+1","Crescendo+1","TalkToTheHand"],"picked":"CrushJoints+1","floor":37.0},{"not_picked":["Halt","ClearTheMind","CarveReality+1"],"picked":"WreathOfFlame","floor":38.0},{"not_picked":["Conclude+1","MentalFortress","SignatureMove","PathToVictory+1"],"picked":"Singing Bowl","floor":39.0},{"not_picked":["MentalFortress+1","SashWhip","JustLucky+1"],"picked":"EmptyBody+1","floor":40.0},{"not_picked":["Prostrate","Protect","FlurryOfBlows"],"picked":"ClearTheMind","floor":41.0},{"not_picked":["Tantrum","Blasphemy","Conclude+1"],"picked":"DeceiveReality","floor":42},{"not_picked":["SashWhip","Evaluate","Protect"],"picked":"SandsOfTime","floor":44},{"not_picked":["Crescendo+1","Brilliance","Halt+1"],"picked":"Fasting2","floor":48}],"player_experience":916667,"relics_obtained":[{"floor":6.0,"key":"Orichalcum"},{"floor":8.0,"key":"Eternal Feather"},{"floor":9.0,"key":"Lantern"},{"floor":12.0,"key":"Akabeko"},{"floor":17.0,"key":"Happy Flower"},{"floor":17.0,"key":"Question Card"},{"floor":17.0,"key":"Incense Burner"},{"floor":22.0,"key":"Anchor"},{"floor":23.0,"key":"Regal Pillow"},{"floor":25.0,"key":"Darkstone Periapt"},{"floor":26.0,"key":"War Paint"},{"floor":28.0,"key":"MawBank"},{"floor":31.0,"key":"Whetstone"},{"floor":40.0,"key":"Centennial Puzzle"},{"floor":42,"key":"Sundial"},{"floor":43,"key":"Vajra"},{"floor":46,"key":"Bag of Marbles"},{"floor":48,"key":"Potion Belt"}],"event_choices":[{"damage_healed":0.0,"max_hp_gain":0.0,"max_hp_loss":0.0,"gold_gain":0.0,"event_name":"Lab","player_choice":"Got Potions","floor":2.0,"gold_loss":0.0,"damage_taken":0.0},{"damage_healed":0.0,"max_hp_gain":60.0,"max_hp_loss":17.0,"gold_gain":0.0,"event_name":"betterAltar:BetterAltar","player_choice":" Idol ","floor":21.0,"potions_obtained":[],"relics_lost":[],"gold_loss":0.0,"damage_taken":44.0,"relics_obtained":["Bloody Idol"]},{"damage_healed":0.0,"max_hp_gain":0.0,"max_hp_loss":0.0,"gold_gain":0.0,"cards_transformed":["Defend_P"],"event_name":"Transmorgrifier","player_choice":"Transformed","floor":36.0,"gold_loss":0.0,"damage_taken":0.0,"cards_obtained":["Brilliance"]}],"is_beta":false,"boss_relics":[{"not_picked":["Coffee Dripper","Velvet Choker"],"picked":"Calling Bell"},{"not_picked":["Snecko Eye","Busted Crown"],"picked":"HolyWater"}],"items_purged_floors":[3,11,47],"is_endless":false,"potions_floor_spawned":[5,6,8,10,19,25,30,38,40,41,44],"ascension_level":16}}