{"host":"f3zi5bw4of71qj4o","time":1608659878,"event":{"mods":["BaseMod","DeckTracker","Highlight Path","Minty Spire (QoL Compilation)","Relic Stats","StSLib","SuperFastMode"],"gold_per_floor":[115,40,40,11,22,22,50,50,50,78,78,95,20,53,53,127,127,138,138,12,29,48,78,78,105,105,133,152,152,152,181,181,260,260,272,88,102,102,0,0,29,29,29,39,39,66,86,117,117,117,117,117,117,67,94,94],"floor_reached":57,"playtime":6642,"items_purged":["Strike_G","Strike_G","Writhe","Riddle With Holes"],"score":3064,"play_id":"a7bffa7c-3e73-483b-ac7d-841d45c140a3","local_time":"20201222185758","is_ascension_mode":true,"campfire_choices":[{"data":"Neutralize","floor":6,"key":"SMITH"},{"data":"Quick Slash","floor":8,"key":"SMITH"},{"data":"Wraith Form v2","floor":15,"key":"SMITH"},{"data":"Well Laid Plans","floor":24,"key":"SMITH"},{"data":"Burst","floor":30,"key":"SMITH"},{"data":"Bouncing Flask","floor":32,"key":"SMITH"},{"data":"Malaise","floor":40,"key":"SMITH"},{"data":"Acrobatics","floor":42,"key":"SMITH"},{"floor":49,"key":"RECALL"},{"data":"Caltrops","floor":53,"key":"SMITH"}],"circlet_count":0,"master_deck":["AscendersBane","Survivor","Flying Knee","Quick Slash+1","Bouncing Flask+1","Dagger Throw+1","Well Laid Plans+1","Wraith Form v2+1","Bullet Time","Acrobatics+1","Footwork+1","Malaise+1","Burst+1","Corpse Explosion","Tools of the Trade","Tactician+1","Adrenaline+1","Leg Sweep+1","Bullet Time+1","Corpse Explosion+1","Corpse Explosion+1","Cloak And Dagger+1","Accuracy","Catalyst+1","Backflip+1","Leg Sweep+1","Malaise+1","Caltrops+1"],"relics":["Ring of the Snake","NeowsBlessing","Question Card","PreservedInsect","Toy Ornithopter","Paper Crane","Coffee Dripper","MutagenicStrength","Ancient Tea Set","Whetstone","Toxic Egg 2","Sundial","FossilizedHelix","Incense Burner","Pandora\u0027s Box","Red Mask","Anchor","Regal Pillow","Smiling Mask","Omamori","Torii"],"acts_visited":["Exordium","TheCity","TheBeyond","TheEnding"],"potions_floor_usage":[10,14,16,25,25,28,56],"damage_taken":[{"damage":0,"enemies":"Jaw Worm","floor":1,"turns":1},{"damage":0,"enemies":"Small Slimes","floor":5,"turns":1},{"damage":0,"enemies":"Lagavulin","floor":7,"turns":1},{"damage":19,"enemies":"3 Sentries","floor":10,"turns":7},{"damage":0,"enemies":"Cultist","floor":12,"turns":3},{"damage":15,"enemies":"Lagavulin","floor":14,"turns":5},{"damage":18,"enemies":"Slime Boss","floor":16,"turns":10},{"damage":3,"enemies":"Chosen","floor":18,"turns":5},{"damage":3,"enemies":"Spheric Guardian","floor":21,"turns":5},{"damage":2,"enemies":"Snecko","floor":22,"turns":5},{"damage":2,"enemies":"Slavers","floor":23,"turns":7},{"damage":11,"enemies":"Gremlin Leader","floor":25,"turns":7},{"damage":0,"enemies":"Slavers","floor":27,"turns":2},{"damage":8,"enemies":"Chosen and Byrds","floor":28,"turns":8},{"damage":0,"enemies":"Gremlin Leader","floor":31,"turns":5},{"damage":2,"enemies":"Champ","floor":33,"turns":15},{"damage":0,"enemies":"3 Shapes","floor":35,"turns":1},{"damage":1,"enemies":"Orb Walker","floor":37,"turns":3},{"damage":0,"enemies":"Nemesis","floor":41,"turns":1},{"damage":0,"enemies":"4 Shapes","floor":44,"turns":2},{"damage":0,"enemies":"Reptomancer","floor":46,"turns":4},{"damage":0,"enemies":"Jaw Worm Horde","floor":47,"turns":1},{"damage":1,"enemies":"Giant Head","floor":48,"turns":5},{"damage":4,"enemies":"Time Eater","floor":50,"turns":4},{"damage":11,"enemies":"Donu and Deca","floor":51,"turns":6},{"damage":6,"enemies":"Shield and Spear","floor":55,"turns":4},{"damage":42,"enemies":"The Heart","floor":56,"turns":9}],"seed_played":"-3383715519386293516","potions_obtained":[{"floor":1,"key":"DistilledChaos"},{"floor":10,"key":"Fire Potion"},{"floor":12,"key":"ColorlessPotion"},{"floor":21,"key":"Energy Potion"},{"floor":23,"key":"SkillPotion"},{"floor":25,"key":"Weak Potion"},{"floor":27,"key":"DistilledChaos"},{"floor":41,"key":"LiquidBronze"},{"floor":44,"key":"SteroidPotion"}],"is_trial":false,"path_per_floor":["M","?","?","$","M","R","E","R","T","E","T","M","$","E","R","B",null,"M","?","$","M","M","E","R","E","T","E","M","?","R","E","R","B",null,"M","$","M","?","?","R","E","R","T","M","$","E","M","E","R","B","B",null,"R","$","E","B",null],"character_chosen":"THE_SILENT","items_purchased":["Quick Slash","Acrobatics","Backflip+1"],"campfire_rested":0,"item_purchase_floors":[4,20,36],"current_hp_per_floor":[59,59,59,59,59,59,59,59,59,40,40,40,40,30,30,17,54,51,51,51,48,46,44,44,43,43,43,40,40,40,40,40,38,59,59,59,58,58,58,58,58,58,58,58,58,58,58,57,57,53,42,60,60,60,54,17],"gold":94,"neow_bonus":"THREE_ENEMY_KILL","is_daily":false,"chose_seed":false,"campfire_upgraded":9,"win_rate":0.0,"timestamp":1608659878,"path_taken":["M","?","?","$","M","R","E","R","T","E","?","?","$","E","R","BOSS","M","?","$","M","M","E","R","E","T","E","M","?","R","E","R","BOSS","M","$","M","?","?","R","E","R","T","M","$","E","M","E","R","BOSS","BOSS","R","$","E","BOSS"],"items_purchased_type":["Card","Card","Card"],"build_version":"2020-12-13","purchased_purges":4,"victory":true,"max_hp_per_floor":[66,66,66,66,66,66,66,66,66,66,66,66,66,66,66,66,66,66,66,66,66,66,66,66,66,66,66,66,66,66,66,66,66,66,66,66,66,66,66,66,66,66,66,66,66,66,66,66,66,66,66,66,66,66,66,66],"relic_stats":{"Regal Pillow":0,"Torii":0,"counters":[27,127],"Sundial":[8],"Pandora\u0027s Box":["Leg Sweep","Bullet Time","Corpse Explosion","Corpse Explosion","Cloak And Dagger","Accuracy"],"PreservedInsect":554,"Whetstone":["Strike_G","Dagger Throw"],"Question Card":21,"Smiling Mask":100,"obtain_stats":[{"Regal Pillow":43,"NeowsBlessing":0,"Torii":55,"PreservedInsect":9,"Incense Burner":31,"Omamori":48,"Whetstone":25,"Paper Crane":14,"Question Card":7,"Ancient Tea Set":23,"Smiling Mask":46,"Anchor":41,"Sundial":27,"MutagenicStrength":19,"Pandora\u0027s Box":34,"Coffee Dripper":17,"Red Mask":39,"Toxic Egg 2":26,"Toy Ornithopter":10,"FossilizedHelix":29,"Ring of the Snake":0},{"Regal Pillow":19,"NeowsBlessing":0,"Torii":26,"PreservedInsect":3,"Incense Burner":15,"Omamori":23,"Whetstone":12,"Paper Crane":6,"Question Card":3,"Ancient Tea Set":11,"Smiling Mask":21,"Anchor":19,"Sundial":13,"MutagenicStrength":8,"Pandora\u0027s Box":16,"Coffee Dripper":7,"Red Mask":18,"Toxic Egg 2":12,"Toy Ornithopter":4,"FossilizedHelix":14,"Ring of the Snake":0},{"Regal Pillow":92,"NeowsBlessing":0,"Torii":118,"PreservedInsect":3,"Incense Burner":72,"Omamori":104,"Whetstone":57,"Paper Crane":18,"Question Card":3,"Ancient Tea Set":50,"Smiling Mask":98,"Anchor":92,"Sundial":59,"MutagenicStrength":33,"Pandora\u0027s Box":87,"Coffee Dripper":28,"Red Mask":91,"Toxic Egg 2":57,"Toy Ornithopter":10,"FossilizedHelix":67,"Ring of the Snake":0}],"Toy Ornithopter":30,"Ring of the Snake":[54]},"card_choices":[{"not_picked":["Underhanded Strike","Poisoned Stab"],"picked":"Flying Knee","floor":1},{"not_picked":["Flying Knee","Leg Sweep"],"picked":"Bouncing Flask","floor":5},{"not_picked":["Cloak And Dagger","Outmaneuver"],"picked":"Riddle With Holes","floor":7},{"not_picked":["Poisoned Stab","Predator","Expertise"],"picked":"Dagger Throw","floor":10},{"not_picked":["Blade Dance","Setup","Finisher"],"picked":"Well Laid Plans","floor":12},{"not_picked":["Masterful Stab","Flechettes","Sucker Punch"],"picked":"Wraith Form v2","floor":14},{"not_picked":["Burst","Unload","Envenom"],"picked":"Bullet Time","floor":16},{"not_picked":["PiercingWail","Dodge and Roll","Cloak And Dagger","Deflect"],"picked":"SKIP","floor":18},{"not_picked":["Catalyst","Sucker Punch","Calculated Gamble"],"picked":"Footwork+1","floor":21},{"not_picked":["Deadly Poison","Outmaneuver","Skewer"],"picked":"Malaise","floor":22},{"not_picked":["PiercingWail","Riddle With Holes","Outmaneuver"],"picked":"Burst","floor":23},{"not_picked":["Accuracy","Flying Knee","Endless Agony"],"picked":"Corpse Explosion","floor":25},{"not_picked":["Bouncing Flask+1","PiercingWail+1","Predator"],"picked":"Tools of the Trade","floor":27},{"not_picked":["Poisoned Stab+1","Dodge and Roll+1","Blade Dance+1","Terror+1"],"picked":"SKIP","floor":28},{"not_picked":["Deadly Poison+1","Footwork","Masterful Stab"],"picked":"Tactician+1","floor":31},{"not_picked":["Tools of the Trade","Die Die Die","Grand Finale"],"picked":"Adrenaline+1","floor":33},{"not_picked":["Masterful Stab+1","Bane","Sucker Punch+1"],"picked":"Catalyst+1","floor":35},{"not_picked":["Well Laid Plans","Poisoned Stab","Masterful Stab","Finisher"],"picked":"SKIP","floor":37},{"not_picked":["Calculated Gamble+1","Die Die Die","Bouncing Flask+1"],"picked":"Leg Sweep+1","floor":41},{"not_picked":["Poisoned Stab","Deadly Poison+1","Slice+1","PiercingWail+1"],"picked":"SKIP","floor":44},{"not_picked":["Deadly Poison+1","PiercingWail+1","Poisoned Stab+1"],"picked":"Malaise+1","floor":46},{"not_picked":["Cloak And Dagger+1","Dodge and Roll+1","Deflect+1"],"picked":"Caltrops","floor":47},{"not_picked":["Finisher","Noxious Fumes","Underhanded Strike+1","Escape Plan+1"],"picked":"SKIP","floor":48},{"not_picked":["Dagger Throw+1","Concentrate+1","Setup+1","Outmaneuver+1"],"picked":"SKIP","floor":55}],"player_experience":2538906,"relics_obtained":[{"floor":7,"key":"Question Card"},{"floor":9,"key":"PreservedInsect"},{"floor":10,"key":"Toy Ornithopter"},{"floor":14,"key":"Paper Crane"},{"floor":23,"key":"Ancient Tea Set"},{"floor":25,"key":"Whetstone"},{"floor":26,"key":"Toxic Egg 2"},{"floor":27,"key":"Sundial"},{"floor":31,"key":"Incense Burner"},{"floor":41,"key":"Anchor"},{"floor":43,"key":"Regal Pillow"},{"floor":46,"key":"Smiling Mask"},{"floor":48,"key":"Omamori"},{"floor":55,"key":"Torii"}],"event_choices":[{"cards_removed":["Strike_G"],"damage_healed":0,"gold_gain":0,"player_choice":"Card Removal","damage_taken":0,"max_hp_gain":0,"max_hp_loss":0,"event_name":"The Cleric","floor":2,"gold_loss":75},{"cards_removed":["Defend_G"],"damage_healed":0,"gold_gain":0,"player_choice":"Forget","damage_taken":0,"max_hp_gain":0,"max_hp_loss":0,"event_name":"Living Wall","floor":3,"gold_loss":0},{"damage_healed":0,"gold_gain":0,"player_choice":"Inject Mutagens","damage_taken":0,"relics_obtained":["MutagenicStrength"],"max_hp_gain":0,"max_hp_loss":0,"event_name":"Drug Dealer","floor":19,"gold_loss":0},{"damage_healed":0,"gold_gain":0,"player_choice":"Opened","damage_taken":0,"relics_obtained":["FossilizedHelix"],"max_hp_gain":0,"max_hp_loss":0,"event_name":"The Mausoleum","floor":29,"gold_loss":0,"cards_obtained":["Writhe"]},{"cards_removed":["Neutralize"],"damage_healed":0,"gold_gain":0,"player_choice":"Removed Attack","damage_taken":0,"max_hp_gain":0,"max_hp_loss":0,"event_name":"Falling","floor":38,"gold_loss":0},{"damage_healed":0,"gold_gain":0,"player_choice":"Paid","damage_taken":0,"relics_obtained":["Red Mask"],"max_hp_gain":0,"max_hp_loss":0,"event_name":"Tomb of Lord Red Mask","floor":39,"gold_loss":102}],"is_beta":false,"boss_relics":[{"not_picked":["Tiny House","Sozu"],"picked":"Coffee Dripper"},{"not_picked":["Fusion Hammer","SacredBark"],"picked":"Pandora\u0027s Box"}],"items_purged_floors":[13,20,36,54],"is_endless":false,"potions_floor_spawned":[1,10,12,21,23,25,27,41,44,46],"ascension_level":20}}