{"host":"Rich","time":1608609763,"event":{"mods":["AchievementEnabler","BaseMod","Highlight Path","Minty Spire (QoL Compilation)","Relic Stats"],"gold_per_floor":[109,109,23,39,39,65,30,57,133,133,166,185,229,249,249,249,249],"floor_reached":16,"playtime":704,"items_purged":[],"score":306,"play_id":"28e77d71-9908-4a2e-9952-86f0bcb07b0e","local_time":"20201221230243","is_ascension_mode":true,"campfire_choices":[{"floor":10.0,"key":"REST"},{"floor":15.0,"key":"REST"}],"circlet_count":0,"master_deck":["AscendersBane","Strike_G","Strike_G","Strike_G","Strike_G","Defend_G","Defend_G","Defend_G","Defend_G","Defend_G","Survivor","Neutralize","Poisoned Stab","Catalyst","Predator","Deadly Poison","Poisoned Stab","Wraith Form v2","Deflect+1"],"relics":["Ring of the Snake","NeowsBlessing","Centennial Puzzle","Blue Candle","Strawberry","Singing Bowl","Toxic Egg 2","CeramicFish"],"acts_visited":["Exordium"],"potions_floor_usage":[],"damage_taken":[{"damage":0.0,"enemies":"Jaw Worm","floor":1.0,"turns":1.0},{"damage":0.0,"enemies":"2 Louse","floor":4.0,"turns":1.0},{"damage":0.0,"enemies":"Lagavulin","floor":6.0,"turns":1.0},{"damage":14.0,"enemies":"Gremlin Nob","floor":8.0,"turns":3.0},{"damage":27.0,"enemies":"3 Sentries","floor":11.0,"turns":10.0},{"damage":1.0,"enemies":"Cultist","floor":12.0,"turns":3.0},{"damage":19.0,"enemies":"Lagavulin","floor":13.0,"turns":4.0},{"damage":1.0,"enemies":"Looter","floor":14.0,"turns":3.0},{"damage":30,"enemies":"Slime Boss","floor":16,"turns":8}],"seed_played":"-1039851109285805819","potions_obtained":[{"floor":4.0,"key":"GhostInAJar"},{"floor":6.0,"key":"LiquidMemories"},{"floor":11.0,"key":"CunningPotion"},{"floor":12.0,"key":"SteroidPotion"},{"floor":14.0,"key":"SpeedPotion"}],"is_trial":false,"path_per_floor":["M","?","$","M","?","E","?","E","T","R","E","M","E","M","R","B"],"character_chosen":"THE_SILENT","items_purchased":["Catalyst"],"campfire_rested":2,"item_purchase_floors":[3],"current_hp_per_floor":[59,52,52,52,26,26,42,35,35,56,31,32,13,12,35,5,5],"gold":249,"neow_bonus":"THREE_ENEMY_KILL","is_daily":false,"chose_seed":false,"campfire_upgraded":0,"win_rate":0.0,"timestamp":1608609763,"path_taken":["M","?","$","M","?","E","?","E","T","R","E","M","E","M","R","BOSS"],"items_purchased_type":["Card"],"build_version":"2020-12-18","purchased_purges":0,"victory":false,"max_hp_per_floor":[66,66,66,66,66,66,66,73,73,73,75,77,77,77,77,77,77],"relic_stats":{"Centennial Puzzle":[18],"Singing Bowl":4,"counters":[9,34],"Blue Candle":[0],"CeramicFish":18,"obtain_stats":[{"Centennial Puzzle":5,"NeowsBlessing":0,"Singing Bowl":9,"Blue Candle":6,"Strawberry":8,"CeramicFish":13,"Toxic Egg 2":11,"Ring of the Snake":0},{"Centennial Puzzle":2,"NeowsBlessing":0,"Singing Bowl":4,"Blue Candle":3,"Strawberry":4,"CeramicFish":7,"Toxic Egg 2":5,"Ring of the Snake":0},{"Centennial Puzzle":2,"NeowsBlessing":0,"Singing Bowl":6,"Blue Candle":3,"Strawberry":6,"CeramicFish":23,"Toxic Egg 2":16,"Ring of the Snake":0}],"Ring of the Snake":[18]},"card_choices":[{"not_picked":["PiercingWail","Backflip"],"picked":"Poisoned Stab","floor":1.0},{"not_picked":["Calculated Gamble","Flechettes"],"picked":"Predator","floor":4.0},{"not_picked":["Cloak And Dagger","Underhanded Strike"],"picked":"Deadly Poison","floor":6.0},{"not_picked":["Quick Slash","Riddle With Holes"],"picked":"Poisoned Stab","floor":8.0},{"not_picked":["Slice","Dagger Throw","Well Laid Plans"],"picked":"Singing Bowl","floor":11.0},{"not_picked":["Flying Knee","Riddle With Holes","Dagger Spray"],"picked":"Singing Bowl","floor":12.0},{"not_picked":["Dash","Blade Dance+1"],"picked":"Wraith Form v2","floor":13.0},{"not_picked":["Bane","Blade Dance+1"],"picked":"Deflect+1","floor":14.0}],"player_experience":1923017,"relics_obtained":[{"floor":6.0,"key":"Blue Candle"},{"floor":8.0,"key":"Strawberry"},{"floor":9.0,"key":"Singing Bowl"},{"floor":11.0,"key":"Toxic Egg 2"},{"floor":13.0,"key":"CeramicFish"}],"event_choices":[{"cards_removed":["Strike_G"],"damage_healed":0.0,"max_hp_gain":0.0,"max_hp_loss":0.0,"gold_gain":0.0,"event_name":"Golden Wing","player_choice":"Card Removal","floor":2.0,"gold_loss":0.0,"damage_taken":7.0},{"damage_healed":0.0,"max_hp_gain":0.0,"max_hp_loss":0.0,"gold_gain":0.0,"event_name":"Scrap Ooze","player_choice":"Success","floor":5.0,"gold_loss":0.0,"damage_taken":26.0,"relics_obtained":["Centennial Puzzle"]},{"damage_healed":16.0,"max_hp_gain":0.0,"max_hp_loss":0.0,"gold_gain":0.0,"event_name":"The Cleric","player_choice":"Healed","floor":7.0,"gold_loss":35.0,"damage_taken":0.0}],"is_beta":true,"boss_relics":[],"items_purged_floors":[],"is_endless":false,"potions_floor_spawned":[4,6,11,12,14],"killed_by":"Slime Boss","ascension_level":20}}