{"host":"zksvs3x2ysy9npnz","time":1608646103,"event":{"mods":["Aspiration","BaseMod","Beaked The Cultist","BetterRewards","CatGirl Mod","Clockwork Mod","Conspire","Energized Spire","Fiend Mod","Friendly Minions","Halation","Hermit","Highlight Path","Hubris","Jedi Mod","Minty Spire (QoL Compilation)","Permanent Neow","Quick Restart","Relic Stats","Replay The Spire","Shop Mod","StSLib","SuperFastMode","The Blackbeard","The Bladedancer","The Construct"],"gold_per_floor":[113,125,44,44,44,44,79,79,79,79,113,125,136,167,167,268,268,280,280,280,295,312,312,331,331,384,299,326,378,478,495,495,495,495],"floor_reached":33,"playtime":2152,"items_purged":[],"score":425,"play_id":"9c197e76-272d-483e-865b-74cf1ab6454e","local_time":"20201222150823","is_ascension_mode":true,"campfire_choices":[{"data":"Fiend:FiendMeditate","floor":6.0,"key":"SMITH"},{"floor":8.0,"key":"RECALL"},{"floor":15,"key":"REST"},{"floor":23,"key":"REST"},{"floor":25,"key":"REST"},{"floor":32,"key":"DIG"}],"circlet_count":0,"master_deck":["AscendersBane","Fiend:FiendDemonSlash","Fiend:FiendDemonSlash","Fiend:FiendDemonSlash","Fiend:FiendDemonSlash","Fiend:FiendDemonSlash","Fiend:FiendFortify","Fiend:FiendFortify","Fiend:FiendFortify","Fiend:FiendFortify","Fiend:FiendConsume","Fiend:FiendMeditate+1","Fiend:FiendMeditate","Fiend:FiendDemonWhip","Fiend:FiendDemonWhip"],"relics":["Fiend:FiendTotem","aspiration:EmptySkull","halation:LostSnail","hubris:Towel","Toy Ornithopter","aspiration:FetidBarrel","Singing Bowl","Pet Ghost","jedi:hotpepper","halation:EternalFortune","aspiration:Lifesprig","Blue Candle","Orichalcum","Omamori"],"acts_visited":["Exordium","TheCity"],"potions_floor_usage":[28,28,31,33],"damage_taken":[{"damage":2.0,"enemies":"Cultist","floor":1.0,"turns":3.0},{"damage":4.0,"enemies":"Jaw Worm","floor":2.0,"turns":3.0},{"damage":35.0,"enemies":"Replay:BlueRogue","floor":7.0,"turns":11.0},{"damage":35.0,"enemies":"Lagavulin","floor":11.0,"turns":6.0},{"damage":0.0,"enemies":"2 Louse","floor":12.0,"turns":3.0},{"damage":1.0,"enemies":"Large Slime","floor":13.0,"turns":4.0},{"damage":20,"enemies":"3 Sentries","floor":14,"turns":7},{"damage":17,"enemies":"Slime Boss","floor":16,"turns":9},{"damage":15,"enemies":"Shell Parasite","floor":18,"turns":5},{"damage":6,"enemies":"3 Byrds","floor":21,"turns":5},{"damage":35,"enemies":"Snake Plant","floor":22,"turns":5},{"damage":11,"enemies":"Centurion and Healer","floor":24,"turns":11},{"damage":15,"enemies":"Gremlin Leader","floor":28,"turns":4},{"damage":10,"enemies":"Chosen and Byrds","floor":31,"turns":6},{"damage":76,"enemies":"Collector","floor":33,"turns":6}],"seed_played":"3182099581676948888","potions_obtained":[{"floor":1.0,"key":"Explosive Potion"},{"floor":2.0,"key":"conspire:TimeTravelPotion"},{"floor":11.0,"key":"Explosive Potion"},{"floor":14,"key":"Strength Potion"},{"floor":18,"key":"Death Potion"},{"floor":22,"key":"SkillPotion"},{"floor":28,"key":"Block Potion"}],"is_trial":false,"path_per_floor":["M","M","$","?","?","R","E","R","T","?","E","M","M","E","R","B",null,"M","?","?","M","M","R","M","R","T","?","E","T","?","M","R","B"],"character_chosen":"THE_FIEND","items_purchased":["halation:LostSnail"],"campfire_rested":3,"item_purchase_floors":[3],"current_hp_per_floor":[61,57,57,57,57,57,44,44,44,44,11,11,20,6,28,17,48,37,37,39,37,7,26,23,43,43,43,43,43,43,41,41,0,0],"gold":495,"neow_bonus":"RANDOM_COMMON_RELIC","is_daily":false,"chose_seed":false,"campfire_upgraded":1,"win_rate":0.0,"timestamp":1608646103,"path_taken":["M","M","?","?","?","R","E","R","T","?","E","M","M","E","R","BOSS","M","?","?","?","?","R","M","R","T","?","E","?","?","M","R","BOSS"],"items_purchased_type":["Relic"],"build_version":"2020-12-13","purchased_purges":0,"victory":false,"max_hp_per_floor":[70,70,70,70,70,70,70,70,70,70,72,72,72,75,75,78,58,60,60,62,64,66,66,68,68,68,68,70,70,70,71,71,72,72],"relic_stats":{"Singing Bowl":18,"counters":[15,88],"Blue Candle":[3],"Orichalcum":[0],"obtain_stats":[{"aspiration:Lifesprig":26,"Singing Bowl":11,"aspiration:FetidBarrel":9,"Blue Candle":27,"Omamori":32,"hubris:Towel":5,"Orichalcum":28,"Fiend:FiendTotem":0,"Pet Ghost":14,"aspiration:EmptySkull":0,"jedi:hotpepper":17,"halation:EternalFortune":20,"halation:LostSnail":3,"Toy Ornithopter":7},{"aspiration:Lifesprig":12,"Singing Bowl":4,"aspiration:FetidBarrel":3,"Blue Candle":12,"Omamori":14,"hubris:Towel":2,"Orichalcum":13,"Fiend:FiendTotem":0,"Pet Ghost":7,"aspiration:EmptySkull":0,"jedi:hotpepper":8,"halation:EternalFortune":9,"halation:LostSnail":2,"Toy Ornithopter":3},{"aspiration:Lifesprig":72,"Singing Bowl":23,"aspiration:FetidBarrel":17,"Blue Candle":72,"Omamori":82,"hubris:Towel":6,"Orichalcum":76,"Fiend:FiendTotem":0,"Pet Ghost":37,"aspiration:EmptySkull":0,"jedi:hotpepper":46,"halation:EternalFortune":51,"halation:LostSnail":6,"Toy Ornithopter":17}],"Toy Ornithopter":30},"card_choices":[{"not_picked":["Fiend:FiendAlchemeat","Fiend:FiendBackFromHell","Fiend:FiendVaccine"],"picked":"SKIP","floor":1.0},{"not_picked":["Fiend:FiendSliceAndDice","Fiend:FiendMeatShield"],"picked":"Fiend:FiendMeditate","floor":2.0},{"not_picked":["Fiend:FiendBlackMarket","Fiend:FiendMeatPaste"],"picked":"Fiend:FiendMeditate","floor":7.0},{"not_picked":["Fiend:FiendFiendsGrip","Fiend:FiendRam","Fiend:FiendDeepenWound"],"picked":"Singing Bowl","floor":11.0},{"not_picked":["Fiend:FiendRam","Fiend:FiendGreaterDemonSlash"],"picked":"Fiend:FiendDemonWhip","floor":12.0},{"not_picked":["Fiend:FiendRadiation","Fiend:FiendDemonicContract"],"picked":"Fiend:FiendDemonWhip","floor":13.0},{"not_picked":["Fiend:FiendSplat","Fiend:FiendMasochism","Fiend:FiendDemonWhip"],"picked":"Singing Bowl","floor":14},{"not_picked":["Fiend:FiendHellBeam","Fiend:FiendMutilation","Fiend:FiendBribery"],"picked":"Singing Bowl","floor":16},{"not_picked":["Fiend:FiendSplat","Fiend:FiendBlackMarket","Fiend:FiendRage"],"picked":"Singing Bowl","floor":18},{"not_picked":["Fiend:FiendFleshWhip","Fiend:FiendHarden","Fiend:FiendAbomination"],"picked":"Singing Bowl","floor":21},{"not_picked":["Fiend:FiendRage+1","Fiend:FiendRam","Fiend:FiendConserve"],"picked":"Singing Bowl","floor":22},{"not_picked":["Fiend:FiendVaccine+1","Fiend:FiendSplat+1","Fiend:FiendMeatShield"],"picked":"Singing Bowl","floor":24},{"not_picked":["Fiend:FiendBackFromHell","Fiend:FiendVaccine","Fiend:FiendRampage"],"picked":"Singing Bowl","floor":28},{"not_picked":["Fiend:FiendRampage","Fiend:FiendRage+1","Fiend:FiendConserve"],"picked":"Singing Bowl","floor":31}],"player_experience":1531518,"relics_obtained":[{"floor":7.0,"key":"Toy Ornithopter"},{"floor":9.0,"key":"aspiration:FetidBarrel"},{"floor":11.0,"key":"Singing Bowl"},{"floor":14,"key":"Pet Ghost"},{"floor":26,"key":"aspiration:Lifesprig"},{"floor":28,"key":"Orichalcum"},{"floor":32,"key":"Omamori"}],"event_choices":[{"damage_healed":0.0,"max_hp_gain":0.0,"max_hp_loss":0.0,"gold_gain":0.0,"event_name":"conspire:Investor","player_choice":"Leave","floor":4.0,"gold_loss":0.0,"damage_taken":0.0},{"damage_healed":0.0,"max_hp_gain":0.0,"max_hp_loss":0.0,"gold_gain":0.0,"event_name":"conspire:LoneGhost","player_choice":"Disagree","floor":10.0,"gold_loss":0.0,"damage_taken":0.0},{"damage_healed":0,"gold_gain":0,"player_choice":"Obtained Relic","damage_taken":0,"relics_obtained":["Blue Candle"],"max_hp_gain":0,"max_hp_loss":0,"event_name":"Addict","floor":27,"gold_loss":85},{"damage_healed":0,"gold_gain":100,"player_choice":"Pray","damage_taken":0,"max_hp_gain":0,"max_hp_loss":0,"event_name":"Golden Shrine","floor":30,"gold_loss":0}],"is_beta":false,"boss_relics":[{"not_picked":["energizedSpire:NeverEndingSparkler","Replay:Ancient Bell"],"picked":"jedi:hotpepper"}],"items_purged_floors":[],"is_endless":false,"potions_floor_spawned":[1,2,11,14,18,22,28],"killed_by":"Collector","ascension_level":10}}