{"host":"pc7bizyp7423q6r6","time":1608612991,"event":{"mods":["AchievementEnabler","Act Like it!","Aspiration","BaseMod","Better Match","Better Note","Better Third Choice","BetterRewards","Block Reminder","Conspire","Disable Question Mark Monsters","Emptier Cage","GifTheSpireLib","Hubris","Infinite Spire","Minty Spire (QoL Compilation)","Rare Cards Sparkle","Relic Stats","Replay The Spire","Robot Space Explorer","Spicy Shops","StSLib","Stuff the Spire","The Blue Laboratory","The Cursed","Wandering Minibosses","everything is the same but u backflip on backflip"],"gold_per_floor":[116,116,130,145,95,95,152,152,152,178,193,229,42,317,317,399,399,434,445,445,445,118,118,118,118,118,141,161,196,214,230,230,303,303,313,333,333,333,346,346,387,407,483,136,147,147,163,196,196,196,221],"floor_reached":52,"playtime":1753,"items_purged":["Strike_R","Strike_R","Strike_R","Strike_R","hubris:Despair","Defend_R"],"score":2462,"play_id":"c9ea3117-5f75-40ab-bd6b-15eac2614fa8","local_time":"20201221225631","is_ascension_mode":true,"campfire_choices":[{"data":"infinitespire:OneForAll","floor":6.0,"key":"SMITH"},{"floor":15.0,"key":"DIG"},{"data":"True Grit","floor":23.0,"key":"SMITH"},{"floor":25.0,"key":"DIG"},{"floor":32.0,"key":"REST"},{"data":"Hemogenesis","floor":40.0,"key":"SMITH"},{"data":"Pummel","floor":46,"key":"SMITH"},{"data":"Limit Break","floor":49,"key":"SMITH"}],"circlet_count":0,"master_deck":["AscendersBane","Defend_R","Defend_R","Defend_R","Bash","infinitespire:OneForAll+1","Twin Strike","Pummel+1","Inflame","Headbutt","conspire:SpireCoStock","Shrug It Off","True Grit+1","Replay:Many Hands+1","Whirlwind","Panacea","infinitespire:OneForAll+1","ReplayTheSpireMod:Stacked","Offering+1","Hemogenesis+1","conspire:ExplosiveBarrier","StuffTheSpire:Rapture","Limit Break+1"],"relics":["Burning Blood","Membership Card","Ginger","infinitespire:CursedDice","Calipers","StuffTheSpire:Nightcore","Brimstone","Bronze Scales","StuffTheSpire:NeowsTribute","Replay:Multitool","Quantum Egg","hubris:FunFungus","conspire:TreasureMap","Tiny Chest","Sozu","conspire:TopHat","Oddly Smooth Stone","DollysMirror","conspire:DeflatedDodgeball","Garlic","Replay:Bottled Flurry","wanderingMiniBosses:CarrionFlame","Ice Cream","hubris:HollowSoul","Replay:Ringing Soul","Guide Book","Gambling Chip","StuffTheSpire:Rhapsscallions"],"acts_visited":["Exordium","TheCity","TheBeyond"],"potions_floor_usage":[],"damage_taken":[{"damage":8.0,"enemies":"Jaw Worm","floor":1.0,"turns":2.0},{"damage":0.0,"enemies":"Cultist","floor":3.0,"turns":2.0},{"damage":3.0,"enemies":"conspire:RoseBush","floor":4.0,"turns":3.0},{"damage":21.0,"enemies":"3 Sentries","floor":7.0,"turns":4.0},{"damage":4.0,"enemies":"Exordium Thugs","floor":11.0,"turns":3.0},{"damage":20.0,"enemies":"Gremlin Gang","floor":12.0,"turns":6.0},{"damage":10.0,"enemies":"Slime Boss","floor":16.0,"turns":7.0},{"damage":2.0,"enemies":"Chosen","floor":18.0,"turns":3.0},{"damage":0.0,"enemies":"Spheric Guardian","floor":19.0,"turns":3.0},{"damage":9.0,"enemies":"Snecko","floor":27.0,"turns":3.0},{"damage":32.0,"enemies":"3 Cultists","floor":28.0,"turns":4.0},{"damage":9.0,"enemies":"Slavers","floor":29.0,"turns":3.0},{"damage":1.0,"enemies":"Centurion and Healer","floor":30.0,"turns":3.0},{"damage":18.0,"enemies":"Snecko","floor":31.0,"turns":2.0},{"damage":8.0,"enemies":"Automaton","floor":33.0,"turns":4.0},{"damage":9.0,"enemies":"3 Shapes","floor":35.0,"turns":2.0},{"damage":6.0,"enemies":"3 Darklings","floor":36.0,"turns":2.0},{"damage":12.0,"enemies":"4 Shapes","floor":39.0,"turns":2.0},{"damage":7.0,"enemies":"Sphere and 2 Shapes","floor":41.0,"turns":5.0},{"damage":12,"enemies":"3 Darklings","floor":42,"turns":2},{"damage":1,"enemies":"Maw","floor":45,"turns":3},{"damage":6,"enemies":"Spire Growth","floor":47,"turns":2},{"damage":0,"enemies":"R_Hoarder","floor":48,"turns":4},{"damage":37,"enemies":"Donu and Deca","floor":50,"turns":4},{"damage":13,"enemies":"hubris:GrandSnecko","floor":51,"turns":6}],"seed_played":"8683332546680276828","potions_obtained":[{"floor":1.0,"key":"blueLaboratory:BottleOfRum"},{"floor":7.0,"key":"ColorlessPotion"}],"is_trial":false,"path_per_floor":["M","?","M","M","?","R","E","$","T","T","M","M","$","?","R","B",null,"M","M","?","?","$","R","T","R","T","M","M","E","M","M","R","B",null,"M","M","?","?","M","R","M","M","T","$","M","R","M","E","R","B","B",null],"character_chosen":"IRONCLAD","items_purchased":["Membership Card","Ginger","infinitespire:CursedDice","Fire Breathing","Intimidate","infinitespire:OneForAll","Brimstone","Bronze Scales","Twin Strike","conspire:TreasureMap","True Grit","Panacea","Oddly Smooth Stone","DollysMirror","Guide Book","Gambling Chip"],"campfire_rested":1,"item_purchase_floors":[0,0,0,0,0,0,0,0,0,13,13,22,22,22,44,44],"current_hp_per_floor":[19,19,25,28,28,28,13,13,13,13,15,51,51,51,51,47,68,73,75,75,75,75,75,75,75,75,72,46,43,49,37,59,60,71,75,75,75,75,69,69,75,69,69,69,74,74,78,80,80,57,59],"gold":221,"neow_bonus":"","is_daily":false,"chose_seed":false,"campfire_upgraded":5,"win_rate":0.0,"timestamp":1608612991,"path_taken":["M","?","?","M","?","R","E","?","T","?","?","M","?","?","R","BOSS","M","?","?","?","$","R","?","R","T","M","M","E","M","M","R","BOSS","M","M","?","?","?","R","M","M","T","$","M","R","M","E","R","BOSS","BOSS"],"items_purchased_type":["Relic","Relic","Relic","Card","Card","Card","Relic","Relic","Card","Relic","Card","Card","Relic","Relic","Relic","Relic"],"build_version":"2020-12-13","purchased_purges":6,"victory":true,"max_hp_per_floor":[75,75,75,75,75,75,75,75,75,75,75,75,75,75,75,75,75,75,75,75,75,75,75,75,75,75,75,75,75,75,75,75,75,75,75,75,75,75,75,75,75,75,75,75,75,75,78,80,80,80,80],"relic_stats":{"Sozu":8,"counters":[62,240],"Bronze Scales":[154],"Gambling Chip":[11],"Tiny Chest":1,"Ginger":[10],"obtain_stats":[{"Ice Cream":29,"Calipers":0,"Gremlin Horn":10,"StuffTheSpire:Rhapsscallions":48,"Ginger":0,"Sozu":17,"Replay:Ringing Soul":43,"DollysMirror":22,"Replay:Bottled Flurry":9,"Replay:Wax Seal":8,"StuffTheSpire:NeowsTribute":0,"conspire:TreasureMap":13,"aspiration:Nostalgia":0,"Oddly Smooth Stone":22,"hubris:HollowSoul":34,"aspiration:HiddenCompartment":29,"ReplayTheSpireMod:Shallot":36,"Brimstone":19,"Bronze Scales":0,"Mark of Pain":17,"StrikeDummy":36,"Darkstone Periapt":7,"wanderingMiniBosses:AbyssPearl":48,"Juzu Bracelet":12,"Replay:Multitool":0,"Empty Cage":34,"Ancient Tea Set":43,"Burning Blood":0,"conspire:TopHat":20,"ClockworkSouvenir":36,"Replay:Bandana":26,"StuffTheSpire:HeavyRock":10,"Gambling Chip":44,"Tiny Chest":15,"hubris:FunFungus":9,"StuffTheSpire:Nightcore":0,"infinitespire:Eraser":23,"StuffTheSpire:TintedRock":12,"NeowsBlessing":0,"hubris:64BitClover":9,"infinitespire:CursedDice":0,"Guide Book":36,"Quantum Egg":7,"StuffTheSpire:Expresso":21,"MawBank":9,"infinitespire:DarkRift":0,"wanderingMiniBosses:CarrionFlame":28,"Snack Pack":47,"Garlic":25,"Membership Card":0,"conspire:DeflatedDodgeball":24,"hubris:OldNail":6,"Toy Ornithopter":25,"TungstenRod":40,"infinitespire:Midas Blood":6},{"Ice Cream":49,"Calipers":37,"Gremlin Horn":17,"StuffTheSpire:Rhapsscallions":60,"Ginger":37,"Sozu":44,"Replay:Ringing Soul":57,"DollysMirror":46,"Replay:Bottled Flurry":16,"Replay:Wax Seal":4,"StuffTheSpire:NeowsTribute":37,"conspire:TreasureMap":43,"aspiration:Nostalgia":12,"Oddly Smooth Stone":46,"hubris:HollowSoul":52,"aspiration:HiddenCompartment":26,"ReplayTheSpireMod:Shallot":29,"Brimstone":21,"Bronze Scales":37,"Mark of Pain":20,"StrikeDummy":29,"Darkstone Periapt":16,"wanderingMiniBosses:AbyssPearl":35,"Juzu Bracelet":11,"Replay:Multitool":37,"Empty Cage":28,"Ancient Tea Set":32,"Burning Blood":0,"conspire:TopHat":46,"ClockworkSouvenir":29,"Replay:Bandana":23,"StuffTheSpire:HeavyRock":41,"Gambling Chip":57,"Tiny Chest":43,"hubris:FunFungus":41,"StuffTheSpire:Nightcore":37,"infinitespire:Eraser":22,"StuffTheSpire:TintedRock":17,"NeowsBlessing":0,"hubris:64BitClover":10,"infinitespire:CursedDice":37,"Guide Book":29,"Quantum Egg":41,"StuffTheSpire:Expresso":21,"MawBank":4,"infinitespire:DarkRift":12,"wanderingMiniBosses:CarrionFlame":48,"Snack Pack":34,"Garlic":46,"Membership Card":37,"conspire:DeflatedDodgeball":46,"hubris:OldNail":9,"Toy Ornithopter":23,"TungstenRod":31,"infinitespire:Midas Blood":3},{"Ice Cream":200,"Calipers":157,"Gremlin Horn":68,"StuffTheSpire:Rhapsscallions":230,"Ginger":157,"Sozu":184,"Replay:Ringing Soul":221,"DollysMirror":190,"Replay:Bottled Flurry":64,"Replay:Wax Seal":13,"StuffTheSpire:NeowsTribute":157,"conspire:TreasureMap":177,"aspiration:Nostalgia":51,"Oddly Smooth Stone":190,"hubris:HollowSoul":209,"aspiration:HiddenCompartment":106,"ReplayTheSpireMod:Shallot":115,"Brimstone":91,"Bronze Scales":157,"Mark of Pain":87,"StrikeDummy":115,"Darkstone Periapt":64,"wanderingMiniBosses:AbyssPearl":144,"Juzu Bracelet":37,"Replay:Multitool":157,"Empty Cage":113,"Ancient Tea Set":129,"Burning Blood":0,"conspire:TopHat":190,"ClockworkSouvenir":115,"Replay:Bandana":99,"StuffTheSpire:HeavyRock":168,"Gambling Chip":221,"Tiny Chest":177,"hubris:FunFungus":168,"StuffTheSpire:Nightcore":157,"infinitespire:Eraser":95,"StuffTheSpire:TintedRock":68,"NeowsBlessing":0,"hubris:64BitClover":30,"infinitespire:CursedDice":157,"Guide Book":115,"Quantum Egg":168,"StuffTheSpire:Expresso":91,"MawBank":13,"infinitespire:DarkRift":51,"wanderingMiniBosses:CarrionFlame":197,"Snack Pack":138,"Garlic":190,"Membership Card":157,"conspire:DeflatedDodgeball":190,"hubris:OldNail":26,"Toy Ornithopter":99,"TungstenRod":125,"infinitespire:Midas Blood":3}],"Burning Blood":313},"card_choices":[{"not_picked":["Shrug It Off","Flame Barrier"],"picked":"Pummel","floor":1.0},{"not_picked":["ReplayTheSpireMod:Muscle Training","StuffTheSpire:Incineration","Rampage"],"picked":"SKIP","floor":3.0},{"not_picked":["Pommel Strike","Clash"],"picked":"Headbutt","floor":4.0},{"not_picked":["Pommel Strike","StuffTheSpire:RockThrow","Body Slam"],"picked":"SKIP","floor":7.0},{"not_picked":["Heavy Blade","Iron Wave"],"picked":"Shrug It Off","floor":11.0},{"not_picked":["Bloodletting","Thunderclap","conspire:Charge"],"picked":"SKIP","floor":12.0},{"not_picked":["Barricade","Feed"],"picked":"Replay:Many Hands","floor":16.0},{"not_picked":["StuffTheSpire:RockThrow","StuffTheSpire:Slingshot","Iron Wave+1"],"picked":"SKIP","floor":18.0},{"not_picked":["Clothesline","Rampage"],"picked":"Whirlwind","floor":19.0},{"not_picked":["Warcry","Pommel Strike","Cleave+1"],"picked":"SKIP","floor":27.0},{"not_picked":["Metallicize","Seeing Red+1"],"picked":"ReplayTheSpireMod:Stacked","floor":28.0},{"not_picked":["Twin Strike","Replay:Undeath\u0027s Touch","Whirlwind"],"picked":"SKIP","floor":29.0},{"not_picked":["Sword Boomerang","Body Slam"],"picked":"Offering","floor":30.0},{"not_picked":["Headbutt","hubris:ReadiedAction","Inflame"],"picked":"SKIP","floor":31.0},{"not_picked":["conspire:HitWhereItHurts","Bludgeon"],"picked":"Hemogenesis","floor":33.0},{"not_picked":["Iron Wave","Flex","Sentinel"],"picked":"SKIP","floor":35.0},{"not_picked":["Clash+1","ReplayTheSpireMod:Muscle Training"],"picked":"conspire:ExplosiveBarrier","floor":36.0},{"not_picked":["StuffTheSpire:Brawn","StuffTheSpire:Harmony"],"picked":"StuffTheSpire:Rapture","floor":37.0},{"not_picked":["Flex+1","StuffTheSpire:Incineration+1","Combust"],"picked":"SKIP","floor":39.0},{"not_picked":["Wild Strike","Headbutt","StuffTheSpire:Pyroclast"],"picked":"SKIP","floor":41},{"not_picked":["StuffTheSpire:RockThrow","Thunderclap","Defy Death+1"],"picked":"SKIP","floor":42},{"not_picked":["Massacre","True Grit","StuffTheSpire:Resist+1"],"picked":"SKIP","floor":45},{"not_picked":["Replay:Undeath\u0027s Touch","Whirlwind"],"picked":"Limit Break","floor":47},{"not_picked":["Battle Trance","Clothesline","Headbutt"],"picked":"SKIP","floor":48}],"player_experience":1700695,"relics_obtained":[{"floor":7.0,"key":"Quantum Egg"},{"floor":9.0,"key":"hubris:FunFungus"},{"floor":10.0,"key":"StuffTheSpire:HeavyRock"},{"floor":15.0,"key":"Tiny Chest"},{"floor":24.0,"key":"conspire:DeflatedDodgeball"},{"floor":25.0,"key":"Garlic"},{"floor":26.0,"key":"Replay:Bottled Flurry"},{"floor":28.0,"key":"wanderingMiniBosses:CarrionFlame"},{"floor":29.0,"key":"Ice Cream"},{"floor":43,"key":"Replay:Ringing Soul"},{"floor":48,"key":"StuffTheSpire:Rhapsscallions"}],"event_choices":[{"damage_healed":0.0,"max_hp_gain":0.0,"max_hp_loss":0.0,"gold_gain":0.0,"cards_transformed":["Strike_R"],"event_name":"Transmorgrifier","player_choice":"Transformed","floor":2.0,"gold_loss":0.0,"damage_taken":0.0,"cards_obtained":["Inflame"]},{"damage_healed":0.0,"max_hp_gain":0.0,"max_hp_loss":0.0,"gold_gain":0.0,"event_name":"conspire:Investor","player_choice":"Invest 1","floor":5.0,"gold_loss":0.0,"damage_taken":0.0},{"damage_healed":0.0,"max_hp_gain":0.0,"max_hp_loss":0.0,"gold_gain":275.0,"event_name":"Golden Shrine","player_choice":"Desecrate","floor":14.0,"gold_loss":0.0,"damage_taken":0.0,"cards_obtained":["Regret"]},{"cards_removed":["Intimidate"],"damage_healed":0.0,"max_hp_gain":0.0,"max_hp_loss":0.0,"gold_gain":0.0,"event_name":"WeMeetAgain","player_choice":"Gave Card","floor":20.0,"gold_loss":0.0,"damage_taken":0.0,"relics_obtained":["conspire:TopHat"]},{"damage_healed":0.0,"max_hp_gain":0.0,"max_hp_loss":0.0,"gold_gain":0.0,"cards_transformed":["Regret"],"event_name":"Transmorgrifier","player_choice":"Transformed","floor":21.0,"gold_loss":0.0,"damage_taken":0.0,"cards_obtained":["hubris:Despair"]},{"damage_healed":0.0,"max_hp_gain":0.0,"max_hp_loss":0.0,"gold_gain":0.0,"event_name":"Lab","player_choice":"Got Potions","floor":38.0,"gold_loss":0.0,"damage_taken":0.0}],"is_beta":false,"boss_relics":[{"not_picked":["aspiration:WatcherSkillbook","Empty Cage"],"picked":"Sozu"},{"not_picked":["Runic Dome","Ring of Chaos"],"picked":"hubris:HollowSoul"}],"items_purged_floors":[0,0,0,13,22,44],"is_endless":false,"potions_floor_spawned":[1,3,7,11,19,29,31,36,41,47],"ascension_level":20}}