{"host":"vh33hu3wddwn6yt6","time":1608663294,"event":{"mods":["AchievementEnabler","Act Like it!","Aspiration","BaseMod","Better Altar","Better Match","Better Note","Better Sensory Stone","Better Skull","Better Third Choice","BetterRewards","Hubris","Infinite Spire","Minty Spire (QoL Compilation)","Permanent Neow","Replay The Spire","Shop Mod","Spicy Shops","StSLib","SuperFastMode","The Necromancer","The Servant 0.9.4","TheBandit","Wandering Minibosses"],"gold_per_floor":[111,127,127,202,202,232,232,260,260,276,295,328,142,167,167,262,262,274,274,274,291,305,305,305,325,325,338,366,366,385,56,56,151,151,164,164,8,8,8,39,39,39,39,39],"floor_reached":43,"playtime":1301,"items_purged":["Defend_S"],"score":527,"play_id":"09bfbb22-8ad9-400a-8352-ebe29fc21ccd","local_time":"20201222195454","is_ascension_mode":true,"campfire_choices":[{"floor":7,"key":"REST"},{"floor":15,"key":"REST"},{"data":"Luminosity","floor":23,"key":"SMITH"},{"data":"Barrier","floor":29,"key":"SMITH"},{"data":"SoulSculpture","floor":41,"key":"SMITH"}],"circlet_count":0,"master_deck":["Strike_S","Strike_S","Strike_S","Strike_S","Defend_S","Defend_S","KidneyShot","Exchange","Spin","Gouge+1","Sabotage","Defy","Sabotage+1","Luminosity+1","Barrier+1","Defy","DoubleEdge","SoulSculpture+1"],"relics":["Uniform","aspiration:DSix","Replay:Rubber Ducky","hubris:EmptyBottle","Darkstone Periapt","Philosopher\u0027s Stone","Blood Vial","Busted Crown","Sling","Singing Bowl","ReplayTheSpireMod:Lightbulb","Membership Card","Omamori","Replay:Wax Seal","infinitespire:Cupcake","Juzu Bracelet","MerchantsRug","hubris:Towel","Thread and Needle"],"acts_visited":["Exordium","TheCity","TheBeyond"],"potions_floor_usage":[11,12,16,18,22,25,35,35],"damage_taken":[{"damage":4,"enemies":"Cultist","floor":1,"turns":5},{"damage":1,"enemies":"Jaw Worm","floor":2,"turns":4},{"damage":17,"enemies":"Gremlin Nob","floor":6,"turns":4},{"damage":7,"enemies":"Lagavulin","floor":8,"turns":6},{"damage":0,"enemies":"2 Louse","floor":10,"turns":3},{"damage":7,"enemies":"Looter","floor":11,"turns":3},{"damage":12,"enemies":"Gremlin Nob","floor":12,"turns":4},{"damage":3,"enemies":"Lagavulin","floor":14,"turns":7},{"damage":9,"enemies":"The Guardian","floor":16,"turns":13},{"damage":8,"enemies":"Spheric Guardian","floor":18,"turns":4},{"damage":4,"enemies":"3 Byrds","floor":21,"turns":5},{"damage":12,"enemies":"Centurion and Healer","floor":22,"turns":8},{"damage":0,"enemies":"Snake Plant","floor":25,"turns":4},{"damage":0,"enemies":"Cultist and Chosen","floor":27,"turns":7},{"damage":13,"enemies":"Book of Stabbing","floor":28,"turns":5},{"damage":0,"enemies":"Shelled Parasite and Fungi","floor":30,"turns":4},{"damage":21,"enemies":"Collector","floor":33,"turns":12},{"damage":13,"enemies":"3 Darklings","floor":35,"turns":7},{"damage":0,"enemies":"Nemesis","floor":40,"turns":7}],"seed_played":"-5334523730210912335","potions_obtained":[{"floor":10,"key":"AttackPotion"},{"floor":11,"key":"BlessingOfTheForge"},{"floor":12,"key":"SpeedPotion"},{"floor":18,"key":"SkillPotion"},{"floor":22,"key":"Death Potion"},{"floor":28,"key":"Regen Potion"}],"is_trial":false,"path_per_floor":["M","M","?","?","?","E","R","E","T","M","M","E","$","E","R","B",null,"M","?","?","M","M","R","AVR","M","T","M","E","R","M","$","R","B",null,"M","?","$","?","?","E","R","?","T"],"character_chosen":"THE_SERVANT","items_purchased":["hubris:EmptyBottle","Luminosity","Membership Card","Omamori","DoubleEdge","Replay:Wax Seal","EssenceOfSteel","Juzu Bracelet","MerchantsRug","SoulSculpture"],"campfire_rested":2,"item_purchase_floors":[13,13,31,31,31,31,31,37,37,37],"current_hp_per_floor":[61,60,60,49,49,32,51,44,44,44,37,25,25,34,53,44,65,57,57,24,34,36,36,36,38,38,42,45,45,49,49,70,52,73,62,70,70,70,70,74,74,74,74,74],"gold":39,"neow_bonus":"DSIX","is_daily":false,"chose_seed":false,"campfire_upgraded":3,"win_rate":0.0,"timestamp":1608663294,"path_taken":["M","M","?","?","?","E","R","E","T","M","M","E","$","E","R","BOSS","M","?","?","M","M","R","AVR","M","T","M","E","R","M","$","R","BOSS","M","?","$","?","?","E","R","?","T"],"items_purchased_type":["Relic","Card","Relic","Relic","Card","Relic","Potion","Relic","Relic","Card"],"build_version":"2020-12-13","purchased_purges":1,"victory":false,"max_hp_per_floor":[65,65,65,65,65,65,65,65,65,65,65,65,65,65,65,65,65,65,65,65,65,65,65,65,65,65,67,69,69,71,71,71,73,73,75,75,75,75,75,77,77,77,77,77],"card_choices":[{"not_picked":["Comet","TimeWarp"],"picked":"Spin","floor":1},{"not_picked":["Comet","BottledTime"],"picked":"Gouge","floor":2},{"not_picked":["TimeWarp","Shuttle"],"picked":"Sabotage","floor":6},{"not_picked":["Alleviate","Replace","Rearm"],"picked":"SKIP","floor":8},{"not_picked":["Revamp","TimeWarp"],"picked":"Defy","floor":10},{"not_picked":["Rewind","Replace","FastForward"],"picked":"SKIP","floor":11},{"not_picked":["Alleviate","Moonlight"],"picked":"Sabotage","floor":12},{"not_picked":["ShatteredReality","FastForward","ForgedInTime"],"picked":"SKIP","floor":14},{"not_picked":["Unruled","Revamp"],"picked":"Barrier","floor":18},{"not_picked":["TheWorld","Revamp","Rewind"],"picked":"SKIP","floor":21},{"not_picked":["Rearm","StarChef"],"picked":"Defy","floor":22},{"not_picked":["Unruled"],"picked":"SKIP","floor":25},{"not_picked":["Moondial+1"],"picked":"Singing Bowl","floor":27},{"not_picked":["TimeWarp"],"picked":"Singing Bowl","floor":28},{"not_picked":["Barrier+1"],"picked":"Singing Bowl","floor":30},{"not_picked":["Dilation"],"picked":"Singing Bowl","floor":33},{"not_picked":["Replace"],"picked":"Singing Bowl","floor":35},{"not_picked":["ShatteredReality"],"picked":"Singing Bowl","floor":40}],"player_experience":401006,"relics_obtained":[{"floor":6,"key":"hubris:ToyBattleship"},{"floor":8,"key":"Replay:Rubber Ducky"},{"floor":12,"key":"Meat on the Bone"},{"floor":14,"key":"Darkstone Periapt"},{"floor":26,"key":"Singing Bowl"},{"floor":28,"key":"ReplayTheSpireMod:Lightbulb"},{"floor":40,"key":"Thread and Needle"}],"event_choices":[{"damage_healed":0,"gold_gain":0,"player_choice":"Ignored","damage_taken":127,"max_hp_gain":0,"max_hp_loss":0,"event_name":"betterThird:BetterSerpent","floor":3,"gold_loss":0},{"damage_healed":0,"gold_gain":75,"player_choice":"Gold","damage_taken":11,"max_hp_gain":0,"max_hp_loss":0,"event_name":"betterThird:BetterGoop","floor":4,"gold_loss":0},{"damage_healed":49,"gold_gain":0,"player_choice":"Leave","damage_taken":0,"max_hp_gain":0,"max_hp_loss":65,"event_name":"betterThird:BetterShining","floor":5,"gold_loss":0},{"damage_healed":0,"gold_gain":0,"player_choice":"Ignored","damage_taken":0,"max_hp_gain":0,"max_hp_loss":0,"event_name":"betterNote:BetterNote","floor":19,"gold_loss":0,"cards_obtained":["Defend_S"]},{"damage_healed":0,"gold_gain":0,"player_choice":" Vial Potion ","damage_taken":33,"relics_obtained":["Blood Vial"],"max_hp_gain":57,"max_hp_loss":24,"event_name":"betterAltar:BetterAltar","floor":20,"potions_obtained":["betterAltar:AltarPotion"],"relics_lost":[],"gold_loss":0},{"cards_removed":["Defend_S"],"damage_healed":0,"gold_gain":0,"player_choice":"Removed Skill","damage_taken":0,"max_hp_gain":0,"max_hp_loss":0,"event_name":"Falling","floor":39,"gold_loss":0},{"damage_healed":0,"gold_gain":0,"player_choice":"Upgraded","damage_taken":0,"max_hp_gain":0,"max_hp_loss":0,"event_name":"Upgrade Shrine","floor":42,"gold_loss":0,"cards_upgraded":["Gouge"]}],"is_beta":false,"boss_relics":[{"not_picked":["Cursed Key","Ring of Chaos"],"picked":"Philosopher\u0027s Stone"},{"not_picked":["aspiration:RunicSpoon","hubris:RunicObelisk"],"picked":"infinitespire:Cupcake"}],"items_purged_floors":[24],"is_endless":false,"potions_floor_spawned":[10,11,12,18,22,28,33],"ascension_level":1}}