{"host":"03a85bwj0a5skoit","time":1608616657,"event":{"mods":["BaseMod","Block Reminder","Minty Spire (QoL Compilation)","Relic Stats","StSLib"],"gold_per_floor":[99,99,24,24,24,24,24,24,24,24,24,24,24,24,24,24,24],"floor_reached":16,"playtime":420,"items_purged":["Regret"],"score":216,"play_id":"5a4c0b65-f0c9-4eff-8c74-3fb59b8eb84b","local_time":"20201222162737","is_ascension_mode":true,"campfire_choices":[{"data":"Glacier","floor":6,"key":"SMITH"},{"data":"Zap","floor":8,"key":"SMITH"},{"floor":12,"key":"REST"},{"data":"Go for the Eyes","floor":15,"key":"SMITH"}],"circlet_count":0,"master_deck":["AscendersBane","Strike_B","Strike_B","Strike_B","Strike_B","Defend_B","Defend_B","Defend_B","Zap+1","Dualcast","Glacier+1","Go for the Eyes+1","Blizzard","Static Discharge","Sweeping Beam","Self Repair"],"relics":["Ectoplasm","Kunai","Golden Idol","Bird Faced Urn","Symbiotic Virus","Boot"],"acts_visited":["Exordium"],"potions_floor_usage":[11,16],"damage_taken":[{"damage":4,"enemies":"Small Slimes","floor":1,"turns":4},{"damage":30,"enemies":"3 Sentries","floor":7,"turns":13},{"damage":0,"enemies":"Jaw Worm","floor":10,"turns":2},{"damage":14,"enemies":"Gremlin Nob","floor":11,"turns":5},{"damage":0,"enemies":"Cultist","floor":13,"turns":4},{"damage":15,"enemies":"Blue Slaver","floor":14,"turns":3},{"damage":24,"enemies":"The Guardian","floor":16,"turns":2}],"seed_played":"-2115219072255883117","potions_obtained":[{"floor":7,"key":"Ancient Potion"},{"floor":14,"key":"Swift Potion"}],"is_trial":false,"path_per_floor":["M","?","$","?","?","R","E","R","T","M","E","R","M","M","R","B"],"character_chosen":"DEFECT","items_purchased":[],"campfire_rested":1,"item_purchase_floors":[],"current_hp_per_floor":[60,60,60,60,53,53,23,23,23,23,9,28,30,17,17,0,0],"gold":24,"neow_bonus":"BOSS_RELIC","is_daily":false,"chose_seed":false,"campfire_upgraded":3,"win_rate":0.0,"timestamp":1608616657,"path_taken":["M","?","?","?","?","R","E","R","T","M","E","R","M","M","R","BOSS"],"items_purchased_type":[],"build_version":"2020-12-13","purchased_purges":1,"victory":false,"max_hp_per_floor":[71,71,71,64,64,64,64,64,64,64,64,64,64,64,64,64,64],"relic_stats":{"counters":[7,33],"Golden Idol":26,"Bird Faced Urn":[8],"Ectoplasm":139,"Kunai":[5],"Boot":[8],"obtain_stats":[{"Golden Idol":4,"Bird Faced Urn":7,"Ectoplasm":0,"Kunai":2,"Cracked Core":0,"Symbiotic Virus":9,"Boot":11},{"Golden Idol":1,"Bird Faced Urn":2,"Ectoplasm":0,"Kunai":1,"Cracked Core":0,"Symbiotic Virus":2,"Boot":4},{"Golden Idol":4,"Bird Faced Urn":17,"Ectoplasm":0,"Kunai":4,"Cracked Core":0,"Symbiotic Virus":17,"Boot":24}]},"card_choices":[{"not_picked":["Beam Cell","Self Repair"],"picked":"Glacier","floor":1},{"not_picked":["Rip and Tear","Redo"],"picked":"Go for the Eyes","floor":7},{"not_picked":["Double Energy","Coolheaded"],"picked":"Blizzard","floor":10},{"not_picked":["Stack","Compile Driver"],"picked":"Static Discharge","floor":11},{"not_picked":["Turbo","Stack"],"picked":"Sweeping Beam","floor":13},{"not_picked":["Ball Lightning","Turbo"],"picked":"Self Repair","floor":14}],"player_experience":2291129,"relics_obtained":[{"floor":7,"key":"Bird Faced Urn"},{"floor":9,"key":"Symbiotic Virus"},{"floor":11,"key":"Boot"}],"event_choices":[{"damage_healed":0,"gold_gain":0,"player_choice":"Box","damage_taken":0,"relics_obtained":["Kunai"],"max_hp_gain":0,"max_hp_loss":0,"event_name":"Big Fish","floor":2,"gold_loss":0,"cards_obtained":["Regret"]},{"damage_healed":0,"gold_gain":0,"player_choice":"Lose Max HP","damage_taken":0,"relics_obtained":["Golden Idol"],"max_hp_gain":0,"max_hp_loss":7,"event_name":"Golden Idol","floor":4,"gold_loss":0},{"cards_removed":["Defend_B"],"damage_healed":0,"gold_gain":0,"player_choice":"Card Removal","damage_taken":7,"max_hp_gain":0,"max_hp_loss":0,"event_name":"Golden Wing","floor":5,"gold_loss":0}],"is_beta":false,"boss_relics":[],"items_purged_floors":[3],"is_endless":false,"potions_floor_spawned":[7,14],"killed_by":"The Guardian","ascension_level":20}}