{"host":"4kgga43fr9t628g1","time":1608606856,"event":{"mods":["Act Like it!","BaseMod","Downfall","Minty Spire (QoL Compilation)","StSLib"],"gold_per_floor":[111,111,36,53,64,64,91,91,138,173,191,223,234,293,293,372,372,372,312,76,76,76,76,76,76,76,76,76,76,1,1,1,1,1,1,1,1,1,1,1,1,1,1,1,1,1,1,1,1,1,1],"floor_reached":52,"playtime":2627,"items_purged":["Defend_R","Strike_R"],"score":1876,"play_id":"ca3d14fc-fcaf-4413-b71e-366606a7a249","local_time":"20201221191416","is_ascension_mode":true,"campfire_choices":[{"data":"Bash","floor":6,"key":"SMITH"},{"data":"Armaments","floor":8,"key":"SMITH"},{"data":"Fire Breathing","floor":15,"key":"SMITH"},{"data":"Feel No Pain","floor":24,"key":"SMITH"},{"data":"Evolve","floor":28,"key":"SMITH"},{"data":"Demon Form","floor":32,"key":"SMITH"},{"floor":41,"key":"DIG"},{"floor":45,"key":"DIG"},{"floor":49,"key":"DIG"}],"circlet_count":0,"master_deck":["AscendersBane","Defend_R","Defend_R","Defend_R","Bash+1","Iron Wave","Fire Breathing+1","Feed","Armaments+1","Warcry","Wild Strike","Reckless Charge","True Grit","Demon Form+1","Battle Trance","Havoc","Feel No Pain+1","Pommel Strike+1","Bite","Bite","Bite","Bite","Bite","Evolve+1","Reaper","Battle Trance","expansioncontent:CaCaw","Pommel Strike","Clothesline+1","Offering"],"relics":["Burning Blood","Red Skull","Bronze Scales","Bird Faced Urn","HornCleat","Art of War","Ectoplasm","Matryoshka","StrikeDummy","Anchor","The Courier","FaceOfCleric","SlaversCollar","PreservedInsect","Shovel","CeramicFish","Self Forming Clay","Oddly Smooth Stone","Turnip","Centennial Puzzle"],"acts_visited":["Exordium","TheCity","TheBeyond"],"potions_floor_usage":[10,14,16,19,25,40,40,51],"damage_taken":[{"damage":10,"enemies":"2 Louse","floor":1,"turns":4},{"damage":6,"enemies":"Cultist","floor":4,"turns":3},{"damage":9,"enemies":"Jaw Worm","floor":5,"turns":6},{"damage":25,"enemies":"Lagavulin","floor":7,"turns":6},{"damage":8,"enemies":"Gremlin Nob","floor":10,"turns":3},{"damage":13,"enemies":"3 Louse","floor":11,"turns":5},{"damage":20,"enemies":"3 Sentries","floor":12,"turns":5},{"damage":0,"enemies":"Exordium Wildlife","floor":13,"turns":2},{"damage":17,"enemies":"Gremlin Nob","floor":14,"turns":4},{"damage":32,"enemies":"The Guardian","floor":16,"turns":8},{"damage":22,"enemies":"Spheric Guardian","floor":18,"turns":4},{"damage":7,"enemies":"2 Thieves","floor":19,"turns":3},{"damage":44,"enemies":"Gremlin Leader","floor":23,"turns":6},{"damage":19,"enemies":"Slavers","floor":25,"turns":4},{"damage":9,"enemies":"Cultist and Chosen","floor":27,"turns":4},{"damage":0,"enemies":"Centurion and Healer","floor":29,"turns":5},{"damage":86,"enemies":"Collector","floor":33,"turns":11},{"damage":28,"enemies":"3 Darklings","floor":35,"turns":8},{"damage":27,"enemies":"3 Shapes","floor":37,"turns":4},{"damage":111,"enemies":"Maw","floor":38,"turns":9},{"damage":17,"enemies":"Reptomancer","floor":40,"turns":5},{"damage":16,"enemies":"Sphere and 2 Shapes","floor":42,"turns":4},{"damage":41,"enemies":"3 Darklings","floor":44,"turns":5},{"damage":47,"enemies":"Donu and Deca","floor":50,"turns":8},{"damage":85,"enemies":"Time Eater","floor":51,"turns":8}],"seed_played":"-4198937302212029864","potions_obtained":[{"floor":1,"key":"BlessingOfTheForge"},{"floor":5,"key":"EssenceOfSteel"},{"floor":11,"key":"ElixirPotion"},{"floor":13,"key":"champ:CounterPotion"},{"floor":14,"key":"Swift Potion"},{"floor":16,"key":"ColorlessPotion"},{"floor":27,"key":"SpeedPotion"},{"floor":33,"key":"Swift Potion"},{"floor":37,"key":"Fire Potion"},{"floor":42,"key":"SpeedPotion"},{"floor":44,"key":"Swift Potion"}],"is_trial":false,"path_per_floor":["M","?","$","M","M","R","E","R","T","E","M","E","M","?","R","B",null,"M","M","$","?","?","E","R","E","T","M","R","M","?","?","R","B",null,"M","?","M","M","T","E","R","M","T","M","R","?","$","?","R","B","B",null],"character_chosen":"IRONCLAD","items_purchased":["Feel No Pain","Pommel Strike"],"campfire_rested":0,"item_purchase_floors":[20,20],"current_hp_per_floor":[64,64,64,64,64,64,45,45,45,45,42,32,43,39,39,20,70,60,63,63,63,63,44,44,49,49,61,61,82,82,82,82,35,82,97,87,88,35,35,61,61,67,67,58,58,58,58,58,58,77,55],"gold":1,"neow_bonus":"RANDOM_COMMON_RELIC","is_daily":false,"chose_seed":false,"campfire_upgraded":6,"win_rate":0.0,"timestamp":1608606856,"path_taken":["M","?","?","?","M","R","E","R","T","E","M","E","M","?","R","BOSS","M","M","$","?","?","E","R","E","T","?","R","M","?","?","R","BOSS","M","?","M","M","?","E","R","?","T","M","R","?","$","?","R","BOSS","BOSS"],"items_purchased_type":["Card","Card"],"build_version":"2020-12-13","purchased_purges":2,"victory":true,"max_hp_per_floor":[75,75,75,75,78,78,78,78,78,78,78,78,81,84,84,87,87,87,87,87,87,87,90,90,93,93,96,96,96,96,96,96,97,97,98,98,102,103,103,107,107,108,108,109,109,109,109,104,104,105,106],"card_choices":[{"not_picked":["Body Slam","Clash"],"picked":"Iron Wave","floor":1},{"not_picked":["Perfected Strike","Metallicize"],"picked":"Feed","floor":4},{"not_picked":["Flex","Dark Embrace"],"picked":"Anger","floor":5},{"not_picked":["Entrench","Havoc"],"picked":"Armaments","floor":7},{"not_picked":["Perfected Strike","Sentinel"],"picked":"Warcry","floor":10},{"not_picked":["Pummel","Clash"],"picked":"Wild Strike","floor":11},{"not_picked":["Warcry","Corruption"],"picked":"Reckless Charge","floor":12},{"not_picked":["Bloodletting","Cleave"],"picked":"True Grit","floor":13},{"not_picked":["Reckless Charge","Warcry"],"picked":"Infernal Blade","floor":14},{"not_picked":["Bludgeon","Double Tap"],"picked":"Demon Form","floor":16},{"not_picked":["Spot Weakness","Dropkick"],"picked":"Battle Trance","floor":18},{"not_picked":["Armaments","Flex"],"picked":"Havoc","floor":19},{"not_picked":["Flex","Juggernaut","Hemokinesis"],"picked":"SKIP","floor":23},{"not_picked":["Anger","Infernal Blade+1"],"picked":"Evolve","floor":25},{"not_picked":["Rage","Cleave","Perfected Strike"],"picked":"SKIP","floor":27},{"not_picked":["Sever Soul","Flex","Rupture"],"picked":"SKIP","floor":29},{"not_picked":["Immolate","Juggernaut"],"picked":"Reaper","floor":33},{"not_picked":["Disarm","Rage"],"picked":"Battle Trance","floor":35},{"not_picked":["Forethought","expansioncontent:DashGenerateEvil"],"picked":"expansioncontent:CaCaw","floor":36},{"not_picked":["Sword Boomerang","Perfected Strike+1"],"picked":"Pommel Strike","floor":37},{"not_picked":["Iron Wave","Disarm","Flex"],"picked":"SKIP","floor":38},{"not_picked":["Heavy Blade+1","Whirlwind+1","Wild Strike+1"],"picked":"SKIP","floor":40},{"not_picked":["Heavy Blade","Second Wind"],"picked":"Clothesline+1","floor":42},{"not_picked":["Perfected Strike","Metallicize+1"],"picked":"Offering","floor":44}],"player_experience":826375,"relics_obtained":[{"floor":7,"key":"Blood Vial"},{"floor":9,"key":"Bronze Scales"},{"floor":10,"key":"Bird Faced Urn"},{"floor":12,"key":"HornCleat"},{"floor":14,"key":"Art of War"},{"floor":23,"key":"Matryoshka"},{"floor":25,"key":"StrikeDummy"},{"floor":26,"key":"Anchor"},{"floor":26,"key":"The Courier"},{"floor":39,"key":"PreservedInsect"},{"floor":39,"key":"Shovel"},{"floor":40,"key":"CeramicFish"},{"floor":41,"key":"Self Forming Clay"},{"floor":43,"key":"Oddly Smooth Stone"},{"floor":45,"key":"Turnip"},{"floor":49,"key":"Centennial Puzzle"}],"event_choices":[{"damage_healed":0,"gold_gain":0,"player_choice":"1 cards matched","damage_taken":0,"max_hp_gain":0,"max_hp_loss":0,"event_name":"Match and Keep!","floor":2,"gold_loss":0,"cards_obtained":["Fire Breathing"]},{"damage_healed":0,"gold_gain":0,"player_choice":"Searched \u00271\u0027 times","damage_taken":0,"max_hp_gain":0,"max_hp_loss":0,"event_name":"Dead Adventurer","floor":14,"gold_loss":0},{"damage_healed":0,"gold_gain":0,"player_choice":"Became a vampire (Vial)","damage_taken":0,"max_hp_gain":0,"max_hp_loss":0,"event_name":"Vampires","floor":21,"relics_lost":["Blood Vial"],"gold_loss":0,"cards_obtained":["Bite","Bite","Bite","Bite","Bite"]},{"damage_healed":0,"gold_gain":0,"player_choice":"Forge","damage_taken":0,"max_hp_gain":0,"max_hp_loss":0,"event_name":"Accursed Blacksmith","floor":22,"gold_loss":0,"cards_upgraded":["Pommel Strike"]},{"cards_removed":["Anger"],"damage_healed":0,"gold_gain":0,"player_choice":"Gave Gold","damage_taken":0,"max_hp_gain":0,"max_hp_loss":0,"event_name":"Beggar","floor":30,"gold_loss":75},{"damage_healed":0,"gold_gain":0,"player_choice":"Trade","damage_taken":0,"relics_obtained":["FaceOfCleric"],"max_hp_gain":0,"max_hp_loss":0,"event_name":"FaceTrader","floor":31,"gold_loss":0},{"damage_healed":0,"gold_gain":0,"player_choice":"Memory 3","damage_taken":10,"max_hp_gain":0,"max_hp_loss":0,"event_name":"SensoryStone","floor":36,"gold_loss":0},{"cards_removed":["Infernal Blade"],"damage_healed":0,"gold_gain":0,"player_choice":"Removed Skill","damage_taken":0,"max_hp_gain":0,"max_hp_loss":0,"event_name":"Falling","floor":46,"gold_loss":0},{"damage_healed":0,"gold_gain":0,"player_choice":"Max HP","damage_taken":0,"max_hp_gain":0,"max_hp_loss":5,"event_name":"Winding Halls","floor":48,"gold_loss":0}],"is_beta":false,"boss_relics":[{"not_picked":["Coffee Dripper","Tiny House"],"picked":"Ectoplasm"},{"not_picked":["Astrolabe","Runic Cube"],"picked":"SlaversCollar"}],"items_purged_floors":[3,20],"is_endless":false,"potions_floor_spawned":[1,5,11,13,14,16,18,27,33,37,38,42,44],"ascension_level":20}}