{"host":"m5n96f98ibl1zi71","time":1608641789,"event":{"mods":["Act Like it!","Aspiration","BaseMod","Conspire","Curses Come First","Hallownest","Hubris","Minty Spire (QoL Compilation)","Quick Restart","Shop Mod","StSLib","Uncapped"],"gold_per_floor":[115,115,128,128,128,163,173,173,196,207,235,253,105,132,132,231,231,249,265,20,76,31,31,59,59,86,98,110,142,182,204,216,333,345,377,408,432,319,319,319,331,331,354,372,385,410,427,452,452,554,554,570,586,600,617,636,636,330,355,355,380,390,405,405,339,339,451,451,463,479,503,528,528,528,561,561,595,615,215,215,249,276,276,373,373,386,398,418,431,145,145,173,173,208,208,247,247,267,267,267,379,379,405,417,171,171,171,171,202,202,229,240,240,254,120,155,155,256,256,275,287,136,136,136,170,170,205,246,261,261,273,273,273,273],"floor_reached":133,"playtime":12157,"items_purged":["Strike_P","Poisoned Stab","Defend_P","Iron Wave"],"score":3330,"play_id":"9f7b96ac-dbc1-417d-8773-1178892a0580","local_time":"20201222225629","daily_mods":["Specialized","Diverse","DeadlyEvents"],"is_ascension_mode":false,"campfire_choices":[{"data":"Sunder","floor":8.0,"key":"SMITH"},{"floor":15.0,"key":"REST"},{"floor":23.0,"key":"REST"},{"floor":25.0,"key":"REST"},{"data":"Berserk","floor":32.0,"key":"SMITH"},{"floor":40.0,"key":"REST"},{"data":"Iron Wave","floor":42.0,"key":"SMITH"},{"floor":49.0,"key":"REST"},{"data":"Reprogram","floor":57,"key":"SMITH"},{"floor":64,"key":"REST"},{"data":"Hallownest:skillGreenpathMap","floor":66,"key":"SMITH"},{"floor":74,"key":"REST"},{"floor":76,"key":"REST"},{"floor":83,"key":"REST"},{"floor":91,"key":"REST"},{"floor":97,"key":"REST"},{"data":"1","floor":100,"key":"LIFT"},{"data":"2","floor":108,"key":"LIFT"},{"data":"3","floor":110,"key":"LIFT"},{"data":"Prostrate","floor":113,"key":"SMITH"},{"data":"Inflame","floor":117,"key":"SMITH"},{"floor":126,"key":"REST"},{"floor":130,"key":"REST"}],"circlet_count":0,"master_deck":["Defend_P+1","Defend_P+1","Eruption+1","Vigilance+1","Iron Wave+1","Iron Wave+1","Iron Wave+1","Iron Wave+1","Sunder+1","All Out Attack+1","Crippling Poison+1","BattleHymn+1","Infinite Blades+1","Berserk+1","Spot Weakness+1","EmptyBody+1","LessonLearned+1","Deadly Poison+1","Consecrate+1","DeusExMachina+1","Aggregate+1","Reprogram+1","Prostrate+1","Hallownest:skillGreenpathMap+1","DevaForm+1","Slice+1","FTL+1","Heavy Blade+1","Prostrate+1","Flex+1","conspire:PoisonWeapons+1","Storm of Steel+1","Prostrate+1","conspire:PoisonWeapons+1","Inflame+1","Accuracy+1","Well Laid Plans+1","Alpha"],"relics":["PureWater","hubris:FunFungus","HornCleat","hubris:ToyBattleship","Bag of Marbles","Pear","aspiration:SilentSkillbook","Whetstone","Pen Nib","MawBank","Strawberry","hubris:VirtuousBlindfold","Happy Flower","CeramicFish","Toy Ornithopter","Sozu","Vajra","Unceasing Top","conspire:SpecialSausage","Meat on the Bone","War Paint","VioletLotus","Girya","hubris:Towel","hubris:HollowSoul","Yang","DollysMirror","hubris:RunicObelisk","TheAbacus","Nilry\u0027s Codex","PrismaticShard"],"acts_visited":["Exordium","Hallownest:CityofTears","Hallownest:KingdomsEdge","Hallownest:Greenpath","TheCity","Hallownest:KingdomsEdge","Exordium","TheCity"],"potions_floor_usage":[],"damage_taken":[{"damage":0.0,"enemies":"Cultist","floor":1.0,"turns":2.0},{"damage":0.0,"enemies":"2 Louse","floor":3.0,"turns":3.0},{"damage":11.0,"enemies":"3 Sentries","floor":6.0,"turns":6.0},{"damage":0.0,"enemies":"Jaw Worm","floor":7.0,"turns":2.0},{"damage":8.0,"enemies":"Gremlin Gang","floor":10.0,"turns":3.0},{"damage":22.0,"enemies":"Lagavulin","floor":11.0,"turns":7.0},{"damage":0.0,"enemies":"Large Slime","floor":12.0,"turns":5.0},{"damage":1.0,"enemies":"3 Sentries","floor":14.0,"turns":5.0},{"damage":49.0,"enemies":"Hexaghost","floor":16.0,"turns":7.0},{"damage":10.0,"enemies":"Hallownest:Flukemon_and_Top","floor":18.0,"turns":9.0},{"damage":17.0,"enemies":"Hallownest:Guard_and_Sentry","floor":19.0,"turns":6.0},{"damage":2.0,"enemies":"Hallownest:Glutton_and_Coward","floor":21.0,"turns":7.0},{"damage":15.0,"enemies":"Hallownest:eliteSoulWarrior","floor":24.0,"turns":8.0},{"damage":0.0,"enemies":"Hallownest:Warrior_and_Youth","floor":29.0,"turns":5.0},{"damage":13.0,"enemies":"Hallownest:Nosk","floor":30.0,"turns":6.0},{"damage":0.0,"enemies":"Hallownest:monsterShrumalOgre","floor":31.0,"turns":4.0},{"damage":37.0,"enemies":"Hallownest:BossGrimm","floor":33.0,"turns":9.0},{"damage":6.0,"enemies":"Hallownest:Shield_Heavy","floor":35.0,"turns":6.0},{"damage":15.0,"enemies":"Hallownest:2_Littles","floor":36.0,"turns":4.0},{"damage":5.0,"enemies":"Hallownest:monsterPrimalAspid","floor":37.0,"turns":5.0},{"damage":13.0,"enemies":"Hallownest:Slobbering_and_Violent","floor":41.0,"turns":6.0},{"damage":3.0,"enemies":"Hallownest:Xero_Hu_Marmu","floor":44.0,"turns":6.0},{"damage":7.0,"enemies":"Hallownest:2_Wing_and_1_Kings","floor":45.0,"turns":5.0},{"damage":15.0,"enemies":"Hallownest:eliteCollector","floor":46.0,"turns":7.0},{"damage":3.0,"enemies":"Hallownest:Shield_Sturdy","floor":47.0,"turns":4.0},{"damage":19.0,"enemies":"Hallownest:StalkingDevout","floor":48.0,"turns":6.0},{"damage":57.0,"enemies":"Hallownest:BossGreyPrinceZote","floor":50.0,"turns":7.0},{"damage":3,"enemies":"Hallownest:2_MossCreeps","floor":52,"turns":3},{"damage":0,"enemies":"Hallownest:monsterHuskWarrior","floor":53,"turns":2},{"damage":10,"enemies":"Hallownest:2_Baldur","floor":54,"turns":2},{"damage":0,"enemies":"Hallownest:monsterFoolEater","floor":55,"turns":3},{"damage":0,"enemies":"Hallownest:monsterMossCharger","floor":56,"turns":2},{"damage":3,"enemies":"Hallownest:eliteCrystalGuardian","floor":59,"turns":4},{"damage":30,"enemies":"Hallownest:Guard_and_Warrior","floor":61,"turns":3},{"damage":0,"enemies":"Hallownest:monsterAspidMother","floor":62,"turns":3},{"damage":0,"enemies":"Hallownest:Wandering_and_Horned","floor":63,"turns":1},{"damage":88,"enemies":"Hallownest:BossHornet","floor":67,"turns":7},{"damage":30,"enemies":"2 Thieves","floor":69,"turns":3},{"damage":5,"enemies":"3 Byrds","floor":70,"turns":3},{"damage":45,"enemies":"Snake Plant","floor":71,"turns":4},{"damage":7,"enemies":"Shelled Parasite and Fungi","floor":72,"turns":4},{"damage":15,"enemies":"conspire:SneckoGhost","floor":75,"turns":3},{"damage":7,"enemies":"Gremlin Leader","floor":77,"turns":4},{"damage":7,"enemies":"Cultist and Chosen","floor":78,"turns":3},{"damage":42,"enemies":"Slavers","floor":81,"turns":2},{"damage":4,"enemies":"Chosen and Byrds","floor":82,"turns":3},{"damage":39,"enemies":"hubris:MusketHawk","floor":84,"turns":6},{"damage":5,"enemies":"Hallownest:Shield_Heavy","floor":86,"turns":3},{"damage":15,"enemies":"Hallownest:3_Siblings","floor":87,"turns":4},{"damage":0,"enemies":"Hallownest:2_Soldiers_and_1_Guardian","floor":88,"turns":3},{"damage":30,"enemies":"Hallownest:2_Wing_and_1_Kings","floor":89,"turns":4},{"damage":23,"enemies":"Hallownest:monsterPrimalAspid","floor":92,"turns":3},{"damage":0,"enemies":"Hallownest:StalkingDevout","floor":94,"turns":4},{"damage":5,"enemies":"Hallownest:eliteHiveKnight","floor":96,"turns":4},{"damage":12,"enemies":"Hallownest:Shield_Sturdy","floor":98,"turns":4},{"damage":48,"enemies":"Hallownest:BossHollowKnight","floor":101,"turns":6},{"damage":10,"enemies":"Jaw Worm","floor":103,"turns":2},{"damage":0,"enemies":"conspire:RoseBush","floor":104,"turns":1},{"damage":0,"enemies":"Gremlin Nob","floor":109,"turns":2},{"damage":0,"enemies":"Lagavulin","floor":111,"turns":2},{"damage":0,"enemies":"2 Louse","floor":112,"turns":1},{"damage":0,"enemies":"Exordium Thugs","floor":114,"turns":1},{"damage":0,"enemies":"3 Sentries","floor":116,"turns":3},{"damage":0,"enemies":"Slime Boss","floor":118,"turns":4},{"damage":14,"enemies":"Chosen","floor":120,"turns":4},{"damage":36,"enemies":"2 Thieves","floor":121,"turns":3},{"damage":17,"enemies":"Slavers","floor":125,"turns":2},{"damage":0,"enemies":"Gremlin Leader","floor":127,"turns":3},{"damage":17,"enemies":"Book of Stabbing","floor":128,"turns":3},{"damage":0,"enemies":"Centurion and Healer","floor":129,"turns":2},{"damage":34,"enemies":"Snake Plant","floor":131,"turns":4},{"damage":18,"enemies":"Slavers","floor":133,"turns":1}],"seed_played":"-1694970554369236033","potions_obtained":[{"floor":6.0,"key":"PowerPotion"},{"floor":7.0,"key":"Weak Potion"},{"floor":14.0,"key":"EssenceOfSteel"},{"floor":19.0,"key":"SteroidPotion"},{"floor":24.0,"key":"SteroidPotion"},{"floor":31.0,"key":"LiquidMemories"},{"floor":33.0,"key":"Ancient Potion"},{"floor":35.0,"key":"Block Potion"},{"floor":37.0,"key":"Regen Potion"},{"floor":46.0,"key":"AttackPotion"}],"is_trial":true,"path_per_floor":["M","?","M","?","?","E","M","R","T","M","E","M","$","E","R","B",null,"M","M","$","M","?","R","E","R","T","?","$","M","E","M","R","B",null,"M","M","M","$","?","R","M","R","T","M","M","E","M","E","R","B",null,"M","M","M","M","M","R","$","E","T","M","M","M","R","?","R","B",null,"M","M","M","M","?","R","E","R","E","M","$","?","E","M","R","B",null,"M","M","M","M","$","R","M","?","E","?","E","R","M","?","R","B",null,"M","M","$","?","?","R","E","R","E","M","R","M","$","E","R","B",null,"M","M","$","?","?","E","R","E","E","M","R","M","?","E"],"character_chosen":"WATCHER","items_purchased":["Spot Weakness","Whetstone","Vajra","Meat on the Bone","War Paint","Girya","Yang","DollysMirror","TheAbacus"],"campfire_rested":13,"item_purchase_floors":[13,20,58,79,79,90,105,115,122],"current_hp_per_floor":[72,72,72,65,65,55,55,55,55,47,27,31,31,41,65,16,82,73,56,56,60,60,82,67,82,82,82,82,82,76,78,78,42,89,84,70,67,67,67,89,79,79,79,78,76,66,66,53,79,42,89,86,86,78,85,87,87,87,86,86,59,64,64,89,89,89,15,89,59,57,17,11,11,37,22,48,44,37,37,66,36,44,70,50,89,84,73,74,48,48,74,51,66,67,67,63,89,83,83,83,45,84,74,74,74,74,74,74,75,75,84,84,84,84,84,84,84,84,84,82,49,49,33,25,23,48,56,51,58,83,52,52,0,0],"gold":273,"neow_bonus":"","is_daily":false,"chose_seed":false,"campfire_upgraded":7,"win_rate":0.0,"timestamp":1608641789,"path_taken":["M","?","M","?","?","E","M","R","T","M","?","M","$","?","R","BOSS","M","M","$","M","?","R","?","R","T","?","$","M","?","?","R","BOSS","M","M","M","$","?","R","M","R","T","?","M","?","M","?","R","BOSS","M","M","M","M","M","R","$","E","T","M","M","M","R","?","R","BOSS","M","M","M","M","?","R","E","R","E","?","$","?","?","M","R","BOSS","M","M","M","M","$","R","M","?","E","?","?","R","M","?","R","BOSS","M","M","$","?","?","R","?","R","E","M","R","M","$","?","R","BOSS","M","M","$","?","?","E","R","E","E","M","R","M","?","?"],"items_purchased_type":["Card","Relic","Relic","Relic","Relic","Relic","Relic","Relic","Relic"],"build_version":"2020-12-13","purchased_purges":4,"victory":false,"max_hp_per_floor":[72,72,72,72,72,72,72,72,72,72,72,72,72,82,82,82,82,82,82,82,82,82,82,82,82,82,82,82,82,89,89,89,89,89,89,89,89,89,89,89,89,89,89,89,89,89,89,89,89,89,89,89,89,89,89,89,89,89,89,89,89,89,89,89,89,89,89,89,89,89,89,89,89,89,89,89,89,89,89,89,89,89,89,89,89,89,89,89,89,89,89,89,89,89,89,89,89,89,84,84,84,84,84,84,84,84,84,84,84,84,84,84,84,84,84,84,84,84,84,84,84,84,84,84,84,84,84,84,84,84,84,84,84,84],"card_choices":[{"not_picked":["Halt","aspiration:Polymerization"],"picked":"Sunder","floor":1.0},{"not_picked":["Poisoned Stab","Crippling Poison"],"picked":"BattleHymn","floor":3.0},{"not_picked":["Dodge and Roll","Anger","Heel Hook"],"picked":"SKIP","floor":6.0},{"not_picked":["Bane","hubris:PowerSurge"],"picked":"Infinite Blades","floor":7.0},{"not_picked":["Deflect","Streamline","Double Energy"],"picked":"SKIP","floor":10.0},{"not_picked":["conspire:DoublingDagger","FollowUp"],"picked":"Berserk","floor":11.0},{"not_picked":["Anger","Dark Embrace","Evaluate"],"picked":"SKIP","floor":12.0},{"not_picked":["True Grit","Barricade"],"picked":"EmptyBody","floor":14.0},{"not_picked":["Reaper","Doppelganger"],"picked":"LessonLearned","floor":16.0},{"not_picked":["Rebound","Tactician","Protect","Dagger Throw+1"],"picked":"SKIP","floor":18.0},{"not_picked":["Deflect","Halt","Recycle"],"picked":"Deadly Poison+1","floor":19.0},{"not_picked":["All Out Attack","Blade Dance","Flex+1"],"picked":"Consecrate+1","floor":21.0},{"not_picked":["Heel Hook","SignatureMove","Outmaneuver","Skim"],"picked":"SKIP","floor":24.0},{"not_picked":["Protect","JustLucky","True Grit","Halt"],"picked":"SKIP","floor":29.0},{"not_picked":["Consecrate","Protect+1","Outmaneuver","Intimidate"],"picked":"SKIP","floor":30.0},{"not_picked":["aspiration:Polymerization","ConjureBlade","Gash","WindmillStrike"],"picked":"SKIP","floor":31.0},{"not_picked":["Corpse Explosion","SpiritShield","Rainbow"],"picked":"DeusExMachina","floor":33.0},{"not_picked":["Warcry","Body Slam","Sucker Punch+1"],"picked":"Aggregate+1","floor":35.0},{"not_picked":["EmptyFist+1","Prostrate","Blade Dance+1","Underhanded Strike"],"picked":"SKIP","floor":36.0},{"not_picked":["Hemokinesis+1","BootSequence+1","Streamline+1","Cleave"],"picked":"SKIP","floor":37.0},{"not_picked":["Bane+1","WreathOfFlame+1","Dark Embrace+1","FlyingSleeves"],"picked":"SKIP","floor":41.0},{"not_picked":["Riddle With Holes","Infinite Blades+1","FlyingSleeves+1"],"picked":"Reprogram","floor":44.0},{"not_picked":["Clash+1","SandsOfTime","Dark Embrace","Searing Blow"],"picked":"SKIP","floor":45.0},{"not_picked":["Immolate","Heavy Blade","Sword Boomerang","Dual Wield"],"picked":"SKIP","floor":46.0},{"not_picked":["FTL+1","Sweeping Beam+1","hubris:CleavingFinish","Gash"],"picked":"SKIP","floor":47.0},{"not_picked":["Electrodynamics","Flex+1","BowlingBash+1","hubris:PowerSurge+1"],"picked":"SKIP","floor":48.0},{"not_picked":["Twin Strike","Double Energy","Leg Sweep","Outmaneuver"],"picked":"SKIP","floor":52},{"not_picked":["Sweeping Beam","Indignation","Clothesline","Gash"],"picked":"SKIP","floor":53},{"not_picked":["Chill","Rebound","Sword Boomerang","Dark Embrace"],"picked":"SKIP","floor":54},{"not_picked":["Escape Plan","Dagger Throw","hubris:SlightOfHand","Malaise"],"picked":"SKIP","floor":55},{"not_picked":["Reprogram","Coolheaded","Leap","Cloak And Dagger"],"picked":"SKIP","floor":56},{"not_picked":["Flying Knee","Bouncing Flask","Concentrate","Reckless Charge"],"picked":"SKIP","floor":59},{"not_picked":["Twin Strike","Reckless Charge","hubris:Counter"],"picked":"Prostrate","floor":61},{"not_picked":["Steam","Conserve Battery","Halt","FlurryOfBlows"],"picked":"SKIP","floor":62},{"not_picked":["Nirvana","ReachHeaven","CrushJoints","Poisoned Stab"],"picked":"SKIP","floor":63},{"not_picked":["Phantasmal Killer","Bullet Time","Fiend Fire"],"picked":"DevaForm","floor":67},{"not_picked":["Second Wind","Riddle With Holes","Backflip","Leap"],"picked":"SKIP","floor":69},{"not_picked":["Blizzard","Protect+1","BowlingBash","Masterful Stab"],"picked":"SKIP","floor":70},{"not_picked":["Conserve Battery","Ball Lightning","Machine Learning"],"picked":"Slice","floor":71},{"not_picked":["hubris:PowerSurge","Stack","Cloak And Dagger"],"picked":"FTL","floor":72},{"not_picked":["MentalFortress","Hologram+1","Beam Cell","Crescendo"],"picked":"SKIP","floor":75},{"not_picked":["hubris:Ukulele","Twin Strike","Wild Strike","CutThroughFate"],"picked":"SKIP","floor":77},{"not_picked":["Shrug It Off","Blur","Go for the Eyes+1","FollowUp"],"picked":"SKIP","floor":78},{"not_picked":["hubris:StunningStrike","hubris:TrickCloak+1","Havoc+1","ThirdEye"],"picked":"SKIP","floor":81},{"not_picked":["Flying Knee","Dagger Spray","Hologram"],"picked":"Heavy Blade+1","floor":82},{"not_picked":["MentalFortress","Wild Strike+1","Havoc+1","Sentinel+1"],"picked":"SKIP","floor":86},{"not_picked":["Clothesline+1","Lockon+1","Pummel","Havoc+1"],"picked":"SKIP","floor":87},{"not_picked":["Storm+1","JustLucky+1","Cleave+1","Auto Shields"],"picked":"SKIP","floor":88},{"not_picked":["DeceiveReality","Heavy Blade","FearNoEvil","Flame Barrier+1"],"picked":"SKIP","floor":89},{"not_picked":["Ball Lightning+1","Sweeping Beam+1","Headbutt"],"picked":"Prostrate","floor":92},{"not_picked":["Meditate","Redo+1","Underhanded Strike"],"picked":"Flex+1","floor":94},{"not_picked":["conspire:ExplosiveBarrier","Static Discharge+1","ThirdEye"],"picked":"conspire:PoisonWeapons+1","floor":96},{"not_picked":["Poisoned Stab+1","Heavy Blade","Cleave+1","Flying Knee"],"picked":"SKIP","floor":98},{"not_picked":["aspiration:Lunge","hubris:Prefetch","Offering"],"picked":"Storm of Steel","floor":101},{"not_picked":["Capacitor","PiercingWail","Steam Power"],"picked":"Prostrate","floor":103},{"not_picked":["SashWhip","Acrobatics","Compile Driver","Second Wind"],"picked":"SKIP","floor":104},{"not_picked":["Seeing Red","Swivel","Prepared","Calculated Gamble"],"picked":"SKIP","floor":109},{"not_picked":["SashWhip","Barrage","hubris:SlightOfHand","White Noise"],"picked":"SKIP","floor":111},{"not_picked":["Shockwave","Sword Boomerang","Riddle With Holes","CarveReality"],"picked":"SKIP","floor":112},{"not_picked":["Shrug It Off","Crescendo","Darkness","Dodge and Roll"],"picked":"SKIP","floor":114},{"not_picked":["Dodge and Roll","Dagger Throw","Dropkick"],"picked":"Inflame","floor":116},{"not_picked":["Bane+1","Sword Boomerang","Armaments","Body Slam"],"picked":"SKIP","floor":120},{"not_picked":["Slice","Warcry","ThirdEye+1","Flechettes+1"],"picked":"SKIP","floor":121},{"not_picked":["Armaments","Storm+1","ThirdEye"],"picked":"Accuracy+1","floor":125},{"not_picked":["Second Wind","Bloodletting","WindmillStrike"],"picked":"Well Laid Plans+1","floor":127},{"not_picked":["FlyingSleeves","Escape Plan","Glacier"],"picked":"Alpha","floor":128},{"not_picked":["Prepared","Deep Breath+1","Blur","WreathOfFlame+1"],"picked":"SKIP","floor":129},{"not_picked":["Rebound","ThirdEye","Havoc","Thunderclap"],"picked":"SKIP","floor":131}],"player_experience":399073,"relics_obtained":[{"floor":6.0,"key":"HornCleat"},{"floor":9.0,"key":"hubris:ToyBattleship"},{"floor":11.0,"key":"Bag of Marbles"},{"floor":14.0,"key":"Pear"},{"floor":24.0,"key":"Pen Nib"},{"floor":26.0,"key":"MawBank"},{"floor":30.0,"key":"Strawberry"},{"floor":43.0,"key":"Happy Flower"},{"floor":46.0,"key":"CeramicFish"},{"floor":48.0,"key":"Toy Ornithopter"},{"floor":60,"key":"Unceasing Top"},{"floor":123,"key":"Nilry\u0027s Codex"},{"floor":124,"key":"PrismaticShard"}],"event_choices":[{"damage_healed":0.0,"max_hp_gain":0.0,"max_hp_loss":0.0,"gold_gain":0.0,"event_name":"Scrap Ooze","player_choice":"Success","floor":4.0,"gold_loss":0.0,"damage_taken":7.0,"relics_obtained":["hubris:FunFungus"]},{"cards_removed":["Strike_P"],"damage_healed":0.0,"max_hp_gain":0.0,"max_hp_loss":0.0,"gold_gain":0.0,"event_name":"Living Wall","player_choice":"Forget","floor":5.0,"gold_loss":0.0,"damage_taken":0.0},{"damage_healed":0,"gold_gain":0,"player_choice":"Ignored","damage_taken":0,"max_hp_gain":0,"max_hp_loss":0,"event_name":"Vampires","floor":73,"gold_loss":0},{"damage_healed":29,"gold_gain":0,"player_choice":"Heal","damage_taken":0,"max_hp_gain":0,"max_hp_loss":0,"event_name":"The Library","floor":80,"gold_loss":0},{"damage_healed":0,"gold_gain":0,"player_choice":"Grow","damage_taken":0,"max_hp_gain":0,"max_hp_loss":0,"event_name":"Living Wall","floor":106,"gold_loss":0,"cards_upgraded":["Prostrate"]},{"damage_healed":0,"gold_gain":0,"player_choice":"Ignored","damage_taken":0,"max_hp_gain":0,"max_hp_loss":0,"event_name":"Transmorgrifier","floor":107,"gold_loss":0},{"damage_healed":0,"gold_gain":0,"player_choice":"Obtained Book","damage_taken":16,"max_hp_gain":0,"max_hp_loss":0,"event_name":"Cursed Tome","floor":123,"gold_loss":0},{"damage_healed":0,"gold_gain":0,"player_choice":"Leave","damage_taken":0,"max_hp_gain":0,"max_hp_loss":0,"event_name":"FaceTrader","floor":132,"gold_loss":0}],"is_beta":false,"boss_relics":[{"not_picked":["conspire:RunicOctahedron","Ectoplasm"],"picked":"aspiration:SilentSkillbook"},{"not_picked":["aspiration:RitualDagger","aspiration:RunicSpoon"],"picked":"hubris:VirtuousBlindfold"},{"not_picked":["Tiny House","Cursed Key"],"picked":"Sozu"},{"not_picked":["hubris:GrandSneckoEye","hubris:BlackHole"],"picked":"conspire:SpecialSausage"},{"not_picked":["aspiration:SecretTechniqueScroll","SacredBark"],"picked":"VioletLotus"},{"not_picked":["HolyWater","Busted Crown"],"picked":"hubris:HollowSoul"},{"not_picked":["hubris:Backtick","Astrolabe"],"picked":"hubris:RunicObelisk"}],"items_purged_floors":[13,20,38,58],"is_endless":true,"potions_floor_spawned":[6,7,14,19,24,31,33,35,37,46,47,52,54,61,63,70,71,77,78,81,84,89,94,96,101,111,116,125,127,129,131],"killed_by":"Slavers","ascension_level":0}}