{"host":"erxdo5czqejbiu49","time":1608604049,"event":{"mods":["Act Like it!","Aspiration","BaseMod","Better Third Choice","Conspire","Downfall-Rebalance","Elementarium","Hermit","Hubris","Minty Spire (QoL Compilation)","Replay The Spire","Shop Mod","StSLib","The Hierophant"],"gold_per_floor":[115,115,115,40,58,90,113,113,113,44,93,142,159,159,159,237,237,202,256,289,15,49,49,49,49,128,128,140,159,202,202,202,85,85],"floor_reached":33,"playtime":2220,"items_purged":["Regret","Injury"],"score":300,"play_id":"33e88973-4670-4860-af7b-060460efe5d5","local_time":"20201221212729","is_ascension_mode":false,"campfire_choices":[{"data":"hierophant:ChurchCoffers","floor":8.0,"key":"SMITH"},{"floor":15.0,"key":"REST"},{"floor":23,"key":"REST"},{"floor":25,"key":"REST"},{"floor":32,"key":"DIG"}],"circlet_count":0,"master_deck":["hierophant:Strike_Hierophant","hierophant:Strike_Hierophant","hierophant:Strike_Hierophant","hierophant:Strike_Hierophant","hierophant:Punish","hierophant:Defend_Hierophant","hierophant:Defend_Hierophant","hierophant:Defend_Hierophant","hierophant:Defend_Hierophant","hierophant:ChurchCoffers+1","hierophant:OrnateBuckler","hierophant:OrnateBuckler","hierophant:HolyVerse","hierophant:Doubloon","hierophant:CursedGold","hierophant:CursedGold","hierophant:Doubloon","hierophant:Doubloon","hierophant:Charity","hierophant:MorningPrayer","hierophant:AuricForm","hierophant:DivineIntervention","hierophant:MorningPrayer+1","hierophant:Smite","hierophant:Invocation","hierophant:AuricShield","Shame","hierophant:Rebuild","hierophant:PristineSoul","hierophant:LocustPlague","hubris:NaturalOne"],"relics":["hierophant:PropheticMaskRelic","NeowsBlessing","hubris:Towel","Anchor","StrikeDummy","aspiration:Lifesprig","Golden Idol","hubris:VirtuousBlindfold","Red Mask","Membership Card","MerchantsRug","hubris:BottledRain","hubris:Teleporter","Replay:Rubber Ducky","hubris:Icosahedron","hubris:SlimyHat"],"acts_visited":["Exordium","TheCity"],"potions_floor_usage":[33,33],"damage_taken":[{"damage":0.0,"enemies":"Cultist","floor":1.0,"turns":1.0},{"damage":0.0,"enemies":"2 Louse","floor":5.0,"turns":1.0},{"damage":0.0,"enemies":"Replay:BlueRogue","floor":6.0,"turns":1.0},{"damage":0.0,"enemies":"Small Slimes","floor":7.0,"turns":2.0},{"damage":32.0,"enemies":"Lagavulin","floor":11.0,"turns":7.0},{"damage":0.0,"enemies":"Exordium Wildlife","floor":12.0,"turns":3.0},{"damage":5.0,"enemies":"Looter","floor":13.0,"turns":3.0},{"damage":37.0,"enemies":"Fading Forest","floor":16.0,"turns":11.0},{"damage":9.0,"enemies":"2 Thieves","floor":18.0,"turns":4.0},{"damage":0.0,"enemies":"Masked Bandits","floor":19.0,"turns":3.0},{"damage":6.0,"enemies":"Shell Parasite","floor":20.0,"turns":6.0},{"damage":34,"enemies":"Cultist and Chosen","floor":22,"turns":8},{"damage":20,"enemies":"Centurion and Healer","floor":28,"turns":7},{"damage":7,"enemies":"3 Cultists","floor":29,"turns":6},{"damage":16,"enemies":"Slavers","floor":30,"turns":3},{"damage":36,"enemies":"Champ","floor":33,"turns":14}],"seed_played":"8706447380371927146","potions_obtained":[{"floor":5.0,"key":"DistilledChaos"},{"floor":6.0,"key":"LifebloodPotion"},{"floor":13.0,"key":"Ancient Potion"},{"floor":22,"key":"SpeedPotion"},{"floor":29,"key":"Fire Potion"}],"is_trial":false,"path_per_floor":["M","?","?","$","M","E","M","R","T","$","E","M","M","?","R","B",null,"M","?","M","$","M","R","$","R","T","?","M","M","E","?","R","B"],"character_chosen":"HIEROPHANT","items_purchased":["hierophant:CursedGold","Membership Card","MerchantsRug"],"campfire_rested":3,"item_purchase_floors":[10,21,21],"current_hp_per_floor":[75,75,75,75,75,75,75,75,75,75,43,43,38,38,60,33,75,66,66,60,60,26,48,48,70,70,70,50,43,27,27,27,0,0],"gold":85,"neow_bonus":"THREE_ENEMY_KILL","is_daily":false,"chose_seed":false,"campfire_upgraded":1,"win_rate":0.0,"timestamp":1608604049,"path_taken":["M","?","?","$","M","E","M","R","T","$","E","M","M","?","R","BOSS","M","?","M","$","M","R","$","R","T","?","M","M","E","?","R","BOSS"],"items_purchased_type":["Card","Relic","Relic"],"build_version":"2020-12-13","purchased_purges":2,"victory":false,"max_hp_per_floor":[75,75,75,75,75,75,75,75,75,75,75,75,75,75,75,75,75,75,75,75,75,75,75,75,75,75,75,75,75,75,75,75,75,75],"card_choices":[{"not_picked":["hierophant:FieryStrike","hierophant:Dazzle"],"picked":"hierophant:OrnateBuckler","floor":1.0},{"not_picked":["hierophant:Remorse","hierophant:HolyVerse"],"picked":"hierophant:OrnateBuckler","floor":5.0},{"not_picked":["hierophant:Smite","hierophant:Remorse"],"picked":"hierophant:HolyVerse","floor":6.0},{"not_picked":["hierophant:FieryStrike","hierophant:RustyCrate"],"picked":"hierophant:CursedGold","floor":7.0},{"not_picked":["hierophant:PassingBell","hierophant:Shelter"],"picked":"hierophant:Charity","floor":11.0},{"not_picked":["hierophant:AuricShield","hierophant:Refuge"],"picked":"hierophant:MorningPrayer","floor":12.0},{"not_picked":["hierophant:RustyCrate","hierophant:Doubloon"],"picked":"hierophant:AuricForm","floor":13.0},{"not_picked":["hierophant:Cornucopia","hierophant:Levitation"],"picked":"hierophant:DivineIntervention","floor":16.0},{"not_picked":["hierophant:RecallFunds","hierophant:Empathy"],"picked":"hierophant:MorningPrayer+1","floor":18.0},{"not_picked":["hierophant:AuricBeam+1","hierophant:Encroach+1"],"picked":"hierophant:Smite","floor":19.0},{"not_picked":["hierophant:Flagellation","hierophant:Shelter"],"picked":"hierophant:Invocation","floor":20.0},{"not_picked":["hierophant:HammerAndAnvil","hierophant:FieryStrike"],"picked":"hierophant:AuricShield","floor":22},{"not_picked":["hierophant:RecallFunds","hierophant:AuricShield"],"picked":"hierophant:Rebuild","floor":28},{"not_picked":["hierophant:TollTheBells","hierophant:Alms"],"picked":"hierophant:PristineSoul","floor":29},{"not_picked":["hierophant:Alms+1","hierophant:Kindle"],"picked":"hierophant:LocustPlague","floor":30}],"player_experience":392138,"relics_obtained":[{"floor":6.0,"key":"Anchor"},{"floor":9.0,"key":"StrikeDummy"},{"floor":11.0,"key":"aspiration:Lifesprig"},{"floor":19.0,"key":"Red Mask"},{"floor":26,"key":"hubris:BottledRain"},{"floor":30,"key":"Replay:Rubber Ducky"},{"floor":32,"key":"hubris:SlimyHat"}],"event_choices":[{"damage_healed":0.0,"max_hp_gain":0.0,"max_hp_loss":0.0,"gold_gain":0.0,"event_name":"Golden Idol","player_choice":"Take Wound","floor":14.0,"gold_loss":0.0,"damage_taken":0.0,"relics_obtained":["Golden Idol"],"cards_obtained":["Injury"]},{"damage_healed":0.0,"max_hp_gain":0.0,"max_hp_loss":0.0,"gold_gain":0.0,"event_name":"Masked Bandits","player_choice":"Fought Bandits","floor":19.0,"gold_loss":0.0,"damage_taken":0.0},{"damage_healed":0,"gold_gain":0,"player_choice":"Stole Relic","damage_taken":0,"relics_obtained":["hubris:Teleporter"],"max_hp_gain":0,"max_hp_loss":0,"event_name":"Addict","floor":27,"gold_loss":0,"cards_obtained":["Shame"]}],"is_beta":false,"boss_relics":[{"not_picked":["Cursed Key","hubris:TerracottaHorce"],"picked":"hubris:VirtuousBlindfold"}],"items_purged_floors":[4,21],"is_endless":false,"potions_floor_spawned":[5,6,13,22,29],"killed_by":"Champ","ascension_level":0}}