{"host":"azzpm43fqgdt222r","time":1608598502,"event":{"mods":["BaseMod","Downfall","Marisa????????","Minty Spire (QoL Compilation)","StSLib","Td1madao Mod","The Cursed"],"gold_per_floor":[111,183,195,240,268,280,292,318,344,385,397,43,28,38,53,151,151,76,87,72,87,87,106,106,56,90,90,435,450,450,450,467,570,570,570,570,570,570],"floor_reached":36,"playtime":2315,"items_purged":["Slimebound:Strike_Slimebound"],"score":415,"play_id":"7592292e-e558-4bd9-884a-77cdfaffb99e","local_time":"20201221195502","is_ascension_mode":false,"campfire_choices":[{"data":"Slimebound:Split","floor":1.0,"key":"SMITH"},{"data":"Slimebound:MinionMaster","floor":18.0,"key":"SMITH"},{"data":"1","floor":27.0,"key":"LIFT"},{"floor":30,"key":"REST"},{"data":"2","floor":35,"key":"LIFT"}],"circlet_count":0,"master_deck":["Slimebound:Strike_Slimebound","Slimebound:Strike_Slimebound","Slimebound:Tackle","Slimebound:Defend_Slimebound","Slimebound:Defend_Slimebound","Slimebound:Defend_Slimebound","Slimebound:Split+1","Slimebound:CorrosiveSpit","Slimebound:SplitLeeching","Slimebound:OozeBath","Slimebound:GrowthPunch","Slimebound:LeechEnergy","Slimebound:PressTheAttack","Slimebound:MinionMaster+1","Slimebound:SplitMire","Slimebound:Gluttony","Slimebound:RallyTheTroops","Slimebound:PressTheAttack","Slimebound:Repurpose","Slimebound:Teamwork","Slimebound:SlimeTap","Slimebound:SplitAcid","Slimebound:LeechingTouch","RitualDagger+1","Slimebound:LeadByExample+1","Slimebound:SamplingLick","Slimebound:MegaLick","Slimebound:WasteNot"],"relics":["Slimebound:AbsorbEndCombatUpgraded","MawBank","HornCleat","MealTicket","Pantograph","Potion Belt","InkBottle","HandDrill","Runic Pyramid","downfall:HeartBlessingGreen","Girya","Blood Vial"],"acts_visited":["Exordium","TheCity","TheBeyond"],"potions_floor_usage":[33,36],"damage_taken":[{"damage":39.0,"enemies":"Lagavulin Event","floor":2.0,"turns":6.0},{"damage":18.0,"enemies":"3 Sentries","floor":4.0,"turns":8.0},{"damage":8.0,"enemies":"Small Slimes","floor":5.0,"turns":4.0},{"damage":12.0,"enemies":"2 Louse","floor":8.0,"turns":4.0},{"damage":10.0,"enemies":"Jaw Worm","floor":9.0,"turns":4.0},{"damage":19.0,"enemies":"Gremlin Nob","floor":10.0,"turns":4.0},{"damage":15.0,"enemies":"downfall:FleeingMerchant","floor":12.0,"turns":4.0},{"damage":17.0,"enemies":"downfall:FleeingMerchant","floor":13.0,"turns":4.0},{"damage":20.0,"enemies":"Red Slaver","floor":14.0,"turns":3.0},{"damage":11.0,"enemies":"3 Louse","floor":15.0,"turns":3.0},{"damage":35.0,"enemies":"downfall:Ironclad","floor":16.0,"turns":6.0},{"damage":22.0,"enemies":"Spheric Guardian","floor":19.0,"turns":4.0},{"damage":16.0,"enemies":"downfall:FleeingMerchant","floor":20.0,"turns":4.0},{"damage":46.0,"enemies":"Centurion and Healer","floor":21.0,"turns":5.0},{"damage":37.0,"enemies":"Snake Plant","floor":23.0,"turns":3.0},{"damage":31.0,"enemies":"Book of Stabbing","floor":26.0,"turns":5.0},{"damage":19.0,"enemies":"downfall:FleeingMerchant","floor":28.0,"turns":4.0},{"damage":39,"enemies":"Snecko","floor":29,"turns":6},{"damage":34,"enemies":"Cultist and Chosen","floor":32,"turns":5},{"damage":48,"enemies":"downfall:Watcher","floor":33,"turns":8},{"damage":42,"enemies":"3 Darklings","floor":36,"turns":4}],"seed_played":"-478881794074124694","potions_obtained":[{"floor":2.0,"key":"hexamod:EctoCoolerPotion"},{"floor":5.0,"key":"SpeedPotion"},{"floor":9.0,"key":"sneckomod:MuddlingPotion"},{"floor":15.0,"key":"Slimebound:SlimedPotion"},{"floor":16.0,"key":"Ancient Potion"},{"floor":19.0,"key":"ColorlessPotion"},{"floor":22.0,"key":"CultistPotion"},{"floor":26.0,"key":"DuplicationPotion"},{"floor":33,"key":"PowerPotion"}],"is_trial":false,"path_per_floor":["R","?","?","E","M","T","T","M","M","E","?","$","$","M","M","B",null,"R","M","$","M","?","M","T","?","E","R","$","M","R","?","M","B",null,"R","M"],"character_chosen":"SLIMEBOUND","items_purchased":["Slimebound:Gluttony","HandDrill","Slimebound:SlimedPotion"],"campfire_rested":1,"item_purchase_floors":[12,12,12],"current_hp_per_floor":[60,37,37,35,37,37,37,39,39,38,38,56,59,55,54,53,60,60,50,60,46,46,31,31,56,57,57,58,31,49,49,43,48,60,60,34,34,34],"gold":570,"neow_bonus":"RANDOM_COMMON_RELIC","is_daily":false,"chose_seed":false,"campfire_upgraded":2,"win_rate":0.0,"timestamp":1608598502,"path_taken":["R","?","?","E","M","?","T","M","?","E","?","$","$","M","M","BOSS","R","M","?","M","?","M","T","?","E","R","$","M","R","?","M","BOSS","R","M"],"items_purchased_type":["Card","Relic","Potion"],"build_version":"2020-12-13","purchased_purges":1,"victory":false,"max_hp_per_floor":[60,60,60,60,60,60,60,60,60,60,60,60,60,60,60,60,60,60,60,60,60,60,60,60,60,60,60,60,60,60,60,60,60,60,60,60,60,60],"card_choices":[{"not_picked":["Slimebound:Equalize","Slimebound:Schlurp"],"picked":"Slimebound:SplitLeeching","floor":2.0},{"not_picked":["Slimebound:GoopSpray","Slimebound:SplitAcid"],"picked":"Slimebound:OozeBath","floor":4.0},{"not_picked":["Slimebound:Schlurp","Slimebound:FormOfPuddle"],"picked":"Slimebound:GrowthPunch","floor":5.0},{"not_picked":["Slimebound:LivingWall","Slimebound:Equalize"],"picked":"Slimebound:LeechEnergy","floor":8.0},{"not_picked":["Slimebound:RollThrough","Slimebound:SplitLeeching"],"picked":"Slimebound:PressTheAttack","floor":9.0},{"not_picked":["Slimebound:SlimeSpikes","Slimebound:SamplingLick"],"picked":"Slimebound:MinionMaster","floor":10.0},{"not_picked":["Slimebound:RollThrough","Slimebound:SplitAcid"],"picked":"Slimebound:SplitMire","floor":12.0},{"not_picked":["Slimebound:Gluttony","Slimebound:SpikyOuterGoop"],"picked":"Slimebound:RallyTheTroops","floor":13.0},{"not_picked":["Slimebound:ViciousTackle","Slimebound:BestDefense"],"picked":"Slimebound:PressTheAttack","floor":14.0},{"not_picked":["Slimebound:Gluttony","Slimebound:SplitMire"],"picked":"Slimebound:Repurpose","floor":15.0},{"not_picked":["Slimebound:SlimeSlap","Slimebound:MinionMaster"],"picked":"Slimebound:Teamwork","floor":16.0},{"not_picked":["Slimebound:ProtectTheBoss","Slimebound:Schlurp"],"picked":"Slimebound:SlimeTap","floor":19.0},{"not_picked":["Slimebound:SpikyOuterGoop","Slimebound:ComboTackle"],"picked":"Slimebound:SplitAcid","floor":20.0},{"not_picked":["Slimebound:RainOfGoop","Slimebound:SplitAcid"],"picked":"Slimebound:LeechingTouch","floor":21.0},{"not_picked":["Slimebound:SplitMire","Slimebound:LeechingTouch+1"],"picked":"Slimebound:LeadByExample+1","floor":23.0},{"not_picked":["Slimebound:SplitAcid","Slimebound:SlimeSpikes"],"picked":"Slimebound:SamplingLick","floor":26.0},{"not_picked":["Slimebound:RollThrough+1","Slimebound:SplitAcid","Slimebound:ProtectTheBoss"],"picked":"SKIP","floor":29},{"not_picked":["Slimebound:ViciousTackle+1","Slimebound:GrowthPunch"],"picked":"Slimebound:MegaLick","floor":32},{"not_picked":["Slimebound:RallyTheTroops","Slimebound:Teamwork"],"picked":"Slimebound:WasteNot","floor":33}],"player_experience":185766,"relics_obtained":[{"floor":4.0,"key":"MealTicket"},{"floor":6.0,"key":"Pantograph"},{"floor":7.0,"key":"Potion Belt"},{"floor":10.0,"key":"InkBottle"},{"floor":24.0,"key":"Girya"},{"floor":26.0,"key":"Blood Vial"}],"event_choices":[{"damage_healed":0.0,"max_hp_gain":0.0,"max_hp_loss":0.0,"gold_gain":0.0,"event_name":"NoteForYourself","player_choice":"Ignored","floor":11.0,"gold_loss":0.0,"damage_taken":0.0},{"damage_healed":0,"gold_gain":0,"player_choice":"Ignored","damage_taken":0,"max_hp_gain":0,"max_hp_loss":0,"event_name":"NoteForYourself","floor":28,"gold_loss":0}],"is_beta":false,"boss_relics":[{"not_picked":["Calling Bell","Astrolabe"],"picked":"Runic Pyramid"},{"not_picked":["Velvet Choker","Busted Crown"],"picked":"Slimebound:AbsorbEndCombatUpgraded"}],"items_purged_floors":[12],"is_endless":false,"potions_floor_spawned":[2,5,9,15,16,19,26,29,32,33],"killed_by":"3 Darklings","ascension_level":0}}