{"host":"873t0y8ybyo38pfq","time":1608654706,"event":{"mods":["BaseMod","Colored Map","Highlight Path","Minty Spire (QoL Compilation)","Rare Cards Sparkle","StSLib"],"gold_per_floor":[113,133,283,34,45,71,71,98,98,98,114,130,198,209,209,280,280,299,313,313,323,343,343,378,35,61,61,78,78,92,106,106,178,178,196,250,525,35,51,51,71,71,95,111,128,145,159,191,191,191,191,191,191,17,52,52,52],"floor_reached":56,"playtime":5973,"items_purged":["Doubt"],"score":2005,"play_id":"43d933e3-6d7e-405c-910f-18b143d9f1ae","local_time":"20201222113146","is_ascension_mode":true,"campfire_choices":[{"data":"Strike_G","floor":10,"key":"PURGE"},{"data":"Strike_G","floor":15,"key":"PURGE"},{"floor":23,"key":"REST"},{"data":"Strike_G","floor":27,"key":"PURGE"},{"data":"Strike_G","floor":29,"key":"PURGE"},{"floor":32,"key":"REST"},{"data":"Strike_G","floor":40,"key":"PURGE"},{"floor":42,"key":"REST"},{"floor":49,"key":"RECALL"},{"data":"Regret","floor":53,"key":"PURGE"}],"circlet_count":0,"master_deck":["AscendersBane","Defend_G","Defend_G","Defend_G","Defend_G","Defend_G","Survivor","Neutralize","Calculated Gamble","Sucker Punch","Die Die Die","Eviscerate","Backflip","Adrenaline","Infinite Blades","Blur","Cloak And Dagger","Backstab","Corpse Explosion","Flying Knee+1","Adrenaline","PiercingWail","PiercingWail","Leg Sweep","Purity","PiercingWail","PiercingWail+1","Storm of Steel","Acrobatics","Adrenaline","Distraction","Blade Dance","Backstab","Terror","Acrobatics","Blade Dance+1","Wraith Form v2+1"],"relics":["Ring of the Serpent","NeowsBlessing","Dead Branch","Peace Pipe","Mango","Frozen Egg 2","Philosopher\u0027s Stone","Torii","Frozen Eye","Incense Burner","DollysMirror","Ice Cream","Happy Flower","Eternal Feather","CaptainsWheel"],"acts_visited":["Exordium","TheCity","TheBeyond","TheEnding"],"potions_floor_usage":[8,16,16,16,16,22,24,28,33,36,36,50,50],"damage_taken":[{"damage":0,"enemies":"2 Louse","floor":1,"turns":1},{"damage":0,"enemies":"Small Slimes","floor":2,"turns":1},{"damage":0,"enemies":"Jaw Worm","floor":5,"turns":1},{"damage":57,"enemies":"Gremlin Nob","floor":6,"turns":5},{"damage":7,"enemies":"Lagavulin","floor":8,"turns":5},{"damage":0,"enemies":"Exordium Thugs","floor":11,"turns":2},{"damage":0,"enemies":"Lots of Slimes","floor":12,"turns":1},{"damage":0,"enemies":"3 Louse","floor":14,"turns":2},{"damage":19,"enemies":"Hexaghost","floor":16,"turns":10},{"damage":5,"enemies":"2 Thieves","floor":18,"turns":3},{"damage":7,"enemies":"Spheric Guardian","floor":19,"turns":4},{"damage":0,"enemies":"Centurion and Healer","floor":21,"turns":3},{"damage":17,"enemies":"Snake Plant","floor":22,"turns":4},{"damage":13,"enemies":"Book of Stabbing","floor":24,"turns":5},{"damage":1,"enemies":"Shelled Parasite and Fungi","floor":28,"turns":4},{"damage":19,"enemies":"Chosen and Byrds","floor":30,"turns":4},{"damage":1,"enemies":"Centurion and Healer","floor":31,"turns":4},{"damage":8,"enemies":"Collector","floor":33,"turns":5},{"damage":7,"enemies":"3 Darklings","floor":35,"turns":3},{"damage":2,"enemies":"2 Orb Walkers","floor":36,"turns":2},{"damage":0,"enemies":"3 Shapes","floor":39,"turns":3},{"damage":27,"enemies":"Maw","floor":41,"turns":7},{"damage":0,"enemies":"Jaw Worm Horde","floor":44,"turns":2},{"damage":0,"enemies":"3 Darklings","floor":45,"turns":2},{"damage":3,"enemies":"4 Shapes","floor":46,"turns":6},{"damage":6,"enemies":"Sphere and 2 Shapes","floor":47,"turns":5},{"damage":0,"enemies":"Nemesis","floor":48,"turns":3},{"damage":14,"enemies":"Donu and Deca","floor":50,"turns":6},{"damage":50,"enemies":"Awakened One","floor":51,"turns":16},{"damage":6,"enemies":"Shield and Spear","floor":55,"turns":5},{"damage":74,"enemies":"The Heart","floor":56,"turns":8}],"seed_played":"-51949725420674432","potions_obtained":[{"floor":6,"key":"AttackPotion"},{"floor":8,"key":"EntropicBrew"},{"floor":11,"key":"ColorlessPotion"},{"floor":14,"key":"Poison Potion"},{"floor":16,"key":"Ancient Potion"},{"floor":21,"key":"Regen Potion"},{"floor":22,"key":"SteroidPotion"},{"floor":24,"key":"Explosive Potion"},{"floor":31,"key":"CultistPotion"},{"floor":33,"key":"BlessingOfTheForge"},{"floor":36,"key":"GamblersBrew"},{"floor":44,"key":"SneckoOil"},{"floor":48,"key":"ColorlessPotion"}],"is_trial":false,"path_per_floor":["M","M","?","$","M","E","?","E","T","R","M","M","T","M","R","B",null,"M","M","?","M","M","R","E","$","T","R","M","R","M","M","R","B",null,"M","?","?","$","M","R","M","R","T","M","M","M","M","E","R","B","B",null,"R","$","E","B"],"character_chosen":"THE_SILENT","items_purchased":["Die Die Die","Eviscerate","Leg Sweep","Purity","Frozen Eye","DollysMirror","Ice Cream","Wraith Form v2+1"],"campfire_rested":3,"item_purchase_floors":[4,4,25,25,25,38,38,54],"current_hp_per_floor":[59,59,59,59,59,2,24,17,31,31,31,31,31,31,31,12,63,58,51,51,51,46,70,57,57,57,57,56,56,37,36,60,52,73,66,64,64,64,64,64,37,61,61,61,61,58,52,52,73,59,9,62,80,80,74,0,0],"gold":52,"neow_bonus":"THREE_ENEMY_KILL","is_daily":false,"chose_seed":false,"campfire_upgraded":0,"win_rate":0.0,"timestamp":1608654706,"path_taken":["M","M","?","$","M","E","?","E","T","R","?","M","?","?","R","BOSS","M","M","?","M","?","R","E","$","T","R","M","R","?","?","R","BOSS","M","?","?","$","?","R","M","R","T","M","M","M","M","E","R","BOSS","BOSS","R","$","E","BOSS"],"items_purchased_type":["Card","Card","Card","Card","Relic","Relic","Relic","Card"],"build_version":"2020-12-13","purchased_purges":1,"victory":false,"max_hp_per_floor":[66,66,66,66,66,66,66,66,80,80,80,80,80,80,80,80,80,80,80,80,80,80,80,80,80,80,80,80,80,80,80,80,80,80,80,80,80,80,80,80,80,80,80,80,80,80,80,80,80,80,80,80,80,80,80,80,80],"card_choices":[{"not_picked":["Underhanded Strike","Quick Slash"],"picked":"Calculated Gamble","floor":1},{"not_picked":["Calculated Gamble","Well Laid Plans"],"picked":"Sucker Punch","floor":2},{"not_picked":["Underhanded Strike","Riddle With Holes"],"picked":"Backflip","floor":5},{"not_picked":["Cloak And Dagger","Outmaneuver"],"picked":"Adrenaline","floor":6},{"not_picked":["Dagger Throw","Poisoned Stab"],"picked":"Infinite Blades","floor":8},{"not_picked":["Caltrops","Choke"],"picked":"Blur","floor":11},{"not_picked":["Reflex","Blade Dance"],"picked":"Cloak And Dagger","floor":12},{"not_picked":["Outmaneuver","Deadly Poison"],"picked":"Backstab","floor":14},{"not_picked":["Bullet Time","Burst"],"picked":"Corpse Explosion","floor":16},{"not_picked":["Heel Hook","Dodge and Roll","Endless Agony"],"picked":"SKIP","floor":18},{"not_picked":["Bouncing Flask+1","Tactician"],"picked":"Flying Knee+1","floor":19},{"not_picked":["Quick Slash","Slice","Dodge and Roll"],"picked":"SKIP","floor":21},{"not_picked":["Setup","Flechettes"],"picked":"PiercingWail","floor":22},{"not_picked":["Poisoned Stab","Acrobatics"],"picked":"PiercingWail","floor":24},{"not_picked":["Flying Knee","Dagger Throw"],"picked":"PiercingWail","floor":28},{"not_picked":["Deflect","Flechettes","Deadly Poison"],"picked":"SKIP","floor":30},{"not_picked":["Expertise","Terror"],"picked":"PiercingWail+1","floor":31},{"not_picked":["Night Terror","Envenom+1"],"picked":"Storm of Steel","floor":33},{"not_picked":["Slice","Blade Dance+1"],"picked":"Acrobatics","floor":35},{"not_picked":["Flying Knee","Sucker Punch+1"],"picked":"Distraction","floor":39},{"not_picked":["Quick Slash","Poisoned Stab"],"picked":"Blade Dance","floor":41},{"not_picked":["Setup","Blade Dance+1"],"picked":"Backstab","floor":44},{"not_picked":["Catalyst","Distraction","Quick Slash+1"],"picked":"SKIP","floor":45},{"not_picked":["Expertise","Grand Finale"],"picked":"Terror","floor":46},{"not_picked":["Noxious Fumes+1","Dodge and Roll"],"picked":"Acrobatics","floor":47},{"not_picked":["Dodge and Roll","Deflect"],"picked":"Blade Dance+1","floor":48},{"not_picked":["Deflect","Blade Dance","Choke+1"],"picked":"SKIP","floor":55}],"player_experience":1326928,"relics_obtained":[{"floor":6,"key":"Dead Branch"},{"floor":8,"key":"Peace Pipe"},{"floor":9,"key":"Mango"},{"floor":13,"key":"Frozen Egg 2"},{"floor":24,"key":"Torii"},{"floor":36,"key":"Incense Burner"},{"floor":43,"key":"Happy Flower"},{"floor":48,"key":"Eternal Feather"},{"floor":55,"key":"CaptainsWheel"}],"event_choices":[{"damage_healed":0,"gold_gain":150,"player_choice":"AGREE","damage_taken":0,"max_hp_gain":0,"max_hp_loss":0,"event_name":"Liars Game","floor":3,"gold_loss":0,"cards_obtained":["Doubt"]},{"damage_healed":22,"gold_gain":0,"player_choice":"Banana","damage_taken":0,"max_hp_gain":0,"max_hp_loss":0,"event_name":"Big Fish","floor":7,"gold_loss":0},{"damage_healed":0,"gold_gain":0,"player_choice":"Copied","damage_taken":0,"max_hp_gain":0,"max_hp_loss":0,"event_name":"Duplicator","floor":20,"gold_loss":0,"cards_obtained":["Adrenaline"]},{"damage_healed":0,"gold_gain":0,"player_choice":"Fight","damage_taken":0,"max_hp_gain":0,"max_hp_loss":0,"event_name":"Mysterious Sphere","floor":36,"gold_loss":0},{"damage_healed":0,"gold_gain":275,"player_choice":"Desecrate","damage_taken":0,"max_hp_gain":0,"max_hp_loss":0,"event_name":"Golden Shrine","floor":37,"gold_loss":0,"cards_obtained":["Regret"]}],"is_beta":false,"boss_relics":[{"not_picked":["Pandora\u0027s Box","Coffee Dripper"],"picked":"Philosopher\u0027s Stone"},{"not_picked":["Runic Dome","SlaversCollar"],"picked":"Ring of the Serpent"}],"items_purged_floors":[4],"is_endless":false,"potions_floor_spawned":[6,8,11,14,16,21,22,24,31,33,36,44,48],"killed_by":"The Heart","ascension_level":20}}