{"host":"30jsp143e4v19aze","time":1608668033,"event":{"mods":["BaseMod","Colored Map","Colored Powertips","Curses Come First","DeckTracker","Highlight Path","Minty Spire (QoL Compilation)","Quick Restart","Relic Stats","StSLib"],"gold_per_floor":[119,119,119,136,156,182,182,182,205,205,205,205],"floor_reached":11,"playtime":357,"items_purged":[],"score":138,"play_id":"bba53d13-d45c-42a1-b9be-d247efef14e0","local_time":"20201222211353","is_ascension_mode":true,"campfire_choices":[{"floor":7,"key":"REST"}],"circlet_count":0,"master_deck":["AscendersBane","Strike_G","Strike_G","Strike_G","Strike_G","Strike_G","Defend_G","Defend_G","Defend_G","Defend_G","Survivor","Neutralize","Noxious Fumes","Riddle With Holes","Dash","Dagger Spray"],"relics":["Black Star","Omamori","White Beast Statue","Golden Idol","Bag of Preparation"],"acts_visited":["Exordium"],"potions_floor_usage":[6],"damage_taken":[{"damage":6,"enemies":"Small Slimes","floor":1,"turns":7},{"damage":4,"enemies":"Jaw Worm","floor":4,"turns":4},{"damage":0,"enemies":"Cultist","floor":5,"turns":4},{"damage":33,"enemies":"Lagavulin","floor":6,"turns":7},{"damage":54,"enemies":"Gremlin Nob","floor":11,"turns":4}],"seed_played":"-2988698446386228234","potions_obtained":[{"floor":1,"key":"LiquidBronze"},{"floor":5,"key":"ColorlessPotion"}],"is_trial":false,"path_per_floor":["M","?","?","M","M","E","R","?","T","?","E"],"character_chosen":"THE_SILENT","items_purchased":[],"campfire_rested":1,"item_purchase_floors":[],"current_hp_per_floor":[53,58,58,54,54,21,42,42,42,42,0,0],"gold":205,"neow_bonus":"BOSS_RELIC","is_daily":false,"chose_seed":false,"campfire_upgraded":0,"win_rate":0.0,"timestamp":1608668033,"path_taken":["M","?","?","M","?","E","R","?","T","?","E"],"items_purchased_type":[],"build_version":"2020-12-13","purchased_purges":0,"victory":false,"max_hp_per_floor":[66,71,71,71,71,71,71,64,64,64,64,64],"relic_stats":{"counters":[5,26],"Golden Idol":0,"Black Star":1,"Bag of Preparation":[2],"obtain_stats":[{"Golden Idol":8,"Black Star":0,"Omamori":6,"Bag of Preparation":9,"White Beast Statue":6,"Ring of the Snake":0},{"Golden Idol":4,"Black Star":0,"Omamori":4,"Bag of Preparation":4,"White Beast Statue":4,"Ring of the Snake":0},{"Golden Idol":22,"Black Star":0,"Omamori":22,"Bag of Preparation":22,"White Beast Statue":22,"Ring of the Snake":0}]},"card_choices":[{"not_picked":["Sucker Punch","Acrobatics"],"picked":"Noxious Fumes","floor":1},{"not_picked":["Quick Slash","Deadly Poison"],"picked":"Riddle With Holes","floor":4},{"not_picked":["Cloak And Dagger","Reflex"],"picked":"Dash","floor":5},{"not_picked":["Backflip","Quick Slash"],"picked":"Dagger Spray","floor":6}],"player_experience":3064217,"relics_obtained":[{"floor":6,"key":"Omamori"},{"floor":6,"key":"White Beast Statue"},{"floor":9,"key":"Bag of Preparation"}],"event_choices":[{"damage_healed":0,"gold_gain":0,"player_choice":"Donut","damage_taken":0,"max_hp_gain":5,"max_hp_loss":0,"event_name":"Big Fish","floor":2,"gold_loss":0},{"cards_removed":["Defend_G"],"damage_healed":0,"gold_gain":0,"player_choice":"Purged","damage_taken":0,"max_hp_gain":0,"max_hp_loss":0,"event_name":"Purifier","floor":3,"gold_loss":0},{"damage_healed":0,"gold_gain":0,"player_choice":"Lose Max HP","damage_taken":0,"relics_obtained":["Golden Idol"],"max_hp_gain":0,"max_hp_loss":7,"event_name":"Golden Idol","floor":8,"gold_loss":0},{"damage_healed":0,"gold_gain":0,"player_choice":"Ignored","damage_taken":0,"max_hp_gain":0,"max_hp_loss":0,"event_name":"Liars Game","floor":10,"gold_loss":0}],"is_beta":false,"boss_relics":[],"items_purged_floors":[],"is_endless":false,"potions_floor_spawned":[1,5],"killed_by":"Gremlin Nob","ascension_level":19}}