{"host":"c2og1cp357bgjv9b","time":1608649493,"event":{"mods":["BaseMod","Colored Map","Minty Spire (QoL Compilation)","Replay The Spire","StSLib"],"gold_per_floor":[110,110,132,150,150,150,150,150,229,239,255,255,274,140,140,238,238,250,250,70,70,70,103,103,113,138,156,171,188,206,218,218,317,317,327,327,327,340,390,390,421,421,445,31,31,46,58,70,70,70,70],"floor_reached":50,"playtime":3431,"items_purged":["Overencumbered","Strike_G","Strike_G"],"score":809,"play_id":"c91d3380-7802-431c-8c43-cb149873c47c","local_time":"20201222230453","is_ascension_mode":false,"campfire_choices":[{"data":"Deflect","floor":6.0,"key":"SMITH"},{"data":"Deflect","floor":8.0,"key":"SMITH"},{"data":"ReplayTheSpireMod:Scrap Shanks","floor":15.0,"key":"SMITH"},{"floor":32.0,"key":"REST"},{"floor":40,"key":"REST"},{"floor":42,"key":"REST"},{"floor":49,"key":"RECALL"}],"circlet_count":0,"master_deck":["Strike_G","Strike_G+1","Defend_G+1","Defend_G","Defend_G","Defend_G","Survivor","Neutralize","Deflect+1","Poisoned Stab","Blade Dance+1","Deflect+1","Prepared","Backflip","Footwork","PiercingWail","Blade Dance","Blade Dance+1","ReplayTheSpireMod:Scrap Shanks+1","Flash of Steel+1","Envenom","Cloak And Dagger","Finisher","Hidden Blade","Accuracy","Shame","ReplayTheSpireMod:Shiv Toss","Accuracy","Calculated Gamble","Dagger Throw","Fluid Movement","Tools of the Trade","Outmaneuver","Prepared","Blade Dance+1","Slice","Prepared","ReplayTheSpireMod:Scrap Shanks","Slice","Burst","Tactician+1","Dagger Spray+1","ReplayTheSpireMod:Scrap Shanks+1","Tactician","Reflex+1","PiercingWail+1","Backstab","ReplayTheSpireMod:Uncanny Aura","Steam+1","Cold Snap+1","ReplayTheSpireMod:The Works","Scrape+1","ReplayTheSpireMod:Speed Training","Go for the Eyes"],"relics":["Ring of the Snake","NeowsBlessing","Prayer Wheel","HornCleat","Bottled Flame","ReplayTheSpireMod:CursedCoin","Honey Jar","Replay:WaspNest","Whetstone","ReplayFunnel","Snecko Scales","Ice Cream","Replay:Wax Seal","PrismaticShard"],"acts_visited":["Exordium","TheCity","TheBeyond"],"potions_floor_usage":[44],"damage_taken":[{"damage":0.0,"enemies":"Small Slimes","floor":1.0,"turns":1.0},{"damage":0.0,"enemies":"Jaw Worm","floor":4.0,"turns":1.0},{"damage":0.0,"enemies":"Cultist","floor":10.0,"turns":1.0},{"damage":2.0,"enemies":"3 Louse","floor":11.0,"turns":3.0},{"damage":4.0,"enemies":"2 Fungi Beasts","floor":13.0,"turns":5.0},{"damage":30.0,"enemies":"Slime Boss","floor":16.0,"turns":15.0},{"damage":4.0,"enemies":"3 Byrds","floor":18.0,"turns":5.0},{"damage":0.0,"enemies":"Replay:Snechameleon","floor":23.0,"turns":5.0},{"damage":3.0,"enemies":"Shell Parasite","floor":25.0,"turns":3.0},{"damage":0.0,"enemies":"Snecko","floor":27.0,"turns":4.0},{"damage":7.0,"enemies":"Shelled Parasite and Fungi","floor":28.0,"turns":3.0},{"damage":4.0,"enemies":"3 Cultists","floor":29.0,"turns":5.0},{"damage":3.0,"enemies":"Chosen and Byrds","floor":30.0,"turns":3.0},{"damage":11.0,"enemies":"Shelled Parasite and Fungi","floor":31.0,"turns":2.0},{"damage":12.0,"enemies":"Pondfish","floor":33.0,"turns":4.0},{"damage":46,"enemies":"3 Shapes","floor":35,"turns":3},{"damage":0,"enemies":"Orb Walker","floor":38,"turns":3},{"damage":12,"enemies":"Mind Bloom Boss Battle","floor":39,"turns":4},{"damage":0,"enemies":"Giant Head","floor":41,"turns":3},{"damage":32,"enemies":"4 Shapes","floor":46,"turns":3},{"damage":1,"enemies":"Jaw Worm Horde","floor":47,"turns":3},{"damage":15,"enemies":"Maw","floor":48,"turns":5},{"damage":12,"enemies":"Time Eater","floor":50,"turns":1}],"seed_played":"9211457914985709047","potions_obtained":[{"floor":4.0,"key":"Reflective Coating"},{"floor":10.0,"key":"LiquidMemories"},{"floor":13.0,"key":"Dexterity Potion"},{"floor":16.0,"key":"BlessingOfTheForge"},{"floor":28.0,"key":"Dexterity Potion"},{"floor":29.0,"key":"Explosive Potion"},{"floor":31.0,"key":"Adrenaline Potion"},{"floor":38,"key":"Energy Potion"},{"floor":47,"key":"Explosive Potion"}],"is_trial":false,"path_per_floor":["M","?","?","M","?","R","?","R","T","M","M","T","M","$","R","B",null,"M","?","$","?","?","E","$","M","T","M","M","M","M","M","R","B",null,"M","?","?","M","?","R","E","R","T","$","?","M","M","M","R","B"],"character_chosen":"THE_SILENT","items_purchased":["Blade Dance+1","ReplayTheSpireMod:Scrap Shanks","ReplayTheSpireMod:CursedCoin","Flash of Steel","Accuracy","PrismaticShard","Backstab","Fruit Juice"],"campfire_rested":3,"item_purchase_floors":[14,14,14,14,20,44,44,44],"current_hp_per_floor":[70,70,53,53,53,53,39,39,39,39,37,37,33,33,33,3,70,66,66,66,66,66,66,66,63,63,63,56,52,49,38,59,47,70,24,24,24,24,12,31,31,50,50,55,55,23,22,7,7,0,0],"gold":70,"neow_bonus":"THREE_ENEMY_KILL","is_daily":false,"chose_seed":false,"campfire_upgraded":3,"win_rate":0.0,"timestamp":1608649493,"path_taken":["M","?","?","?","?","R","?","R","T","M","M","?","M","?","R","BOSS","M","?","$","?","?","E","?","M","T","M","?","M","?","M","R","BOSS","M","?","?","M","?","R","E","R","T","$","?","M","?","M","R","BOSS"],"items_purchased_type":["Card","Card","Relic","Card","Card","Relic","Card","Potion"],"build_version":"2020-12-13","purchased_purges":3,"victory":false,"max_hp_per_floor":[70,70,70,70,70,70,70,70,70,70,70,70,70,70,70,70,70,70,70,70,70,70,70,70,70,70,70,70,70,70,70,70,70,70,70,70,66,66,66,66,66,66,66,71,71,71,71,71,71,71,71],"card_choices":[{"not_picked":["Blade Dance","Sneak Up"],"picked":"Deflect","floor":1.0},{"not_picked":["Fluid Movement","ReplayTheSpireMod:The Works"],"picked":"Poisoned Stab","floor":3.0},{"not_picked":["Riddle With Holes","Cloak And Dagger"],"picked":"Blade Dance","floor":4.0},{"not_picked":["Escape Plan","Slice"],"picked":"Deflect","floor":4.0},{"not_picked":["Blade Dance","Masterful Stab"],"picked":"Prepared","floor":10.0},{"not_picked":["Quick Slash","Acrobatics"],"picked":"Backflip","floor":10.0},{"not_picked":["Crippling Poison","Phantasmal Killer"],"picked":"Footwork","floor":11.0},{"not_picked":["Riddle With Holes","Sucker Punch"],"picked":"PiercingWail","floor":11.0},{"not_picked":["Outmaneuver","Deadly Poison"],"picked":"Blade Dance","floor":13.0},{"not_picked":["Wraith Form v2","Deadly Poison","Dodge and Roll"],"picked":"SKIP","floor":13.0},{"not_picked":["Phantasmal Killer","Wraith Form v2"],"picked":"Envenom","floor":16.0},{"not_picked":["Well Laid Plans","Dagger Spray","Flechettes"],"picked":"Cloak And Dagger","floor":18.0},{"not_picked":["Dagger Throw+1","Acrobatics+1","Sneak Up"],"picked":"Finisher","floor":18.0},{"not_picked":["Slice","Crippling Poison","Backflip+1"],"picked":"ReplayTheSpireMod:Shiv Toss","floor":23.0},{"not_picked":["Deadly Poison","Slice+1","Reflex"],"picked":"Accuracy","floor":25.0},{"not_picked":["Skewer+1","PiercingWail","Poisoned Stab+1"],"picked":"Calculated Gamble","floor":25.0},{"not_picked":["Dagger Spray+1","Flying Knee+1","Crippling Poison+1"],"picked":"Dagger Throw","floor":27.0},{"not_picked":["Poisoned Stab","Masterful Stab","Deadly Poison"],"picked":"Fluid Movement","floor":27.0},{"not_picked":["Dash","Underhanded Strike","Finisher+1"],"picked":"Tools of the Trade","floor":28.0},{"not_picked":["Deflect","All Out Attack","Underhanded Strike"],"picked":"Outmaneuver","floor":28.0},{"not_picked":["Acrobatics","Deflect","Sucker Punch"],"picked":"Prepared","floor":29.0},{"not_picked":["After Image","Deflect","Poisoned Stab+1"],"picked":"Blade Dance+1","floor":29.0},{"not_picked":["Dash","Finisher","Poisoned Stab"],"picked":"Slice","floor":30.0},{"not_picked":["Flying Knee","Sneak Up","Quick Slash+1"],"picked":"Prepared","floor":30.0},{"not_picked":["Eviscerate","Hidden Blade+1","Backflip"],"picked":"ReplayTheSpireMod:Scrap Shanks","floor":31.0},{"not_picked":["Dagger Throw","PiercingWail","Distraction"],"picked":"Slice","floor":31.0},{"not_picked":["Wraith Form v2","Envenom","Glass Knife"],"picked":"Burst","floor":33.0},{"not_picked":["Crippling Poison+1","Prepared","Blade Dance+1"],"picked":"Tactician+1","floor":35},{"not_picked":["Deadly Poison+1","Predator","Poisoned Stab"],"picked":"Dagger Spray+1","floor":35},{"not_picked":["Dagger Throw+1","Leg Sweep+1","Acrobatics+1"],"picked":"ReplayTheSpireMod:Scrap Shanks+1","floor":38},{"not_picked":["Distraction","Outmaneuver+1","Prepared+1"],"picked":"Tactician","floor":38},{"not_picked":["PiercingWail","Venomology","Sneak Up"],"picked":"Reflex+1","floor":39},{"not_picked":["Dagger Spray+1","Catalyst","Endless Agony"],"picked":"PiercingWail+1","floor":41},{"not_picked":["Poisoned Strike","Deep Breath","Dramatic Entrance"],"picked":"ReplayTheSpireMod:Uncanny Aura","floor":45},{"not_picked":["Hidden Blade+1","PiercingWail","Streamline+1"],"picked":"Steam+1","floor":46},{"not_picked":["Acrobatics","Quick Slash","Sword Boomerang+1"],"picked":"Cold Snap+1","floor":46},{"not_picked":["Hemogenesis","Coolheaded+1","Steam+1"],"picked":"ReplayTheSpireMod:The Works","floor":47},{"not_picked":["Gash+1","Thunderclap+1","ClearTheMind"],"picked":"Scrape+1","floor":47},{"not_picked":["Backflip","Acrobatics","Undo+1"],"picked":"ReplayTheSpireMod:Speed Training","floor":48},{"not_picked":["Iron Wave+1","FollowUp","ReplayGash"],"picked":"Go for the Eyes","floor":48}],"player_experience":82895,"relics_obtained":[{"floor":3.0,"key":"Prayer Wheel"},{"floor":9.0,"key":"HornCleat"},{"floor":12.0,"key":"Bottled Flame"},{"floor":23.0,"key":"Whetstone"},{"floor":26.0,"key":"ReplayFunnel"},{"floor":39,"key":"Ice Cream"},{"floor":41,"key":"Replay:Wax Seal"}],"event_choices":[{"cards_removed":["Strike_G"],"damage_healed":0.0,"max_hp_gain":0.0,"max_hp_loss":0.0,"gold_gain":0.0,"event_name":"Living Wall","player_choice":"Forget","floor":5.0,"gold_loss":0.0,"damage_taken":0.0},{"damage_healed":0.0,"max_hp_gain":0.0,"max_hp_loss":0.0,"gold_gain":0.0,"event_name":"Shining Light","player_choice":"Entered Light","floor":7.0,"gold_loss":0.0,"damage_taken":14.0,"cards_upgraded":["Blade Dance","Defend_G"]},{"damage_healed":0.0,"max_hp_gain":0.0,"max_hp_loss":0.0,"gold_gain":0.0,"event_name":"The Library","player_choice":"Read","floor":19.0,"gold_loss":0.0,"damage_taken":0.0,"cards_obtained":["Hidden Blade"]},{"damage_healed":0.0,"max_hp_gain":0.0,"max_hp_loss":0.0,"gold_gain":0.0,"event_name":"Addict","player_choice":"Stole Relic","floor":22.0,"gold_loss":0.0,"damage_taken":0.0,"relics_obtained":["Replay:WaspNest"],"cards_obtained":["Shame"]},{"damage_healed":0,"gold_gain":0,"player_choice":"Ignored","damage_taken":0,"max_hp_gain":0,"max_hp_loss":0,"event_name":"Tomb of Lord Red Mask","floor":36,"gold_loss":0},{"damage_healed":0,"gold_gain":0,"player_choice":"Max HP","damage_taken":0,"max_hp_gain":0,"max_hp_loss":4,"event_name":"Winding Halls","floor":37,"gold_loss":0},{"damage_healed":0,"gold_gain":0,"player_choice":"Fight","damage_taken":0,"max_hp_gain":0,"max_hp_loss":0,"event_name":"MindBloom","floor":39,"gold_loss":0},{"damage_healed":0,"gold_gain":0,"player_choice":"Memory 1","damage_taken":0,"max_hp_gain":0,"max_hp_loss":0,"event_name":"SensoryStone","floor":45,"gold_loss":0}],"is_beta":false,"boss_relics":[{"not_picked":["Cursed Key","Coffee Dripper"],"picked":"Honey Jar"},{"not_picked":["Ring of the Serpent","Replay:Ancient Bell"],"picked":"Snecko Scales"}],"items_purged_floors":[14,20,44],"is_endless":false,"potions_floor_spawned":[4,10,13,16,28,29,31,38,47],"killed_by":"Time Eater","ascension_level":0}}