{"host":"45yz5qp3g5urlpd5","time":1608604318,"event":{"mods":["Act Like it!","BaseMod","Colored Powertips","Gensokyo","Minty Spire (QoL Compilation)","Relic Stats","StSLib"],"gold_per_floor":[115,42,42,55,55,55,90,100,126,126,126,154,166,11,11,85,85,103,0,0,10,10,10,10,10,10,10,10,43,63,76,76,76,76],"floor_reached":33,"playtime":1067,"items_purged":[],"score":500,"play_id":"bfc9f4c6-61cf-47b8-b65c-d7fb25aff379","local_time":"20201221213158","is_ascension_mode":true,"campfire_choices":[{"data":"Bash","floor":6,"key":"SMITH"},{"data":"Clothesline","floor":11,"key":"SMITH"},{"data":"Shrug It Off","floor":15,"key":"SMITH"},{"floor":23,"key":"REST"},{"data":"Metallicize","floor":25,"key":"SMITH"},{"data":"Fiend Fire","floor":28,"key":"SMITH"},{"floor":32,"key":"REST"}],"circlet_count":0,"master_deck":["AscendersBane","Strike_R+1","Strike_R","Defend_R","Defend_R","Defend_R","Defend_R+1","Bash+1","Clothesline+1","Shrug It Off+1","Cleave","Corruption","Fiend Fire+1","Metallicize+1","Gensokyo:FourOfAKind","Gensokyo:FourOfAKind","Gensokyo:FourOfAKind","Gensokyo:FourOfAKind","Armaments+1","Shrug It Off","Inflame","Pummel"],"relics":["Burning Blood","NeowsBlessing","Gensokyo:NagashiBinaDoll","Ginger","Juzu Bracelet","Happy Flower","Pear","Lizard Tail","WingedGreaves","PreservedInsect","Empty Cage","Bronze Scales","Charon\u0027s Ashes"],"acts_visited":["Gensokyo:Gensokyo","Gensokyo:Gensokyoer"],"potions_floor_usage":[12,16,16,18,29],"damage_taken":[{"damage":0,"enemies":"Gensokyo:3_Fairies","floor":1,"turns":2},{"damage":0,"enemies":"Gensokyo:Gryphon","floor":4,"turns":1},{"damage":0,"enemies":"Gensokyo:Aya","floor":7,"turns":1},{"damage":9,"enemies":"Gensokyo:2_Kodama","floor":8,"turns":5},{"damage":27,"enemies":"Gensokyo:Mamizou","floor":12,"turns":10},{"damage":5,"enemies":"Gensokyo:VengefulSpirit","floor":13,"turns":5},{"damage":85,"enemies":"Gensokyo:Kokoro","floor":16,"turns":14},{"damage":57,"enemies":"Gensokyo:3_Dogs","floor":18,"turns":7},{"damage":19,"enemies":"Gensokyo:CosmicMonolith","floor":21,"turns":5},{"damage":24,"enemies":"Gensokyo:Reisen","floor":29,"turns":5},{"damage":6,"enemies":"Gensokyo:Chomper_and_Gloop","floor":30,"turns":3},{"damage":0,"enemies":"Gensokyo:3_Gloops","floor":31,"turns":5},{"damage":60,"enemies":"Gensokyo:Eternal_Rivals","floor":33,"turns":8}],"seed_played":"7795814295968490810","potions_obtained":[{"floor":1,"key":"Fire Potion"},{"floor":8,"key":"ColorlessPotion"},{"floor":13,"key":"FearPotion"},{"floor":18,"key":"BloodPotion"},{"floor":29,"key":"Fruit Juice"}],"is_trial":false,"path_per_floor":["M","COS","?","M","T","R","E","M","T","?","R","?","M","$","R","B",null,"M","?","?","M","?","R","$","R","T","?","R","E","M","M","R","B"],"character_chosen":"IRONCLAD","items_purchased":["PreservedInsect"],"campfire_rested":2,"item_purchase_floors":[14],"current_hp_per_floor":[74,74,74,75,75,75,75,72,72,67,67,46,47,47,47,48,76,42,42,42,29,29,47,47,47,47,47,47,34,34,40,59,0,0],"gold":76,"neow_bonus":"THREE_ENEMY_KILL","is_daily":false,"chose_seed":false,"campfire_upgraded":5,"win_rate":0.0,"timestamp":1608604318,"path_taken":["M","COS","?","M","?","R","E","M","T","?","R","?","M","$","R","BOSS","M","?","?","M","?","R","$","R","T","?","R","E","M","M","R","BOSS"],"items_purchased_type":["Relic"],"build_version":"2020-12-13","purchased_purges":0,"victory":false,"max_hp_per_floor":[75,75,75,75,75,75,75,75,75,85,85,85,85,85,85,85,85,85,85,60,60,60,60,60,60,60,60,60,65,65,65,65,65,65],"relic_stats":{"Lizard Tail":42,"Happy Flower":[20],"counters":[13,71],"Bronze Scales":[36],"PreservedInsect":44,"Charon\u0027s Ashes":[123],"Juzu Bracelet":1,"Ginger":[23],"obtain_stats":[{"Pear":10,"NeowsBlessing":0,"Happy Flower":9,"Gensokyo:NagashiBinaDoll":3,"PreservedInsect":14,"Charon\u0027s Ashes":29,"Juzu Bracelet":7,"Ginger":5,"Empty Cage":17,"Burning Blood":0,"Lizard Tail":12,"Bronze Scales":26,"WingedGreaves":13},{"Pear":4,"NeowsBlessing":0,"Happy Flower":4,"Gensokyo:NagashiBinaDoll":1,"PreservedInsect":6,"Charon\u0027s Ashes":10,"Juzu Bracelet":3,"Ginger":2,"Empty Cage":7,"Burning Blood":0,"Lizard Tail":5,"Bronze Scales":9,"WingedGreaves":6},{"Pear":9,"NeowsBlessing":0,"Happy Flower":9,"Gensokyo:NagashiBinaDoll":2,"PreservedInsect":24,"Charon\u0027s Ashes":55,"Juzu Bracelet":4,"Ginger":3,"Empty Cage":38,"Burning Blood":0,"Lizard Tail":19,"Bronze Scales":50,"WingedGreaves":22}],"Burning Blood":61},"card_choices":[{"not_picked":["Fire Breathing","Body Slam"],"picked":"Clothesline","floor":1},{"not_picked":["Pummel","Fire Breathing"],"picked":"Shrug It Off","floor":4},{"not_picked":["Body Slam","Reckless Charge"],"picked":"Cleave","floor":7},{"not_picked":["Clash","Intimidate","Twin Strike"],"picked":"SKIP","floor":8},{"not_picked":["Headbutt","Combust"],"picked":"Corruption","floor":12},{"not_picked":["True Grit","Headbutt","Fire Breathing"],"picked":"SKIP","floor":13},{"not_picked":["Feed","Corruption"],"picked":"Fiend Fire","floor":16},{"not_picked":["Wild Strike","Flex"],"picked":"Metallicize","floor":18},{"not_picked":["Anger","Intimidate"],"picked":"Armaments+1","floor":21},{"not_picked":["Battle Trance","Sever Soul"],"picked":"Inflame","floor":29},{"not_picked":["Body Slam","Clash","Reckless Charge"],"picked":"SKIP","floor":30},{"not_picked":["Body Slam","Thunderclap"],"picked":"Pummel","floor":31}],"player_experience":255315,"relics_obtained":[{"floor":5,"key":"Ginger"},{"floor":7,"key":"Juzu Bracelet"},{"floor":9,"key":"Happy Flower"},{"floor":12,"key":"Lizard Tail"},{"floor":26,"key":"Bronze Scales"},{"floor":29,"key":"Charon\u0027s Ashes"}],"event_choices":[],"is_beta":false,"boss_relics":[{"not_picked":["Coffee Dripper","Ectoplasm"],"picked":"Empty Cage"}],"items_purged_floors":[],"is_endless":false,"potions_floor_spawned":[1,8,13,18,29],"killed_by":"Gensokyo:Eternal_Rivals","ascension_level":14}}