{"host":"1tkoe3l8wf0xx8if","time":1608634590,"event":{"mods":["AchievementEnabler","BaseMod","Colored Map","Minty Spire (QoL Compilation)","Quick Restart","StSLib","SuperFastMode"],"gold_per_floor":[118,138,157,173,173,173,173,173,173,173,191,191,208,224,224,298,298,311,311,327,252,267,300,300,313,339,339,195,195,215,244,244,244,244],"floor_reached":33,"playtime":981,"items_purged":["Juggernaut"],"score":485,"play_id":"4ac8dca3-a2b4-41c4-bde7-37168a513c02","local_time":"20201222195630","is_ascension_mode":true,"campfire_choices":[{"data":"Feed","floor":6.0,"key":"SMITH"},{"data":"Perfected Strike","floor":8.0,"key":"SMITH"},{"data":"Bash","floor":10.0,"key":"SMITH"},{"data":"Pommel Strike","floor":12.0,"key":"SMITH"},{"data":"Shrug It Off","floor":15.0,"key":"SMITH"},{"data":"Evolve","floor":24,"key":"SMITH"},{"floor":29,"key":"REST"},{"floor":32,"key":"REST"}],"circlet_count":0,"master_deck":["AscendersBane","Strike_R+1","Strike_R+1","Strike_R+1","Strike_R+1","Strike_R+1","Defend_R+1","Defend_R+1","Bash+1","Feed+1","Shrug It Off+1","Thunderclap","Perfected Strike+1","Perfected Strike+1","Pommel Strike+1","Wild Strike","Offering","Pommel Strike+1","Headbutt+1","True Grit","Second Wind","Evolve+1","Dark Embrace","Shockwave"],"relics":["Burning Blood","Kunai","Matryoshka","Sozu","Pantograph","Blood Vial","Art of War","Whetstone","Tiny Chest"],"acts_visited":["Exordium","TheCity"],"potions_floor_usage":[16],"damage_taken":[{"damage":7.0,"enemies":"Small Slimes","floor":1.0,"turns":4.0},{"damage":14.0,"enemies":"Jaw Worm","floor":2.0,"turns":4.0},{"damage":3.0,"enemies":"2 Louse","floor":3.0,"turns":4.0},{"damage":7.0,"enemies":"2 Fungi Beasts","floor":4.0,"turns":4.0},{"damage":10.0,"enemies":"Exordium Wildlife","floor":11.0,"turns":4.0},{"damage":0.0,"enemies":"Blue Slaver","floor":13.0,"turns":1.0},{"damage":9.0,"enemies":"3 Louse","floor":14.0,"turns":3.0},{"damage":56,"enemies":"The Guardian","floor":16,"turns":10},{"damage":14,"enemies":"Shell Parasite","floor":18,"turns":3},{"damage":0,"enemies":"Spheric Guardian","floor":20,"turns":2},{"damage":24,"enemies":"Snake Plant","floor":22,"turns":3},{"damage":35,"enemies":"Slavers","floor":23,"turns":6},{"damage":27,"enemies":"Snecko","floor":25,"turns":4},{"damage":7,"enemies":"Chosen and Byrds","floor":30,"turns":3},{"damage":31,"enemies":"Book of Stabbing","floor":31,"turns":4},{"damage":87,"enemies":"Champ","floor":33,"turns":8}],"seed_played":"-1569196945464490839","potions_obtained":[{"floor":3.0,"key":"BlessingOfTheForge"},{"floor":4.0,"key":"LiquidBronze"},{"floor":13.0,"key":"DistilledChaos"}],"is_trial":false,"path_per_floor":["M","M","M","M","?","R","?","R","T","R","M","R","M","M","R","B",null,"M","?","M","$","M","E","R","M","T","?","$","R","M","E","R","B"],"character_chosen":"IRONCLAD","items_purchased":["Whetstone"],"campfire_rested":2,"item_purchase_floors":[28],"current_hp_per_floor":[74,69,75,77,74,74,74,74,74,74,74,74,80,81,81,31,83,75,75,81,81,63,34,34,13,13,13,13,43,48,25,56,0,0],"gold":244,"neow_bonus":"ONE_RANDOM_RARE_CARD","is_daily":false,"chose_seed":false,"campfire_upgraded":6,"win_rate":0.0,"timestamp":1608634590,"path_taken":["M","M","M","M","?","R","?","R","T","R","M","R","?","M","R","BOSS","M","?","M","$","M","E","R","M","T","?","?","R","?","E","R","BOSS"],"items_purchased_type":["Relic"],"build_version":"2020-12-13","purchased_purges":1,"victory":false,"max_hp_per_floor":[83,86,89,92,92,92,92,92,92,92,96,96,96,100,100,100,100,100,100,100,100,100,100,100,100,100,100,100,100,104,104,104,104,104],"card_choices":[{"not_picked":["Body Slam","Clothesline"],"picked":"Shrug It Off","floor":1.0},{"not_picked":["Anger","Clash"],"picked":"Thunderclap","floor":2.0},{"not_picked":["Clash","Heavy Blade"],"picked":"Perfected Strike","floor":3.0},{"not_picked":["Berserk","Reckless Charge"],"picked":"Perfected Strike","floor":4.0},{"not_picked":["Warcry","Burning Pact"],"picked":"Pommel Strike","floor":11.0},{"not_picked":["Intimidate","Havoc","Clash"],"picked":"SKIP","floor":13.0},{"not_picked":["Fire Breathing","Headbutt"],"picked":"Wild Strike","floor":14.0},{"not_picked":["Corruption","Limit Break"],"picked":"Offering","floor":16},{"not_picked":["Headbutt","Power Through"],"picked":"Pommel Strike","floor":18},{"not_picked":["Anger","Thunderclap"],"picked":"True Grit","floor":20},{"not_picked":["Body Slam","Cleave"],"picked":"Second Wind","floor":22},{"not_picked":["Hemokinesis","Feed"],"picked":"Evolve","floor":23},{"not_picked":["Hemokinesis","Burning Pact"],"picked":"Dark Embrace","floor":25},{"not_picked":["Uppercut+1","Headbutt"],"picked":"Shockwave","floor":30},{"not_picked":["Wild Strike","Armaments+1","Clash"],"picked":"SKIP","floor":31}],"player_experience":307930,"relics_obtained":[{"floor":9.0,"key":"Matryoshka"},{"floor":23,"key":"Pantograph"},{"floor":26,"key":"Blood Vial"},{"floor":26,"key":"Art of War"},{"floor":31,"key":"Tiny Chest"}],"event_choices":[{"damage_healed":0.0,"max_hp_gain":0.0,"max_hp_loss":0.0,"gold_gain":0.0,"event_name":"Scrap Ooze","player_choice":"Success","floor":5.0,"gold_loss":0.0,"damage_taken":3.0,"relics_obtained":["Kunai"]},{"damage_healed":0.0,"max_hp_gain":0.0,"max_hp_loss":0.0,"gold_gain":0.0,"event_name":"Living Wall","player_choice":"Grow","floor":7.0,"gold_loss":0.0,"damage_taken":0.0,"cards_upgraded":["Perfected Strike"]},{"damage_healed":0,"gold_gain":0,"cards_transformed":["Defend_R","Defend_R"],"player_choice":"Became Test Subject","damage_taken":0,"max_hp_gain":0,"max_hp_loss":0,"event_name":"Drug Dealer","floor":19,"gold_loss":0,"cards_obtained":["Juggernaut","Headbutt"]},{"damage_healed":0,"gold_gain":0,"player_choice":"Simplicity","damage_taken":0,"max_hp_gain":0,"max_hp_loss":0,"event_name":"Back to Basics","floor":27,"gold_loss":0,"cards_upgraded":["Strike_R","Strike_R","Strike_R","Strike_R","Strike_R","Defend_R","Defend_R"]}],"is_beta":false,"boss_relics":[{"not_picked":["Cursed Key","Runic Cube"],"picked":"Sozu"}],"items_purged_floors":[21],"is_endless":false,"potions_floor_spawned":[3,4,13,14,22,25,30],"killed_by":"Champ","ascension_level":13}}