{"host":"69rply1jf2d1wbmp","time":1608677003,"event":{"mods":["BaseMod","Minty Spire (QoL Compilation)","Quick Restart"],"gold_per_floor":[113,131,55,55,106,136,168,168,238,238,83,115,115,115,115,212,212,231,0,0,11,11,44,75,94,94,111,31,31,56,75,75,170,170,185,70,86,102,2,28,61,87,111,111,111,111,129,158,158,258,258,271,271,287,287,47,82,100,127,177,190,190,218,189,221,221,317,317,327,80,80,0,0,34,63,63,88,88,115,144,159,259,259,361,361,371,164,164,46,46,76,76,101,127,127,127,160,160,192,192,287,287,306,115,138,88,106,141,141,171,200,200,144,169,184,215,215,311,311,324,121,121,0,0,27,56,90,118,118,118,144,156,30,30,134,184,204,204,1,1,11,40,66,79,114,114,143,195,195,223,223,319,319,319],"floor_reached":153,"playtime":4477,"items_purged":["Quick Slash","Decay","Flechettes"],"score":5542,"play_id":"c704ac06-6f2d-466b-a880-56eb0f3c55f0","local_time":"20201222174323","daily_mods":["SealedDeck","Heirloom","Flight"],"is_ascension_mode":false,"campfire_choices":[{"data":"Accuracy","floor":8,"key":"SMITH"},{"data":"Cloak And Dagger","floor":10,"key":"SMITH"},{"data":"Terror","floor":13,"key":"SMITH"},{"data":"Dodge and Roll","floor":15,"key":"SMITH"},{"data":"Cloak And Dagger","floor":29,"key":"SMITH"},{"floor":32,"key":"REST"},{"data":"Blade Dance","floor":44,"key":"SMITH"},{"data":"Blade Dance","floor":46,"key":"SMITH"},{"data":"Blade Dance","floor":49,"key":"SMITH"},{"data":"Phantasmal Killer","floor":66,"key":"SMITH"},{"data":"Accuracy","floor":76,"key":"SMITH"},{"data":"Corpse Explosion","floor":78,"key":"SMITH"},{"data":"Backstab","floor":83,"key":"SMITH"},{"data":"Backstab","floor":95,"key":"SMITH"},{"data":"After Image","floor":96,"key":"SMITH"},{"data":"Infinite Blades","floor":98,"key":"SMITH"},{"data":"Dash+1","floor":100,"key":"PURGE"},{"data":"Backstab+1","floor":109,"key":"PURGE"},{"floor":112,"key":"REST"},{"data":"Noxious Fumes","floor":117,"key":"SMITH"},{"floor":129,"key":"REST"},{"floor":134,"key":"REST"},{"floor":146,"key":"REST"},{"floor":149,"key":"REST"},{"floor":151,"key":"REST"}],"circlet_count":0,"master_deck":["Dodge and Roll+1","Blade Dance+1","Blur+1","Cloak And Dagger+1","Accuracy+1","Blade Dance+1","Terror+1","Corpse Explosion+1","CurseOfTheBell","Cloak And Dagger+1","Infinite Blades+1","Phantasmal Killer+1","Cloak And Dagger+1","After Image+1","Accuracy+1","Deflect+1","Backflip+1","Accuracy+1","Escape Plan+1","Deflect+1","Noxious Fumes+1"],"relics":["Ring of the Serpent","Torii","Bronze Scales","Pen Nib","Eternal Feather","Peace Pipe","Calling Bell","Regal Pillow","Kunai","Lizard Tail","Vajra","The Courier","Toxic Egg 2","Oddly Smooth Stone","Pear","Tough Bandages","Busted Crown","DollysMirror","Akabeko","Mercury Hourglass","Bottled Tornado","Bag of Preparation","Singing Bowl","WristBlade","Strawberry","Ancient Tea Set","Orichalcum","TwistedFunnel","MutagenicStrength","Dead Branch","Mummified Hand","Black Star","MealTicket","Nunchaku","Philosopher\u0027s Stone","Bottled Lightning","Odd Mushroom","SlaversCollar","Matryoshka","Medical Kit","Happy Flower","ClockworkSouvenir","Tiny House","Shuriken","Ginger","HoveringKite"],"acts_visited":["Exordium","TheCity","TheBeyond","Exordium","TheCity","TheBeyond","Exordium","TheCity","TheBeyond","Exordium"],"potions_floor_usage":[24,63,82,142],"damage_taken":[{"damage":0,"enemies":"Small Slimes","floor":1,"turns":1},{"damage":0,"enemies":"2 Louse","floor":2,"turns":1},{"damage":0,"enemies":"3 Sentries","floor":6,"turns":4},{"damage":0,"enemies":"Lagavulin","floor":7,"turns":5},{"damage":0,"enemies":"3 Sentries","floor":12,"turns":4},{"damage":26,"enemies":"The Guardian","floor":16,"turns":4},{"damage":0,"enemies":"Shell Parasite","floor":18,"turns":2},{"damage":0,"enemies":"Spheric Guardian","floor":21,"turns":3},{"damage":0,"enemies":"Gremlin Leader","floor":23,"turns":3},{"damage":18,"enemies":"Book of Stabbing","floor":24,"turns":3},{"damage":18,"enemies":"Shelled Parasite and Fungi","floor":25,"turns":2},{"damage":2,"enemies":"Centurion and Healer","floor":27,"turns":3},{"damage":7,"enemies":"Gremlin Leader","floor":30,"turns":2},{"damage":1,"enemies":"Snake Plant","floor":31,"turns":3},{"damage":32,"enemies":"Automaton","floor":33,"turns":6},{"damage":0,"enemies":"3 Darklings","floor":35,"turns":2},{"damage":0,"enemies":"3 Shapes","floor":37,"turns":2},{"damage":0,"enemies":"Maw","floor":38,"turns":4},{"damage":7,"enemies":"Nemesis","floor":40,"turns":3},{"damage":0,"enemies":"Giant Head","floor":41,"turns":4},{"damage":28,"enemies":"Nemesis","floor":42,"turns":3},{"damage":0,"enemies":"Transient","floor":47,"turns":4},{"damage":13,"enemies":"Giant Head","floor":48,"turns":3},{"damage":1,"enemies":"Donu and Deca","floor":50,"turns":4},{"damage":0,"enemies":"2 Louse","floor":52,"turns":1},{"damage":0,"enemies":"Jaw Worm","floor":54,"turns":1},{"damage":0,"enemies":"Gremlin Nob","floor":57,"turns":1},{"damage":0,"enemies":"Small Slimes","floor":58,"turns":1},{"damage":0,"enemies":"Lagavulin","floor":59,"turns":1},{"damage":0,"enemies":"2 Fungi Beasts","floor":61,"turns":1},{"damage":0,"enemies":"Gremlin Nob","floor":63,"turns":2},{"damage":0,"enemies":"Lagavulin","floor":65,"turns":2},{"damage":0,"enemies":"The Guardian","floor":67,"turns":2},{"damage":0,"enemies":"Shell Parasite","floor":69,"turns":2},{"damage":0,"enemies":"Book of Stabbing","floor":74,"turns":2},{"damage":0,"enemies":"Gremlin Leader","floor":75,"turns":2},{"damage":0,"enemies":"Book of Stabbing","floor":77,"turns":1},{"damage":8,"enemies":"Gremlin Leader","floor":79,"turns":2},{"damage":0,"enemies":"Slavers","floor":80,"turns":2},{"damage":6,"enemies":"2 Thieves","floor":81,"turns":2},{"damage":0,"enemies":"Colosseum Slavers","floor":82,"turns":1},{"damage":11,"enemies":"Colosseum Nobs","floor":82,"turns":2},{"damage":0,"enemies":"Collector","floor":84,"turns":2},{"damage":0,"enemies":"Orb Walker","floor":86,"turns":2},{"damage":0,"enemies":"Giant Head","floor":91,"turns":3},{"damage":0,"enemies":"Nemesis","floor":93,"turns":3},{"damage":0,"enemies":"Reptomancer","floor":94,"turns":3},{"damage":0,"enemies":"Giant Head","floor":97,"turns":2},{"damage":0,"enemies":"Reptomancer","floor":99,"turns":2},{"damage":30,"enemies":"Awakened One","floor":101,"turns":5},{"damage":0,"enemies":"2 Louse","floor":103,"turns":1},{"damage":0,"enemies":"The Mushroom Lair","floor":105,"turns":2},{"damage":0,"enemies":"Cultist","floor":107,"turns":1},{"damage":0,"enemies":"3 Sentries","floor":108,"turns":2},{"damage":0,"enemies":"Gremlin Nob","floor":110,"turns":1},{"damage":0,"enemies":"3 Sentries","floor":111,"turns":2},{"damage":0,"enemies":"Lagavulin","floor":114,"turns":1},{"damage":0,"enemies":"Small Slimes","floor":115,"turns":1},{"damage":0,"enemies":"3 Sentries","floor":116,"turns":2},{"damage":0,"enemies":"Hexaghost","floor":118,"turns":2},{"damage":0,"enemies":"2 Thieves","floor":120,"turns":1},{"damage":40,"enemies":"Book of Stabbing","floor":125,"turns":2},{"damage":18,"enemies":"Gremlin Leader","floor":126,"turns":2},{"damage":0,"enemies":"Book of Stabbing","floor":127,"turns":2},{"damage":1,"enemies":"Slavers","floor":128,"turns":2},{"damage":0,"enemies":"Book of Stabbing","floor":131,"turns":2},{"damage":1,"enemies":"3 Byrds","floor":132,"turns":2},{"damage":0,"enemies":"Collector","floor":135,"turns":3},{"damage":3,"enemies":"3 Shapes","floor":137,"turns":2},{"damage":0,"enemies":"Orb Walker","floor":141,"turns":1},{"damage":0,"enemies":"Reptomancer","floor":142,"turns":2},{"damage":0,"enemies":"Giant Head","floor":143,"turns":2},{"damage":0,"enemies":"Transient","floor":144,"turns":4},{"damage":0,"enemies":"Reptomancer","floor":145,"turns":3},{"damage":0,"enemies":"Giant Head","floor":147,"turns":2},{"damage":23,"enemies":"2 Orb Walkers","floor":148,"turns":2},{"damage":0,"enemies":"Reptomancer","floor":150,"turns":3},{"damage":25,"enemies":"Donu and Deca","floor":152,"turns":4}],"seed_played":"887672992412259570","potions_obtained":[{"floor":1,"key":"Energy Potion"},{"floor":2,"key":"SmokeBomb"},{"floor":6,"key":"SpeedPotion"},{"floor":18,"key":"CunningPotion"},{"floor":24,"key":"Fruit Juice"},{"floor":30,"key":"Ancient Potion"},{"floor":67,"key":"PowerPotion"},{"floor":84,"key":"Energy Potion"},{"floor":142,"key":"Fruit Juice"},{"floor":147,"key":"SkillPotion"}],"is_trial":true,"path_per_floor":["M","M","$","?","?","E","E","R","T","R","$","E","R","?","R","B",null,"M","$","?","M","?","E","E","M","T","M","$","R","E","M","R","B",null,"M","$","M","M","$","E","E","E","T","R","?","R","M","E","R","B",null,"M","?","M","?","$","E","M","E","T","M","$","E","?","E","R","B",null,"M","$","?","?","?","E","E","R","E","R","E","E","M","?","R","B",null,"M","$","?","$","?","E","?","E","E","R","R","E","R","E","R","B",null,"M","$","?","?","M","E","R","E","E","R","$","E","M","E","R","B",null,"M","$","?","$","?","E","E","E","E","R","?","E","M","$","R","B",null,"M","?","$","?","M","E","E","M","E","R","E","?","R","E","R","B",null],"character_chosen":"THE_SILENT","items_purchased":["Accuracy","Terror","Vajra","Infinite Blades","DollysMirror","Strawberry","Ancient Tea Set","TwistedFunnel","Accuracy","Escape Plan+1","MealTicket","FairyPotion","Nunchaku","Bottled Lightning","Noxious Fumes","Matryoshka","Medical Kit","ClockworkSouvenir","Shuriken"],"campfire_rested":7,"item_purchase_floors":[3,11,19,19,36,56,56,70,70,70,87,87,89,104,113,121,123,133,139],"current_hp_per_floor":[70,70,70,56,56,56,56,56,56,62,62,62,68,68,70,44,70,70,70,70,70,70,70,57,39,49,47,47,59,52,51,85,53,85,85,85,85,85,85,78,78,50,50,62,62,74,74,63,75,76,89,91,91,93,93,100,102,104,106,106,108,108,108,108,110,110,112,112,114,114,114,114,114,116,118,118,120,120,112,114,110,101,116,118,128,130,130,123,123,125,127,127,129,131,131,131,133,133,135,135,107,137,139,139,141,141,143,145,145,147,149,149,149,151,153,155,155,157,157,159,159,159,159,159,121,105,107,108,167,167,169,170,171,171,173,180,179,179,182,182,184,191,193,195,197,197,199,178,201,203,203,180,205,205],"gold":319,"neow_bonus":"","is_daily":false,"chose_seed":false,"campfire_upgraded":16,"win_rate":0.0,"timestamp":1608677003,"path_taken":["M","M","$","?","?","E","E","R","T","R","?","E","R","?","R","BOSS","M","$","?","M","?","E","E","M","T","?","$","R","E","?","R","BOSS","M","$","?","M","?","E","E","E","T","R","?","R","?","E","R","BOSS","M","?","?","?","$","E","M","E","T","?","$","E","?","E","R","BOSS","M","$","?","?","?","E","E","R","E","R","E","E","?","?","R","BOSS","M","$","?","$","?","E","?","E","E","R","R","E","R","E","R","BOSS","M","$","?","?","?","E","R","E","E","R","$","E","M","E","R","BOSS","M","$","?","$","?","E","E","E","E","R","?","E","?","$","R","BOSS","M","?","$","?","M","E","E","?","E","R","E","?","R","E","R","BOSS"],"items_purchased_type":["Card","Card","Relic","Card","Relic","Relic","Relic","Relic","Card","Card","Relic","Potion","Relic","Relic","Card","Relic","Relic","Relic","Relic"],"build_version":"2020-12-13","purchased_purges":3,"victory":false,"max_hp_per_floor":[70,70,70,70,70,70,70,70,70,70,70,70,70,70,70,70,70,70,70,70,70,70,70,75,75,85,85,85,85,85,85,85,85,85,85,85,85,85,85,85,85,85,85,85,85,85,85,87,87,89,89,91,91,93,93,100,102,104,106,106,108,108,108,108,110,110,112,112,114,114,114,114,114,116,118,118,120,120,120,122,124,126,126,128,128,130,130,123,123,125,127,127,129,131,131,131,133,133,135,135,137,137,139,139,141,141,143,145,145,147,149,149,149,151,153,155,155,157,157,159,159,159,159,159,161,163,165,167,167,167,169,171,171,171,173,180,182,182,182,182,184,191,193,195,197,197,199,201,201,203,203,205,205,205],"card_choices":[{"not_picked":["Expertise","Flying Knee"],"picked":"Cloak And Dagger","floor":1},{"not_picked":["Well Laid Plans","Flying Knee","PiercingWail"],"picked":"SKIP","floor":2},{"not_picked":["Underhanded Strike","Heel Hook","Blur"],"picked":"SKIP","floor":6},{"not_picked":["Dodge and Roll","Prepared"],"picked":"Blade Dance","floor":7},{"not_picked":["Crippling Poison","Poisoned Stab","Die Die Die"],"picked":"SKIP","floor":12},{"not_picked":["Grand Finale","Glass Knife"],"picked":"Corpse Explosion","floor":16},{"not_picked":["Poisoned Stab","Terror"],"picked":"Cloak And Dagger","floor":18},{"not_picked":["Outmaneuver","Slice+1"],"picked":"Phantasmal Killer","floor":21},{"not_picked":["Noxious Fumes","Blade Dance+1","Endless Agony"],"picked":"SKIP","floor":23},{"not_picked":["Flying Knee","Dodge and Roll+1","Dagger Throw+1"],"picked":"SKIP","floor":24},{"not_picked":["Cloak And Dagger+1","Dash+1"],"picked":"Accuracy+1","floor":25},{"not_picked":["Underhanded Strike","Flying Knee+1"],"picked":"Cloak And Dagger+1","floor":27},{"not_picked":["Deadly Poison+1","Unload"],"picked":"Backstab","floor":30},{"not_picked":["Outmaneuver+1","Bouncing Flask+1","Cloak And Dagger+1"],"picked":"SKIP","floor":31},{"not_picked":["Envenom","Corpse Explosion+1"],"picked":"After Image","floor":33},{"not_picked":["Dash"],"picked":"SKIP","floor":35},{"not_picked":[],"picked":"Deflect+1","floor":37},{"not_picked":["Outmaneuver+1"],"picked":"SKIP","floor":38},{"not_picked":["Terror+1"],"picked":"SKIP","floor":40},{"not_picked":["Quick Slash"],"picked":"SKIP","floor":41},{"not_picked":["Blade Dance+1"],"picked":"SKIP","floor":42},{"not_picked":["Night Terror+1"],"picked":"SKIP","floor":47},{"not_picked":["Underhanded Strike"],"picked":"Singing Bowl","floor":48},{"not_picked":["Envenom"],"picked":"Singing Bowl","floor":50},{"not_picked":["Backflip+1"],"picked":"Singing Bowl","floor":52},{"not_picked":["Catalyst+1"],"picked":"Singing Bowl","floor":54},{"not_picked":["Outmaneuver+1"],"picked":"Singing Bowl","floor":57},{"not_picked":["Finisher"],"picked":"Singing Bowl","floor":58},{"not_picked":["Prepared+1"],"picked":"Singing Bowl","floor":59},{"not_picked":["Infinite Blades"],"picked":"Singing Bowl","floor":61},{"not_picked":[],"picked":"Backflip+1","floor":63},{"not_picked":["Underhanded Strike"],"picked":"Singing Bowl","floor":65},{"not_picked":["Wraith Form v2"],"picked":"Singing Bowl","floor":67},{"not_picked":["Quick Slash+1"],"picked":"Singing Bowl","floor":69},{"not_picked":["All Out Attack"],"picked":"Singing Bowl","floor":74},{"not_picked":["Prepared+1"],"picked":"Singing Bowl","floor":75},{"not_picked":["Underhanded Strike"],"picked":"Singing Bowl","floor":77},{"not_picked":[],"picked":"Deflect+1","floor":79},{"not_picked":["All Out Attack"],"picked":"Singing Bowl","floor":80},{"not_picked":["Corpse Explosion+1"],"picked":"Singing Bowl","floor":81},{"not_picked":["Slice"],"picked":"Singing Bowl","floor":82},{"not_picked":["Envenom"],"picked":"Singing Bowl","floor":84},{"not_picked":["Poisoned Stab+1"],"picked":"Singing Bowl","floor":86},{"not_picked":["Secret Weapon+1"],"picked":"Singing Bowl","floor":90},{"not_picked":["Concentrate+1"],"picked":"Singing Bowl","floor":91},{"not_picked":["Heel Hook+1"],"picked":"Singing Bowl","floor":93},{"not_picked":["Backflip+1"],"picked":"Singing Bowl","floor":94},{"not_picked":["Footwork"],"picked":"Singing Bowl","floor":97},{"not_picked":["Acrobatics+1"],"picked":"Singing Bowl","floor":99},{"not_picked":["Doppelganger+1"],"picked":"Singing Bowl","floor":101},{"not_picked":["Sucker Punch"],"picked":"Singing Bowl","floor":103},{"not_picked":["Backstab"],"picked":"Singing Bowl","floor":105},{"not_picked":["Skewer"],"picked":"Singing Bowl","floor":107},{"not_picked":["Poisoned Stab"],"picked":"Singing Bowl","floor":108},{"not_picked":["Catalyst+1"],"picked":"Singing Bowl","floor":110},{"not_picked":["Sucker Punch"],"picked":"Singing Bowl","floor":111},{"not_picked":["Dagger Spray"],"picked":"Singing Bowl","floor":114},{"not_picked":["Acrobatics+1"],"picked":"Singing Bowl","floor":115},{"not_picked":["Well Laid Plans"],"picked":"Singing Bowl","floor":116},{"not_picked":["Glass Knife"],"picked":"Singing Bowl","floor":118},{"not_picked":["Dodge and Roll+1"],"picked":"Singing Bowl","floor":120},{"not_picked":["Sucker Punch"],"picked":"Singing Bowl","floor":125},{"not_picked":["Escape Plan+1"],"picked":"Singing Bowl","floor":126},{"not_picked":["Poisoned Stab"],"picked":"Singing Bowl","floor":127},{"not_picked":["Reflex+1"],"picked":"Singing Bowl","floor":128},{"not_picked":["Concentrate+1"],"picked":"Singing Bowl","floor":131},{"not_picked":["Deflect+1"],"picked":"Singing Bowl","floor":132},{"not_picked":["Night Terror+1"],"picked":"Singing Bowl","floor":135},{"not_picked":["Quick Slash"],"picked":"Singing Bowl","floor":136},{"not_picked":["Dodge and Roll+1"],"picked":"Singing Bowl","floor":137},{"not_picked":["Outmaneuver+1"],"picked":"Singing Bowl","floor":141},{"not_picked":["Dagger Throw+1"],"picked":"Singing Bowl","floor":142},{"not_picked":["Blade Dance+1"],"picked":"Singing Bowl","floor":143},{"not_picked":["Acrobatics+1"],"picked":"Singing Bowl","floor":144},{"not_picked":["Flying Knee"],"picked":"Singing Bowl","floor":145},{"not_picked":["Glass Knife"],"picked":"Singing Bowl","floor":147},{"not_picked":["Quick Slash"],"picked":"Singing Bowl","floor":148},{"not_picked":["Outmaneuver+1"],"picked":"Singing Bowl","floor":150},{"not_picked":["Night Terror+1"],"picked":"Singing Bowl","floor":152}],"player_experience":389413,"relics_obtained":[{"floor":6,"key":"Bronze Scales"},{"floor":7,"key":"Pen Nib"},{"floor":9,"key":"Eternal Feather"},{"floor":12,"key":"Peace Pipe"},{"floor":17,"key":"Regal Pillow"},{"floor":17,"key":"Kunai"},{"floor":17,"key":"Lizard Tail"},{"floor":23,"key":"Toxic Egg 2"},{"floor":24,"key":"Oddly Smooth Stone"},{"floor":26,"key":"Pear"},{"floor":30,"key":"Tough Bandages"},{"floor":40,"key":"Akabeko"},{"floor":41,"key":"Mercury Hourglass"},{"floor":42,"key":"Bottled Tornado"},{"floor":43,"key":"Bag of Preparation"},{"floor":48,"key":"Singing Bowl"},{"floor":60,"key":"Orichalcum"},{"floor":82,"key":"Dead Branch"},{"floor":82,"key":"Mummified Hand"},{"floor":105,"key":"Odd Mushroom"},{"floor":148,"key":"Ginger"}],"event_choices":[{"damage_healed":0,"gold_gain":0,"player_choice":"Entered Light","damage_taken":14,"max_hp_gain":0,"max_hp_loss":0,"event_name":"Shining Light","floor":4,"gold_loss":0,"cards_upgraded":["Dash","Slice"]},{"damage_healed":0,"gold_gain":51,"player_choice":"Gained Gold","damage_taken":0,"max_hp_gain":0,"max_hp_loss":0,"event_name":"Golden Wing","floor":5,"gold_loss":0},{"damage_healed":0,"gold_gain":0,"player_choice":"Ignored","damage_taken":0,"max_hp_gain":0,"max_hp_loss":0,"event_name":"Liars Game","floor":14,"gold_loss":0},{"damage_healed":0,"gold_gain":0,"player_choice":"Opened","damage_taken":0,"relics_obtained":["The Courier"],"max_hp_gain":0,"max_hp_loss":0,"event_name":"The Mausoleum","floor":20,"gold_loss":0},{"damage_healed":0,"gold_gain":0,"player_choice":"Cursed","damage_taken":0,"max_hp_gain":0,"max_hp_loss":0,"event_name":"Wheel of Change","floor":22,"gold_loss":0,"cards_obtained":["Decay"]},{"damage_healed":0,"gold_gain":0,"player_choice":"Ignored","damage_taken":0,"max_hp_gain":0,"max_hp_loss":0,"event_name":"NoteForYourself","floor":45,"gold_loss":0},{"damage_healed":0,"gold_gain":0,"player_choice":"Forge","damage_taken":0,"max_hp_gain":0,"max_hp_loss":0,"event_name":"Accursed Blacksmith","floor":53,"gold_loss":0,"cards_upgraded":["Blur"]},{"cards_removed":["Quick Slash"],"damage_healed":5,"gold_gain":0,"player_choice":"Offered Common","damage_taken":0,"max_hp_gain":0,"max_hp_loss":0,"event_name":"Bonfire Elementals","floor":55,"gold_loss":0},{"cards_removed":["Quick Slash"],"damage_healed":5,"gold_gain":0,"player_choice":"Offered Special","damage_taken":0,"max_hp_gain":0,"max_hp_loss":0,"event_name":"Bonfire Elementals","floor":55,"gold_loss":0},{"damage_healed":0,"gold_gain":0,"player_choice":"Left Gold","damage_taken":0,"max_hp_gain":0,"max_hp_loss":0,"event_name":"World of Goop","floor":64,"gold_loss":29},{"damage_healed":0,"gold_gain":0,"player_choice":"Ignored","damage_taken":0,"max_hp_gain":0,"max_hp_loss":0,"event_name":"Ghosts","floor":71,"gold_loss":0},{"damage_healed":0,"gold_gain":0,"player_choice":"Paid Fearfully","damage_taken":0,"max_hp_gain":0,"max_hp_loss":0,"event_name":"Masked Bandits","floor":72,"gold_loss":80},{"damage_healed":0,"gold_gain":0,"player_choice":"Inject Mutagens","damage_taken":0,"relics_obtained":["MutagenicStrength"],"max_hp_gain":0,"max_hp_loss":0,"event_name":"Drug Dealer","floor":73,"gold_loss":0},{"damage_healed":0,"gold_gain":0,"player_choice":"Fight","damage_taken":0,"max_hp_gain":0,"max_hp_loss":0,"event_name":"Colosseum","floor":82,"gold_loss":0},{"damage_healed":0,"gold_gain":0,"player_choice":"Fought Nobs","damage_taken":0,"max_hp_gain":0,"max_hp_loss":0,"event_name":"Colosseum","floor":82,"gold_loss":0},{"damage_healed":0,"gold_gain":0,"player_choice":"Max HP","damage_taken":0,"max_hp_gain":0,"max_hp_loss":7,"event_name":"Winding Halls","floor":88,"gold_loss":0},{"damage_healed":0,"gold_gain":0,"player_choice":"Memory 1","damage_taken":0,"max_hp_gain":0,"max_hp_loss":0,"event_name":"SensoryStone","floor":90,"gold_loss":0},{"cards_removed":["Accuracy"],"damage_healed":0,"gold_gain":0,"player_choice":"Removed Power","damage_taken":0,"max_hp_gain":0,"max_hp_loss":0,"event_name":"Falling","floor":92,"gold_loss":0},{"damage_healed":0,"gold_gain":0,"player_choice":"Fought Mushrooms","damage_taken":0,"max_hp_gain":0,"max_hp_loss":0,"event_name":"Mushrooms","floor":105,"gold_loss":0},{"cards_removed":["Slice"],"damage_healed":0,"gold_gain":0,"player_choice":"Card Removal","damage_taken":0,"max_hp_gain":0,"max_hp_loss":0,"event_name":"The Cleric","floor":106,"gold_loss":50},{"damage_healed":0,"gold_gain":0,"player_choice":"Ignored","damage_taken":0,"max_hp_gain":0,"max_hp_loss":0,"event_name":"Vampires","floor":122,"gold_loss":0},{"damage_healed":0,"gold_gain":0,"player_choice":"Opened","damage_taken":0,"relics_obtained":["Happy Flower"],"max_hp_gain":0,"max_hp_loss":0,"event_name":"The Mausoleum","floor":124,"gold_loss":0},{"cards_removed":["Blade Dance"],"damage_healed":5,"gold_gain":0,"player_choice":"Offered Common","damage_taken":0,"max_hp_gain":0,"max_hp_loss":0,"event_name":"Bonfire Elementals","floor":130,"gold_loss":0},{"cards_removed":["Blade Dance"],"damage_healed":5,"gold_gain":0,"player_choice":"Offered Special","damage_taken":0,"max_hp_gain":0,"max_hp_loss":0,"event_name":"Bonfire Elementals","floor":130,"gold_loss":0},{"cards_removed":["Backstab"],"damage_healed":0,"gold_gain":0,"player_choice":"Removed Attack","damage_taken":0,"max_hp_gain":0,"max_hp_loss":0,"event_name":"Falling","floor":138,"gold_loss":0},{"damage_healed":0,"gold_gain":0,"player_choice":"Ignored","damage_taken":0,"max_hp_gain":0,"max_hp_loss":0,"event_name":"Duplicator","floor":140,"gold_loss":0},{"damage_healed":0,"gold_gain":0,"player_choice":"Fight","damage_taken":0,"max_hp_gain":0,"max_hp_loss":0,"event_name":"Mysterious Sphere","floor":148,"gold_loss":0}],"is_beta":false,"boss_relics":[{"not_picked":["HoveringKite","Runic Dome"],"picked":"Calling Bell"},{"not_picked":["Tiny House","Cursed Key"],"picked":"Busted Crown"},{"not_picked":["Coffee Dripper","Philosopher\u0027s Stone"],"picked":"WristBlade"},{"not_picked":["SlaversCollar","Cursed Key"],"picked":"Ring of the Serpent"},{"not_picked":["Fusion Hammer","HoveringKite"],"picked":"Black Star"},{"not_picked":["Runic Dome","Sozu"],"picked":"Philosopher\u0027s Stone"},{"not_picked":["Runic Pyramid","Snecko Eye"],"picked":"SlaversCollar"},{"not_picked":["Astrolabe","Empty Cage"],"picked":"Tiny House"},{"not_picked":["Coffee Dripper","Runic Dome"],"picked":"HoveringKite"}],"items_purged_floors":[11,28,39],"is_endless":true,"potions_floor_spawned":[1,2,6,12,18,21,24,30,35,47,50,54,57,61,67,74,81,84,91,93,97,105,111,115,116,127,131,135,142,147,148],"ascension_level":0}}