{"host":"93x13jgem5w43hjr","time":1608678688,"event":{"mods":["AchievementEnabler","BaseMod","Colored Map","Colored Powertips","Minty Spire (QoL Compilation)","StSLib","The Animator","The Bug Knight","Waifu the Spire"],"gold_per_floor":[114,0,0,0,0,0,0,16,16,16,28,103,120,137,137,235,235,252,252,252,2,2,36,52,77,77,77,77,97,97,97,97,202,202,221,221,234,247,76,76,76],"floor_reached":40,"playtime":2524,"items_purged":["HollowMod:NailStrikeStart","Pain","Regret"],"score":462,"play_id":"851454c4-38d9-4b43-93ef-3e8e890a63e3","local_time":"20201222161128","is_ascension_mode":false,"campfire_choices":[{"data":"HollowMod:SiblingsSouls","floor":6,"key":"SMITH"},{"floor":15,"key":"REST"},{"floor":30,"key":"REST"},{"floor":32,"key":"RECALL"}],"circlet_count":0,"master_deck":["HollowMod:QuickDashStart+1","HollowMod:QuickDashStart+1","HollowMod:QuickDashStart+1","HollowMod:QuickDashStart+1","HollowMod:FocusHealStart","HollowMod:PogoStrike","Good Instincts","HollowMod:SiblingsSouls+1","HollowMod:NewGlowingWomb+1","HollowMod:DashSlash","HollowMod:DashSlash","HollowMod:InfectionAssault","HollowMod:Weaversong","HollowMod:MothsMistake","RitualDagger","HollowMod:MothsMistake","Bite","Bite","Bite","Bite","Bite","HollowMod:CloakDash+1","HollowMod:NewLittleFool","HollowMod:MothsMistake+1","HollowMod:GoodIntentions+1","HollowMod:DoubleDash+1","HollowMod:LifebloodCocoon+1"],"relics":["HollowMod:VesselMask","Matryoshka","Regal Pillow","Letter Opener","Dead Branch","WarpedTongs","Fusion Hammer","DollysMirror","Shuriken","Bottled Flame","Sundial","Singing Bowl","Toxic Egg 2","Sozu"],"acts_visited":["Exordium","TheCity","TheBeyond"],"potions_floor_usage":[14,18,29,29,40],"damage_taken":[{"damage":0,"enemies":"Jaw Worm","floor":1,"turns":3},{"damage":7,"enemies":"Small Slimes","floor":8,"turns":4},{"damage":7,"enemies":"2 Louse","floor":11,"turns":2},{"damage":13,"enemies":"Exordium Thugs","floor":13,"turns":4},{"damage":12,"enemies":"3 Louse","floor":14,"turns":3},{"damage":77,"enemies":"The Guardian","floor":16,"turns":16},{"damage":13,"enemies":"Chosen","floor":18,"turns":5},{"damage":19,"enemies":"Gremlin Leader","floor":23,"turns":6},{"damage":0,"enemies":"Shell Parasite","floor":24,"turns":5},{"damage":36,"enemies":"Book of Stabbing","floor":25,"turns":6},{"damage":40,"enemies":"Shelled Parasite and Fungi","floor":29,"turns":6},{"damage":49,"enemies":"HollowMod:NKGrimm","floor":33,"turns":8},{"damage":8,"enemies":"3 Shapes","floor":35,"turns":4},{"damage":10,"enemies":"Orb Walker","floor":37,"turns":4},{"damage":65,"enemies":"Maw","floor":38,"turns":7},{"damage":56,"enemies":"Giant Head","floor":40,"turns":8}],"seed_played":"5874572058669315964","potions_obtained":[{"floor":11,"key":"Fire Potion"},{"floor":16,"key":"FearPotion"},{"floor":23,"key":"Regen Potion"},{"floor":25,"key":"Regen Potion"},{"floor":33,"key":"BlessingOfTheForge"}],"is_trial":false,"path_per_floor":["M","$","?","?","$","R","?","M","T","?","M","?","M","M","R","B",null,"M","?","?","$","?","E","M","E","T","?","$","M","R","T","R","B",null,"M","?","M","M","$","E"],"character_chosen":"THE_BUGKNIGHT","items_purchased":["HollowMod:NewGlowingWomb","DollysMirror","HollowMod:LifebloodCocoon+1"],"campfire_rested":2,"item_purchase_floors":[2,21,39],"current_hp_per_floor":[75,75,75,75,75,75,72,71,71,71,70,59,52,46,75,8,75,72,72,66,66,52,52,52,21,21,21,21,39,54,54,54,30,56,56,56,46,13,13,0,0],"gold":76,"neow_bonus":"RANDOM_COLORLESS","is_daily":false,"chose_seed":false,"campfire_upgraded":1,"win_rate":0.0,"timestamp":1608678688,"path_taken":["M","$","?","?","?","R","?","M","T","?","?","?","M","M","R","BOSS","M","?","?","$","?","E","M","E","T","?","$","?","R","?","R","BOSS","M","?","?","M","$","E"],"items_purchased_type":["Card","Relic","Card"],"build_version":"2020-12-13","purchased_purges":3,"victory":false,"max_hp_per_floor":[75,75,75,75,75,75,75,75,75,75,75,75,75,75,75,75,75,75,75,75,75,52,52,52,52,52,52,52,54,54,54,54,56,56,56,56,56,58,58,58,58],"card_choices":[{"not_picked":["Forethought","Enlightenment"],"picked":"Good Instincts","floor":0},{"not_picked":["HollowMod:VengefulVoid","HollowMod:CloakDash"],"picked":"HollowMod:SiblingsSouls","floor":1},{"not_picked":["HollowMod:HuntersJournal","HollowMod:Grubsong"],"picked":"HollowMod:DashSlash","floor":8},{"not_picked":["HollowMod:HeavyBlow","HollowMod:AbyssShriek"],"picked":"HollowMod:DashSlash","floor":11},{"not_picked":["HollowMod:SiblingsSouls","HollowMod:theNailsmith"],"picked":"HollowMod:InfectionAssault","floor":13},{"not_picked":["HollowMod:GrimmsGift","HollowMod:DescendingDark","HollowMod:SoulVessel"],"picked":"SKIP","floor":14},{"not_picked":["HollowMod:PureVessel","HollowMod:LifebloodCore"],"picked":"HollowMod:Weaversong","floor":16},{"not_picked":["HollowMod:WraithStrike+1","HollowMod:HowlingWraiths"],"picked":"HollowMod:MothsMistake","floor":18},{"not_picked":["HollowMod:BaldurShell+1","HollowMod:GoodIntentions"],"picked":"HollowMod:CloakDash+1","floor":23},{"not_picked":["HollowMod:ShadowDash","HollowMod:CoiledNail"],"picked":"HollowMod:NewLittleFool","floor":24},{"not_picked":["HollowMod:DreamGate+1","HollowMod:RecoilStrike"],"picked":"HollowMod:MothsMistake+1","floor":25},{"not_picked":["HollowMod:LifebloodCocoon","HollowMod:DescendingDark","HollowMod:ElderbugsWisdom"],"picked":"Singing Bowl","floor":29},{"not_picked":["HollowMod:SoulMaster","HollowMod:Weaversong","HollowMod:Hiveblood+1"],"picked":"Singing Bowl","floor":33},{"not_picked":["HollowMod:NewLittleFool","HollowMod:InfectedCysts+1"],"picked":"HollowMod:GoodIntentions+1","floor":35},{"not_picked":["HollowMod:HuntersJournal+1","HollowMod:ChannelNail+1"],"picked":"HollowMod:DoubleDash+1","floor":37},{"not_picked":["HollowMod:RecoilStrike","HollowMod:SharpenedShadows","HollowMod:InfectedCysts"],"picked":"Singing Bowl","floor":38}],"player_experience":132105,"relics_obtained":[{"floor":9,"key":"Letter Opener"},{"floor":9,"key":"Dead Branch"},{"floor":23,"key":"Shuriken"},{"floor":25,"key":"Bottled Flame"},{"floor":26,"key":"Sundial"},{"floor":26,"key":"Singing Bowl"},{"floor":31,"key":"Toxic Egg 2"}],"event_choices":[{"damage_healed":0,"gold_gain":0,"player_choice":"Box","damage_taken":0,"relics_obtained":["Matryoshka"],"max_hp_gain":0,"max_hp_loss":0,"event_name":"Big Fish","floor":3,"gold_loss":0,"cards_obtained":["Regret"]},{"damage_healed":0,"gold_gain":0,"player_choice":"Grow","damage_taken":0,"max_hp_gain":0,"max_hp_loss":0,"event_name":"Living Wall","floor":4,"gold_loss":0,"cards_upgraded":["HollowMod:NewGlowingWomb"]},{"damage_healed":0,"gold_gain":0,"player_choice":"Success","damage_taken":3,"relics_obtained":["Regal Pillow"],"max_hp_gain":0,"max_hp_loss":0,"event_name":"Scrap Ooze","floor":7,"gold_loss":0},{"damage_healed":0,"gold_gain":0,"player_choice":"Rummage","damage_taken":0,"relics_obtained":["WarpedTongs"],"max_hp_gain":0,"max_hp_loss":0,"event_name":"Accursed Blacksmith","floor":10,"gold_loss":0,"cards_obtained":["Pain"]},{"damage_healed":0,"gold_gain":75,"player_choice":"Gather Gold","damage_taken":11,"max_hp_gain":0,"max_hp_loss":0,"event_name":"World of Goop","floor":12,"gold_loss":0},{"damage_healed":0,"gold_gain":0,"player_choice":"Simplicity","damage_taken":0,"max_hp_gain":0,"max_hp_loss":0,"event_name":"Back to Basics","floor":19,"gold_loss":0,"cards_upgraded":["HollowMod:NailStrikeStart","HollowMod:NailStrikeStart","HollowMod:NailStrikeStart","HollowMod:QuickDashStart","HollowMod:QuickDashStart","HollowMod:QuickDashStart","HollowMod:QuickDashStart"]},{"damage_healed":0,"gold_gain":0,"player_choice":"Joined the Cult","damage_taken":6,"max_hp_gain":0,"max_hp_loss":0,"event_name":"Nest","floor":20,"gold_loss":0,"cards_obtained":["RitualDagger"]},{"damage_healed":0,"gold_gain":0,"player_choice":"Became a vampire","damage_taken":0,"max_hp_gain":0,"max_hp_loss":23,"event_name":"Vampires","floor":22,"gold_loss":0,"cards_obtained":["Bite","Bite","Bite","Bite","Bite"]},{"damage_healed":0,"gold_gain":0,"player_choice":"Got Potions","damage_taken":0,"max_hp_gain":0,"max_hp_loss":0,"event_name":"Lab","floor":36,"gold_loss":0}],"is_beta":false,"boss_relics":[{"not_picked":["SlaversCollar","Astrolabe"],"picked":"Fusion Hammer"},{"not_picked":["Coffee Dripper","SacredBark"],"picked":"Sozu"}],"items_purged_floors":[2,21,39],"is_endless":false,"potions_floor_spawned":[11,16,23,25,33,35],"killed_by":"Giant Head","ascension_level":0}}