{"host":"rd7y11747h4ctw9a","time":1608652865,"event":{"mods":["AchievementEnabler","BaseMod","Colored Map","Colored Powertips","Downfall","Minty Spire (QoL Compilation)","Rare Cards Sparkle","StSLib","The Blue Laboratory"],"gold_per_floor":[10,10,25,35,110,138,138,163,163,163,179,50,70,82,82,182,182,198,211,211,211,228,228,244,244,244,264,295,309,309,309],"floor_reached":30,"playtime":3641,"items_purged":[],"score":289,"play_id":"6d321157-c1ea-4b9e-831b-782736c96751","local_time":"20201222100105","is_ascension_mode":false,"campfire_choices":[{"floor":7,"key":"REST"},{"floor":15,"key":"REST"},{"floor":23,"key":"REST"},{"floor":25,"key":"REST"}],"circlet_count":0,"master_deck":["Strike_B","Strike_B","Strike_B","Strike_B","Defend_B","Defend_B","Defend_B","Defend_B","Zap","Dualcast","expansioncontent:DashGenerateEvil+1","Coolheaded","Capacitor","Steam","Streamline","Blizzard","Biased Cognition","Auto Shields","Streamline","Ball Lightning","Capacitor","expansioncontent:PrepareCrush","White Noise","Static Discharge","Electrodynamics","Doom and Gloom","Stack+1","Steam","Injury","Double Energy","Leap","Aggregate","Coolheaded","Chaos+1","Leap"],"relics":["Cracked Core","Question Card","Bottled Lightning","Letter Opener","Nuclear Battery","Mummified Hand","Blood Vial","Du-Vu Doll"],"acts_visited":["Exordium","TheCity"],"potions_floor_usage":[8,14,16,28,28,29,30],"damage_taken":[{"damage":0,"enemies":"2 Louse","floor":1,"turns":2},{"damage":0,"enemies":"Small Slimes","floor":3,"turns":3},{"damage":0,"enemies":"Cultist","floor":4,"turns":4},{"damage":19,"enemies":"Lagavulin","floor":6,"turns":6},{"damage":24,"enemies":"3 Sentries","floor":8,"turns":9},{"damage":5,"enemies":"Exordium Thugs","floor":11,"turns":3},{"damage":15,"enemies":"3 Louse","floor":13,"turns":3},{"damage":7,"enemies":"Lots of Slimes","floor":14,"turns":3},{"damage":30,"enemies":"Slime Boss","floor":16,"turns":7},{"damage":28,"enemies":"3 Byrds","floor":18,"turns":4},{"damage":23,"enemies":"2 Thieves","floor":19,"turns":4},{"damage":4,"enemies":"Sentry and Sphere","floor":22,"turns":3},{"damage":24,"enemies":"Cultist and Chosen","floor":24,"turns":7},{"damage":10,"enemies":"Snake Plant","floor":27,"turns":4},{"damage":21,"enemies":"Book of Stabbing","floor":28,"turns":6},{"damage":5,"enemies":"Centurion and Healer","floor":29,"turns":5},{"damage":13,"enemies":"Cultist and Chosen","floor":30,"turns":4}],"seed_played":"-8755270152285959371","potions_obtained":[{"floor":1,"key":"blueLaboratory:ConsumingVoid"},{"floor":3,"key":"Block Potion"},{"floor":13,"key":"SkillPotion"},{"floor":14,"key":"AttackPotion"},{"floor":16,"key":"blueLaboratory:BiasPotion"},{"floor":19,"key":"EssenceOfDarkness"},{"floor":28,"key":"ColorlessPotion"},{"floor":29,"key":"PowerPotion"}],"is_trial":false,"path_per_floor":["M","?","M","M","?","E","R","E","T","?","M","$","M","M","R","B",null,"M","M","?","?","M","R","M","R","T","M","E","M","M"],"character_chosen":"DEFECT","items_purchased":["Capacitor","expansioncontent:PrepareCrush"],"campfire_rested":4,"item_purchase_floors":[12,12],"current_hp_per_floor":[75,75,75,75,64,45,67,43,43,43,38,38,23,16,38,8,75,47,24,24,24,20,42,18,40,40,32,13,10,0,0],"gold":309,"neow_bonus":"RANDOM_COLORLESS_2","is_daily":false,"chose_seed":false,"campfire_upgraded":0,"win_rate":0.0,"timestamp":1608652865,"path_taken":["M","?","M","M","?","E","R","E","T","?","M","$","M","?","R","BOSS","M","M","?","?","M","R","M","R","T","M","E","M","?"],"items_purchased_type":["Card","Card"],"build_version":"2020-12-13","purchased_purges":0,"victory":false,"max_hp_per_floor":[75,75,75,75,75,75,75,75,75,75,75,75,75,75,75,75,75,75,75,75,75,75,75,75,75,75,75,75,75,75,75],"card_choices":[{"not_picked":["Mayhem","Secret Technique"],"picked":"expansioncontent:DashGenerateEvil","floor":0},{"not_picked":["Rebound","Compile Driver"],"picked":"Coolheaded","floor":1},{"not_picked":["Streamline","Double Energy"],"picked":"Capacitor","floor":3},{"not_picked":["Turbo","All For One"],"picked":"Steam","floor":4},{"not_picked":["Stack","Self Repair"],"picked":"Streamline","floor":6},{"not_picked":["Gash","Fission","Sweeping Beam"],"picked":"Blizzard","floor":8},{"not_picked":["Loop","BootSequence","Doom and Gloom"],"picked":"Ball Lightning","floor":11},{"not_picked":["Gash","Force Field","Skim"],"picked":"White Noise","floor":13},{"not_picked":["Ball Lightning","Leap","Gash"],"picked":"Static Discharge","floor":14},{"not_picked":["Meteor Strike","Fission","Amplify"],"picked":"Electrodynamics","floor":16},{"not_picked":["Barrage","Gash","Sweeping Beam+1"],"picked":"Doom and Gloom","floor":18},{"not_picked":["Reprogram+1","Defragment","Auto Shields"],"picked":"Stack+1","floor":19},{"not_picked":["Chill","Rebound+1","Steam Power"],"picked":"Leap","floor":22},{"not_picked":["Turbo","Compile Driver+1","Streamline"],"picked":"Aggregate","floor":24},{"not_picked":["Undo","Doom and Gloom","Redo"],"picked":"Coolheaded","floor":27},{"not_picked":["Compile Driver","Heatsinks","Cold Snap+1"],"picked":"Chaos+1","floor":28},{"not_picked":["Compile Driver","Gash","Coolheaded"],"picked":"Leap","floor":29}],"player_experience":219352,"relics_obtained":[{"floor":6,"key":"Question Card"},{"floor":8,"key":"Bottled Lightning"},{"floor":9,"key":"Letter Opener"},{"floor":26,"key":"Blood Vial"},{"floor":28,"key":"Du-Vu Doll"}],"event_choices":[{"damage_healed":0,"gold_gain":0,"player_choice":"Grow","damage_taken":0,"max_hp_gain":0,"max_hp_loss":0,"event_name":"Living Wall","floor":2,"gold_loss":0,"cards_upgraded":["expansioncontent:DashGenerateEvil"]},{"damage_healed":0,"gold_gain":75,"player_choice":"Gather Gold","damage_taken":11,"max_hp_gain":0,"max_hp_loss":0,"event_name":"World of Goop","floor":5,"gold_loss":0},{"damage_healed":0,"gold_gain":0,"player_choice":"3 cards matched","damage_taken":0,"max_hp_gain":0,"max_hp_loss":0,"event_name":"Match and Keep!","floor":10,"gold_loss":0,"cards_obtained":["Biased Cognition","Auto Shields","Streamline"]},{"damage_healed":0,"gold_gain":0,"player_choice":"Opened","damage_taken":0,"relics_obtained":["Mummified Hand"],"max_hp_gain":0,"max_hp_loss":0,"event_name":"The Mausoleum","floor":20,"gold_loss":0},{"damage_healed":0,"gold_gain":0,"player_choice":"3 cards matched","damage_taken":0,"max_hp_gain":0,"max_hp_loss":0,"event_name":"Match and Keep!","floor":21,"gold_loss":0,"cards_obtained":["Steam","Injury","Double Energy"]}],"is_beta":false,"boss_relics":[{"not_picked":["Ectoplasm","Inserter"],"picked":"Nuclear Battery"}],"items_purged_floors":[],"is_endless":false,"potions_floor_spawned":[1,3,13,14,16,19,28,29],"killed_by":"Cultist and Chosen","ascension_level":0}}