{"host":"newqdrzxfhh2im9e","time":1608600902,"event":{"mods":["AchievementEnabler","BaseMod","BetterRewards","Block Reminder","Colored Map","Jorbs\u0027s Wanderer Trilogy","Minty Spire (QoL Compilation)","Rare Cards Sparkle","Shop Mod","StSLib"],"gold_per_floor":[110,130,147,162,162,188,188,223,223,223,256,273,284,304,304,402,402,420,420,435,435,435],"floor_reached":21,"playtime":622,"items_purged":[],"score":223,"play_id":"d344c4ac-9bac-4cec-ad30-b8fefac6d917","local_time":"20201221173502","is_ascension_mode":true,"campfire_choices":[{"data":"Self Repair","floor":7.0,"key":"SMITH"},{"data":"Static Discharge","floor":10.0,"key":"SMITH"},{"floor":15.0,"key":"REST"}],"circlet_count":0,"master_deck":["Strike_B+1","Strike_B+1","Strike_B+1","Strike_B+1","Defend_B+1","Defend_B+1","Defend_B+1","Defend_B+1","Zap","Dualcast","Self Repair+1","Conserve Battery","Lockon","Double Energy","BootSequence","Static Discharge+1","Thunder Strike","Blizzard","Steam","Echo Form","Reinforced Body","FTL"],"relics":["Cracked Core","NeowsBlessing","Whetstone","Bag of Marbles","Eternal Feather","Unceasing Top","SacredBark"],"acts_visited":["Exordium","TheCity"],"potions_floor_usage":[16],"damage_taken":[{"damage":0.0,"enemies":"Cultist","floor":1.0,"turns":1.0},{"damage":0.0,"enemies":"Small Slimes","floor":2.0,"turns":1.0},{"damage":0.0,"enemies":"Jaw Worm","floor":3.0,"turns":1.0},{"damage":9.0,"enemies":"Blue Slaver","floor":4.0,"turns":3.0},{"damage":29.0,"enemies":"Gremlin Nob","floor":6.0,"turns":4.0},{"damage":14.0,"enemies":"Lagavulin","floor":8.0,"turns":5.0},{"damage":38.0,"enemies":"3 Sentries","floor":11.0,"turns":5.0},{"damage":1.0,"enemies":"Looter","floor":12.0,"turns":2.0},{"damage":20.0,"enemies":"Gremlin Gang","floor":13.0,"turns":2.0},{"damage":0.0,"enemies":"3 Louse","floor":14.0,"turns":1.0},{"damage":28,"enemies":"Slime Boss","floor":16,"turns":7},{"damage":12,"enemies":"3 Byrds","floor":18,"turns":2},{"damage":48,"enemies":"2 Thieves","floor":20,"turns":3},{"damage":17,"enemies":"Snake Plant","floor":21,"turns":4}],"seed_played":"-7766640861513310975","potions_obtained":[{"floor":1.0,"key":"BlessingOfTheForge"},{"floor":3.0,"key":"ColorlessPotion"},{"floor":6.0,"key":"EssenceOfSteel"},{"floor":13.0,"key":"Fire Potion"},{"floor":14.0,"key":"FearPotion"}],"is_trial":false,"path_per_floor":["M","M","M","M","?","E","R","E","T","R","E","M","M","M","R","B",null,"M","?","M","M"],"character_chosen":"DEFECT","items_purchased":[],"campfire_rested":1,"item_purchase_floors":[],"current_hp_per_floor":[75,75,75,73,73,51,51,47,47,56,28,37,17,17,48,30,75,63,63,15,0,0],"gold":435,"neow_bonus":"THREE_ENEMY_KILL","is_daily":false,"chose_seed":false,"campfire_upgraded":2,"win_rate":0.0,"timestamp":1608600902,"path_taken":["M","M","?","M","?","E","R","E","T","R","E","M","M","M","R","BOSS","M","?","M","M"],"items_purchased_type":[],"build_version":"2020-12-13","purchased_purges":0,"victory":false,"max_hp_per_floor":[75,75,75,75,75,75,75,75,75,75,75,75,75,75,75,75,75,75,75,75,75,75],"card_choices":[{"not_picked":["BootSequence","Conserve Battery"],"picked":"Self Repair","floor":1.0},{"not_picked":["Compile Driver","Coolheaded"],"picked":"Conserve Battery","floor":2.0},{"not_picked":["Sweeping Beam","Stack"],"picked":"Lockon","floor":3.0},{"not_picked":["Gash","Steam"],"picked":"Double Energy","floor":4.0},{"not_picked":["Double Energy","Gash"],"picked":"BootSequence","floor":6.0},{"not_picked":["Rebound","Double Energy"],"picked":"Static Discharge","floor":8.0},{"not_picked":["Compile Driver","Rebound","Beam Cell"],"picked":"SKIP","floor":11.0},{"not_picked":["Hologram","Force Field"],"picked":"Thunder Strike","floor":12.0},{"not_picked":["Chill","Conserve Battery"],"picked":"Blizzard","floor":13.0},{"not_picked":["Steam Power","Rebound"],"picked":"Steam","floor":14.0},{"not_picked":["Buffer","Machine Learning"],"picked":"Echo Form","floor":16},{"not_picked":["Leap","Turbo+1"],"picked":"Reinforced Body","floor":18},{"not_picked":["Ball Lightning","Skim"],"picked":"FTL","floor":20}],"player_experience":629694,"relics_obtained":[{"floor":6.0,"key":"Whetstone"},{"floor":8.0,"key":"Bag of Marbles"},{"floor":9.0,"key":"Eternal Feather"},{"floor":11.0,"key":"Unceasing Top"}],"event_choices":[{"damage_healed":0.0,"max_hp_gain":0.0,"max_hp_loss":0.0,"gold_gain":0.0,"event_name":"Liars Game","player_choice":"Ignored","floor":5.0,"gold_loss":0.0,"damage_taken":0.0},{"damage_healed":0,"gold_gain":0,"player_choice":"Simplicity","damage_taken":0,"max_hp_gain":0,"max_hp_loss":0,"event_name":"Back to Basics","floor":19,"gold_loss":0,"cards_upgraded":["Strike_B","Strike_B","Defend_B","Defend_B","Defend_B","Defend_B"]}],"is_beta":false,"boss_relics":[{"not_picked":["Ectoplasm","Cursed Key"],"picked":"SacredBark"}],"items_purged_floors":[],"is_endless":false,"potions_floor_spawned":[1,3,6,13,14],"killed_by":"Snake Plant","ascension_level":2}}