{"host":"jksa5rawk3m4gilz","time":1608646520,"event":{"mods":["BaseMod","Colored Map","Highlight Path","Minty Spire (QoL Compilation)","Quick Restart"],"gold_per_floor":[117,117,67,77,42,42,76,96,120,5,5,47,72,103,103,186,186,206,206,231,260,147,177,177,189,189,189,189],"floor_reached":27,"playtime":940,"items_purged":["Strike_P","Defend_P"],"score":497,"play_id":"02dcab63-7c17-45ba-bf7b-470639eec37f","local_time":"20201222151520","is_ascension_mode":true,"campfire_choices":[{"data":"ForeignInfluence","floor":6,"key":"SMITH"},{"data":"BattleHymn","floor":11,"key":"SMITH"},{"data":"Establishment","floor":15,"key":"SMITH"},{"floor":24,"key":"REST"}],"circlet_count":0,"master_deck":["AscendersBane","Strike_P","Defend_P","Defend_P","Defend_P","Eruption","Vigilance","BowlingBash","FollowUp","ForeignInfluence+1","Establishment+1","BattleHymn+1","Protect","Perseverance","ClearTheMind","MasterReality","Worship","Protect","WindmillStrike","Protect"],"relics":["PureWater","NeowsBlessing","CeramicFish","Juzu Bracelet","Du-Vu Doll","TeardropLocket","SlaversCollar","Enchiridion","Ginger","Oddly Smooth Stone"],"acts_visited":["Exordium","TheCity"],"potions_floor_usage":[23,23,25],"damage_taken":[{"damage":0,"enemies":"2 Louse","floor":1,"turns":2},{"damage":0,"enemies":"Jaw Worm","floor":4,"turns":1},{"damage":0,"enemies":"3 Sentries","floor":7,"turns":1},{"damage":0,"enemies":"Small Slimes","floor":8,"turns":4},{"damage":0,"enemies":"Lagavulin","floor":12,"turns":4},{"damage":1,"enemies":"2 Fungi Beasts","floor":13,"turns":3},{"damage":5,"enemies":"3 Sentries","floor":14,"turns":6},{"damage":25,"enemies":"Hexaghost","floor":16,"turns":9},{"damage":0,"enemies":"Spheric Guardian","floor":18,"turns":2},{"damage":14,"enemies":"Chosen","floor":20,"turns":4},{"damage":3,"enemies":"3 Cultists","floor":21,"turns":6},{"damage":20,"enemies":"Book of Stabbing","floor":23,"turns":4},{"damage":18,"enemies":"Chosen and Byrds","floor":25,"turns":4},{"damage":39,"enemies":"Gremlin Leader","floor":27,"turns":3}],"seed_played":"-109052339475457790","potions_obtained":[{"floor":4,"key":"AttackPotion"},{"floor":7,"key":"Energy Potion"},{"floor":18,"key":"Regen Potion"},{"floor":23,"key":"Fruit Juice"}],"is_trial":false,"path_per_floor":["M","?","?","M","$","R","E","M","T","$","R","E","M","E","R","B",null,"M","?","M","M","$","E","R","M","T","E"],"character_chosen":"WATCHER","items_purchased":["ForeignInfluence","Protect","Protect"],"campfire_rested":1,"item_purchase_floors":[5,10,22],"current_hp_per_floor":[65,58,58,58,58,58,58,58,58,58,58,58,57,52,52,27,61,61,45,31,28,28,25,48,30,30,0,0],"gold":189,"neow_bonus":"THREE_ENEMY_KILL","is_daily":false,"chose_seed":false,"campfire_upgraded":3,"win_rate":0.0,"timestamp":1608646520,"path_taken":["M","?","?","M","$","R","E","?","T","$","R","E","M","E","R","BOSS","M","?","M","M","$","E","R","M","T","E"],"items_purchased_type":["Card","Card","Card"],"build_version":"2020-12-13","purchased_purges":2,"victory":false,"max_hp_per_floor":[72,72,72,72,72,72,72,72,72,72,72,72,72,72,72,72,72,72,72,72,72,72,77,77,77,77,77,77],"card_choices":[{"not_picked":["SashWhip","Sanctity"],"picked":"BowlingBash","floor":1},{"not_picked":["Pray","Vengeance"],"picked":"FollowUp","floor":4},{"not_picked":["Collect","EmptyFist"],"picked":"Establishment","floor":7},{"not_picked":["Consecrate","Collect"],"picked":"BattleHymn","floor":8},{"not_picked":["Prostrate","LikeWater"],"picked":"Perseverance","floor":12},{"not_picked":["Evaluate","Weave"],"picked":"ClearTheMind","floor":13},{"not_picked":["Nirvana","SignatureMove","PathToVictory"],"picked":"SKIP","floor":14},{"not_picked":["Devotion","Vault"],"picked":"MasterReality","floor":16},{"not_picked":["WreathOfFlame","JustLucky"],"picked":"Worship","floor":18},{"not_picked":["EmptyFist","CrushJoints"],"picked":"Protect","floor":20},{"not_picked":["MentalFortress","CutThroughFate+1"],"picked":"WindmillStrike","floor":21},{"not_picked":["Consecrate","Omniscience","CrushJoints"],"picked":"SKIP","floor":23},{"not_picked":["Evaluate","SashWhip","Swivel"],"picked":"SKIP","floor":25}],"player_experience":2052616,"relics_obtained":[{"floor":7,"key":"CeramicFish"},{"floor":9,"key":"Juzu Bracelet"},{"floor":12,"key":"Du-Vu Doll"},{"floor":14,"key":"TeardropLocket"},{"floor":19,"key":"Enchiridion"},{"floor":23,"key":"Ginger"},{"floor":26,"key":"Oddly Smooth Stone"}],"event_choices":[{"cards_removed":["Strike_P"],"damage_healed":0,"gold_gain":0,"player_choice":"Card Removal","damage_taken":7,"max_hp_gain":0,"max_hp_loss":0,"event_name":"Golden Wing","floor":2,"gold_loss":0},{"cards_removed":["Strike_P"],"damage_healed":0,"gold_gain":0,"player_choice":"Card Removal","damage_taken":0,"max_hp_gain":0,"max_hp_loss":0,"event_name":"The Cleric","floor":3,"gold_loss":50},{"damage_healed":0,"gold_gain":0,"player_choice":"Obtained Book","damage_taken":16,"max_hp_gain":0,"max_hp_loss":0,"event_name":"Cursed Tome","floor":19,"gold_loss":0}],"is_beta":false,"boss_relics":[{"not_picked":["Cursed Key","Philosopher\u0027s Stone"],"picked":"SlaversCollar"}],"items_purged_floors":[10,22],"is_endless":false,"potions_floor_spawned":[4,7,14,18,21,23],"killed_by":"Gremlin Leader","ascension_level":13}}