{"host":"0hb9w7uizu7y13wj","time":1608652806,"event":{"mods":["Act Like it!","Aspiration","BaseMod","BetterRewards","Colored Map","Conspire","Downfall","Energized Spire","FTL Soundtrack","Friendly Minions","Halation","Hubris","Infinite Spire","Minty Spire (QoL Compilation)","Quick Restart","Replay The Spire","StSLib","Synergy Search","The Factory","The Hierophant","The Jungle","The Poker Player","Trackpad","everything is the same but u backflip on backflip","vexMod"],"gold_per_floor":[118,118,118,118,170,170,198,198,198,198,230,247,258,289,289,364,364,364,364],"floor_reached":18,"playtime":309,"items_purged":[],"score":502,"play_id":"99cbd581-7b1b-4933-bb18-ce61dad46849","local_time":"20201222160006","is_ascension_mode":true,"campfire_choices":[{"data":"Poisoned Stab","floor":6.0,"key":"SMITH"},{"data":"Neutralize","floor":8.0,"key":"SMITH"},{"data":"Blur","floor":10.0,"key":"SMITH"},{"data":"Poisoned Stab","floor":15.0,"key":"SMITH"}],"circlet_count":0,"master_deck":["AscendersBane","Strike_G","Strike_G","Strike_G","Strike_G","Strike_G","Defend_G","Defend_G","Defend_G","Defend_G","Defend_G","Survivor","Neutralize+1","Poisoned Stab+1","Blur+1","Venomology","Poisoned Stab+1","Burst"],"relics":["Ring of the Snake","NeowsBlessing","hubris:Towel","halation:PromiseList","trackpad:PetRock","Eternal Feather","Anchor","vexMod:RetaliationKit","Mercury Hourglass"],"acts_visited":["Exordium","TheCity"],"potions_floor_usage":[],"damage_taken":[{"damage":0.0,"enemies":"Cultist","floor":1.0,"turns":1.0},{"damage":0.0,"enemies":"Lagavulin","floor":7.0,"turns":1.0},{"damage":0.0,"enemies":"3 Sentries","floor":11.0,"turns":1.0},{"damage":0.0,"enemies":"Jaw Worm","floor":12.0,"turns":3.0},{"damage":0.0,"enemies":"2 Louse","floor":13.0,"turns":3.0},{"damage":0.0,"enemies":"Gremlin Nob","floor":14.0,"turns":3.0},{"damage":31.0,"enemies":"Slime Boss","floor":16.0,"turns":11.0},{"damage":0,"enemies":"Spheric Guardian","floor":18,"turns":1}],"seed_played":"8806373775431333991","potions_obtained":[{"floor":11.0,"key":"Poison Potion"}],"is_trial":false,"path_per_floor":["M","?","$","?","T","R","E","R","T","R","E","M","M","E","R","B",null,"M"],"character_chosen":"THE_SILENT","items_purchased":[],"campfire_rested":0,"item_purchase_floors":[],"current_hp_per_floor":[59,59,59,33,33,33,33,42,42,51,51,51,51,51,60,29,57,57,57],"gold":364,"neow_bonus":"THREE_ENEMY_KILL","is_daily":false,"chose_seed":false,"campfire_upgraded":4,"win_rate":0.0,"timestamp":1608652806,"path_taken":["M","?","$","?","?","R","E","R","T","R","E","M","M","E","R","BOSS","M"],"items_purchased_type":[],"build_version":"2020-12-13","purchased_purges":0,"victory":false,"max_hp_per_floor":[66,66,66,66,66,66,66,66,66,66,66,66,66,66,66,66,66,66,66],"card_choices":[{"not_picked":["Dagger Spray","Backflip"],"picked":"Poisoned Stab","floor":1.0},{"not_picked":["Concentrate","Flying Knee"],"picked":"Blur","floor":7.0},{"not_picked":["Sucker Punch","Tactician"],"picked":"Venomology","floor":11.0},{"not_picked":["ReplayTheSpireMod:Speed Training","hubris:Counter","Cloak And Dagger"],"picked":"SKIP","floor":12.0},{"not_picked":["ReplayTheSpireMod:Necrosis","Backflip"],"picked":"Poisoned Stab","floor":13.0},{"not_picked":["Hidden Blade","Accuracy","Outmaneuver"],"picked":"SKIP","floor":14.0},{"not_picked":["Phantasmal Killer","ReplayTheSpireMod:Necrosis"],"picked":"Burst","floor":16.0}],"player_experience":898798,"relics_obtained":[{"floor":5.0,"key":"trackpad:PetRock"},{"floor":7.0,"key":"Eternal Feather"},{"floor":9.0,"key":"Anchor"},{"floor":11.0,"key":"vexMod:RetaliationKit"},{"floor":14.0,"key":"Mercury Hourglass"}],"event_choices":[{"damage_healed":0.0,"max_hp_gain":0.0,"max_hp_loss":0.0,"gold_gain":0.0,"event_name":"Scrap Ooze","player_choice":"Success","floor":4.0,"gold_loss":0.0,"damage_taken":26.0,"relics_obtained":["halation:PromiseList"]}],"is_beta":false,"boss_relics":[{"not_picked":["conspire:SlowCooker","halation:MonkeysPaw","halation:Yufonium"]}],"items_purged_floors":[],"is_endless":false,"potions_floor_spawned":[11,13,16],"killed_by":"Spheric Guardian","ascension_level":20}}