{"host":"vumwfieg2b2mnrfl","time":1608659538,"event":{"mods":["AchievementEnabler","BaseMod","Minty Spire (QoL Compilation)","Rare Cards Sparkle","Relic Stats"],"gold_per_floor":[117,127,146,146,166,166,18,45,45,4,31,51,67,80,80,175,175,164,89,102,102,117,117,117],"floor_reached":23,"playtime":940,"items_purged":[],"score":308,"play_id":"87ff753d-1fbf-4fb6-b966-f7bb263a1865","local_time":"20201222115218","is_ascension_mode":true,"campfire_choices":[{"data":"Bash","floor":6,"key":"SMITH"},{"floor":15,"key":"REST"}],"circlet_count":0,"master_deck":["AscendersBane","Strike_R","Strike_R","Strike_R","Defend_R","Defend_R","Defend_R","Defend_R","Bash+1","Whirlwind","Pommel Strike","Iron Wave","Rampage","Shockwave","Headbutt","Limit Break","Ghostly Armor","Impervious","Shrug It Off","Headbutt","Flame Barrier","Metallicize+1","Dual Wield"],"relics":["Burning Blood","Membership Card","Bronze Scales","Mercury Hourglass","Prayer Wheel","Snecko Eye","FaceOfCleric"],"acts_visited":["Exordium","TheCity"],"potions_floor_usage":[11,11,16],"damage_taken":[{"damage":1,"enemies":"Cultist","floor":1,"turns":4},{"damage":5,"enemies":"Small Slimes","floor":2,"turns":4},{"damage":19,"enemies":"Jaw Worm","floor":3,"turns":5},{"damage":17,"enemies":"Looter","floor":5,"turns":3},{"damage":40,"enemies":"3 Sentries","floor":8,"turns":9},{"damage":11,"enemies":"Lagavulin","floor":11,"turns":5},{"damage":1,"enemies":"Exordium Thugs","floor":12,"turns":3},{"damage":1,"enemies":"2 Fungi Beasts","floor":13,"turns":2},{"damage":0,"enemies":"Gremlin Gang","floor":14,"turns":3},{"damage":27,"enemies":"Slime Boss","floor":16,"turns":9},{"damage":28,"enemies":"2 Thieves","floor":18,"turns":4},{"damage":0,"enemies":"Shell Parasite","floor":20,"turns":3},{"damage":46,"enemies":"Shelled Parasite and Fungi","floor":22,"turns":6},{"damage":16,"enemies":"Gremlin Leader","floor":23,"turns":4}],"seed_played":"-7106488566924085169","potions_obtained":[{"floor":2,"key":"EssenceOfSteel"},{"floor":8,"key":"Block Potion"},{"floor":12,"key":"Explosive Potion"},{"floor":13,"key":"FearPotion"}],"is_trial":false,"path_per_floor":["M","M","M","?","M","R","$","E","T","$","E","M","M","M","R","B",null,"M","?","M","?","M","E"],"character_chosen":"IRONCLAD","items_purchased":["Membership Card","Rampage"],"campfire_rested":1,"item_purchase_floors":[7,10],"current_hp_per_floor":[77,78,65,65,54,54,54,20,20,20,15,20,25,31,55,34,69,47,47,53,53,14,0,0],"gold":117,"neow_bonus":"REMOVE_CARD","is_daily":false,"chose_seed":false,"campfire_upgraded":1,"win_rate":0.0,"timestamp":1608659538,"path_taken":["M","?","M","?","M","R","$","E","T","$","E","M","M","?","R","BOSS","M","?","M","?","M","E"],"items_purchased_type":["Relic","Card"],"build_version":"2020-12-13","purchased_purges":0,"victory":false,"max_hp_per_floor":[80,80,80,80,80,80,80,80,80,80,80,80,80,80,80,80,80,80,80,80,80,81,81,81],"relic_stats":{"FaceOfCleric":1,"counters":[14,64],"Bronze Scales":[78],"Snecko Eye":[25,35,26,28],"Prayer Wheel":6,"obtain_stats":[{"FaceOfCleric":21,"Bronze Scales":8,"Snecko Eye":17,"Prayer Wheel":11,"Membership Card":7,"Burning Blood":0,"Mercury Hourglass":9},{"FaceOfCleric":12,"Bronze Scales":5,"Snecko Eye":10,"Prayer Wheel":6,"Membership Card":4,"Burning Blood":0,"Mercury Hourglass":5},{"FaceOfCleric":54,"Bronze Scales":25,"Snecko Eye":47,"Prayer Wheel":30,"Membership Card":16,"Burning Blood":0,"Mercury Hourglass":25}],"Burning Blood":78,"Mercury Hourglass":[144]},"card_choices":[{"not_picked":["Body Slam","Twin Strike","Power Through"],"picked":"SKIP","floor":1},{"not_picked":["Anger","Sword Boomerang"],"picked":"Whirlwind","floor":2},{"not_picked":["Reckless Charge","Twin Strike"],"picked":"Pommel Strike","floor":3},{"not_picked":["Wild Strike","True Grit","Cleave"],"picked":"SKIP","floor":5},{"not_picked":["Infernal Blade","Dark Embrace"],"picked":"Iron Wave","floor":8},{"not_picked":["Sever Soul","Pommel Strike"],"picked":"Anger","floor":11},{"not_picked":["Clash","Iron Wave"],"picked":"Shockwave","floor":12},{"not_picked":["Heavy Blade","Searing Blow","Twin Strike"],"picked":"SKIP","floor":12},{"not_picked":["True Grit","Combust"],"picked":"Headbutt","floor":13},{"not_picked":["Feel No Pain","Anger"],"picked":"Limit Break","floor":13},{"not_picked":["Combust","Havoc"],"picked":"Ghostly Armor","floor":14},{"not_picked":["Thunderclap","Clash","Sword Boomerang"],"picked":"SKIP","floor":14},{"not_picked":["Fiend Fire","Limit Break"],"picked":"Impervious","floor":16},{"not_picked":["Flex+1","Hemokinesis"],"picked":"Shrug It Off","floor":18},{"not_picked":["True Grit","Twin Strike"],"picked":"Headbutt","floor":18},{"not_picked":["Bloodletting","Brutality"],"picked":"Flame Barrier","floor":20},{"not_picked":["Wild Strike","Fire Breathing+1","Ghostly Armor"],"picked":"SKIP","floor":20},{"not_picked":["Clash","Flex"],"picked":"Metallicize+1","floor":22},{"not_picked":["Heavy Blade","Shrug It Off"],"picked":"Dual Wield","floor":22}],"player_experience":282585,"relics_obtained":[{"floor":8,"key":"Bronze Scales"},{"floor":9,"key":"Mercury Hourglass"},{"floor":11,"key":"Prayer Wheel"}],"event_choices":[{"cards_removed":["Strike_R"],"damage_healed":0,"gold_gain":0,"player_choice":"Offered Basic","damage_taken":0,"max_hp_gain":0,"max_hp_loss":0,"event_name":"Bonfire Elementals","floor":4,"gold_loss":0},{"cards_removed":["Anger"],"damage_healed":0,"gold_gain":0,"player_choice":"Gave Gold","damage_taken":0,"max_hp_gain":0,"max_hp_loss":0,"event_name":"Beggar","floor":19,"gold_loss":75},{"damage_healed":0,"gold_gain":0,"player_choice":"Trade","damage_taken":0,"relics_obtained":["FaceOfCleric"],"max_hp_gain":0,"max_hp_loss":0,"event_name":"FaceTrader","floor":21,"gold_loss":0}],"is_beta":false,"boss_relics":[{"not_picked":["Black Blood","Astrolabe"],"picked":"Snecko Eye"}],"items_purged_floors":[],"is_endless":false,"potions_floor_spawned":[2,8,12,13],"killed_by":"Gremlin Leader","ascension_level":10}}