{"host":"28bpuzdckreop5i0","time":1608649187,"event":{"mods":["BaseMod","BetterRewards","Challenge The Spire","Defuse TimeMaze Blight","Downfall","Energized Spire","Googly Eyes","Hubris","Lobotomy","Mimic Mod","Minty Spire (QoL Compilation)","Relic Stats","Replay The Spire","Spicy Shops","StSLib","The Awakened One except there are too many feathers","The Cursed","The Hierophant","The IronCluck","Thieving Mod","Transform Curses","Wandering Minibosses","slay the spire mod where everything is the same but ironclad has a cowboy hat"],"gold_per_floor":[114,114,39,59,23,57,112,112,112,132,151,164,164,178,178,275,275,287,287,337,337,350,384,384,400,425,436,436,436,436],"floor_reached":29,"playtime":1000,"items_purged":["Regret","Parasite"],"score":345,"play_id":"0893414c-cf49-4f6a-9eac-7c9f24c6ce7d","local_time":"20201222085947","is_ascension_mode":false,"campfire_choices":[{"data":"Perfected Strike","floor":13,"key":"SMITH"},{"data":"Bash","floor":15,"key":"SMITH"},{"data":"hubris:ReadiedAction","floor":24,"key":"SMITH"}],"circlet_count":0,"master_deck":["Strike_R","Strike_R","Strike_R","Strike_R","Strike_R","Defend_R","Defend_R","Defend_R","Bash+1","Perfected Strike+1","Wild Strike","hubris:ReadiedAction","hubris:ReadiedAction+1","Battle Trance","hubris:CleavingFinish","Immolate","Rampage","Shrug It Off","Pommel Strike","Pommel Strike","Burning Pact"],"relics":["Burning Blood","RabbitCall","StrikeDummy","ReplayTheSpireMod:CursedCoin","Tiny Chest","hubris:SphereOfDissonance","hubris:Backtick","Another Sword","Gremlin Horn","Question Card","hubris:ToyBattleship","Nilry\u0027s Codex"],"acts_visited":["Exordium","TheCity"],"potions_floor_usage":[16,16],"damage_taken":[{"damage":0,"enemies":"2 Louse","floor":1,"turns":2},{"damage":8,"enemies":"Jaw Worm","floor":4,"turns":3},{"damage":30,"enemies":"3 Sentries","floor":6,"turns":8},{"damage":0,"enemies":"Cultist","floor":10,"turns":3},{"damage":6,"enemies":"Exordium Wildlife","floor":11,"turns":2},{"damage":5,"enemies":"Looter","floor":12,"turns":2},{"damage":5,"enemies":"Large Slime","floor":14,"turns":4},{"damage":58,"enemies":"Fading Forest","floor":16,"turns":11},{"damage":12,"enemies":"3 Byrds","floor":18,"turns":5},{"damage":5,"enemies":"2 Thieves","floor":22,"turns":2},{"damage":17,"enemies":"Book of Stabbing","floor":23,"turns":3},{"damage":16,"enemies":"Sentry and Sphere","floor":25,"turns":4},{"damage":11,"enemies":"Cultist and Chosen","floor":27,"turns":3}],"seed_played":"9180234841873581165","potions_obtained":[{"floor":4,"key":"AttackPotion"},{"floor":6,"key":"Venom Potion"},{"floor":10,"key":"ElixirPotion"},{"floor":16,"key":"Languid Potion"},{"floor":23,"key":"SpeedPotion"}],"is_trial":false,"path_per_floor":["M","?","$","M","$","E","?","$","T","M","M","M","R","M","R","B",null,"M","?","?","T","M","E","R","M","T","M","?","?"],"character_chosen":"IRONCLAD","items_purchased":["ReplayTheSpireMod:CursedCoin","Wild Strike","hubris:ReadiedAction"],"campfire_rested":0,"item_purchase_floors":[5,5,5],"current_hp_per_floor":[80,80,80,78,77,53,53,53,53,59,59,60,60,61,61,31,77,71,71,71,71,72,61,61,51,51,46,30,0,0],"gold":436,"neow_bonus":"","is_daily":false,"chose_seed":false,"campfire_upgraded":3,"win_rate":0.0,"timestamp":1608649187,"path_taken":["M","?","$","M","$","E","?","$","T","M","M","M","R","M","R","BOSS","M","?","?","?","?","E","R","M","T","M","?","?"],"items_purchased_type":["Relic","Card","Card"],"build_version":"2020-12-13","purchased_purges":2,"victory":false,"max_hp_per_floor":[80,80,80,80,77,77,77,77,77,77,77,77,77,77,77,77,77,77,77,77,77,77,77,77,77,77,77,77,77,77],"relic_stats":{"Gremlin Horn":[2,3],"counters":[13,52],"Tiny Chest":1,"Question Card":2,"obtain_stats":[{"RabbitCall":0,"hubris:Backtick":17,"Gremlin Horn":21,"ReplayTheSpireMod:CursedCoin":5,"Nilry\u0027s Codex":28,"hubris:SphereOfDissonance":9,"Tiny Chest":6,"Another Sword":17,"hubris:ToyBattleship":26,"StrikeDummy":2,"Question Card":23,"Burning Blood":0},{"RabbitCall":0,"hubris:Backtick":8,"Gremlin Horn":9,"ReplayTheSpireMod:CursedCoin":2,"Nilry\u0027s Codex":13,"hubris:SphereOfDissonance":3,"Tiny Chest":3,"Another Sword":8,"hubris:ToyBattleship":12,"StrikeDummy":1,"Question Card":11,"Burning Blood":0},{"RabbitCall":0,"hubris:Backtick":35,"Gremlin Horn":40,"ReplayTheSpireMod:CursedCoin":5,"Nilry\u0027s Codex":52,"hubris:SphereOfDissonance":13,"Tiny Chest":13,"Another Sword":35,"hubris:ToyBattleship":49,"StrikeDummy":2,"Question Card":45,"Burning Blood":0}],"Burning Blood":72},"card_choices":[{"not_picked":["Run Through","Flex"],"picked":"Perfected Strike","floor":1},{"not_picked":["Clash","Iron Wave","Abandon"],"picked":"SKIP","floor":4},{"not_picked":["True Grit","Demon Form","Power Through"],"picked":"SKIP","floor":6},{"not_picked":["Dropkick","Flex","Sword Boomerang"],"picked":"SKIP","floor":10},{"not_picked":["Flex","Clothesline"],"picked":"Battle Trance","floor":11},{"not_picked":["Thunderclap","Body Slam","Rupture"],"picked":"SKIP","floor":12},{"not_picked":["Intimidate","Searing Blow"],"picked":"hubris:CleavingFinish","floor":14},{"not_picked":["Exhume","Barricade"],"picked":"Fiend Fire","floor":16},{"not_picked":["Anger","Heavy Blade","Iron Wave"],"picked":"SKIP","floor":18},{"not_picked":["Sword Boomerang","Clothesline"],"picked":"Shrug It Off","floor":22},{"not_picked":["Dropkick","ReplayTheSpireMod:Corrosion Curse"],"picked":"Pommel Strike","floor":23},{"not_picked":["Abandon+1","ReplayReversal","Rage"],"picked":"Pommel Strike","floor":25},{"not_picked":["Flex","Life Link","Body Slam+1"],"picked":"Burning Pact","floor":27}],"player_experience":872018,"relics_obtained":[{"floor":6,"key":"Tiny Chest"},{"floor":9,"key":"hubris:SphereOfDissonance"},{"floor":21,"key":"Gremlin Horn"},{"floor":23,"key":"Question Card"},{"floor":26,"key":"hubris:ToyBattleship"},{"floor":28,"key":"Nilry\u0027s Codex"}],"event_choices":[{"damage_healed":0,"gold_gain":0,"player_choice":"Box","damage_taken":0,"relics_obtained":["StrikeDummy"],"max_hp_gain":0,"max_hp_loss":0,"event_name":"Big Fish","floor":2,"gold_loss":0,"cards_obtained":["Regret"]},{"damage_healed":0,"gold_gain":55,"player_choice":"Gained Gold","damage_taken":0,"max_hp_gain":0,"max_hp_loss":0,"event_name":"Golden Wing","floor":7,"gold_loss":0},{"damage_healed":0,"gold_gain":0,"cards_transformed":["Fiend Fire","Defend_R"],"player_choice":"Became Test Subject","damage_taken":0,"max_hp_gain":0,"max_hp_loss":0,"event_name":"Drug Dealer","floor":19,"gold_loss":0,"cards_obtained":["Immolate","Rampage"]},{"damage_healed":0,"gold_gain":100,"player_choice":"Bet on Murderer","damage_taken":0,"max_hp_gain":0,"max_hp_loss":0,"event_name":"The Joust","floor":20,"gold_loss":50},{"damage_healed":0,"gold_gain":0,"player_choice":"Obtained Book","damage_taken":16,"max_hp_gain":0,"max_hp_loss":0,"event_name":"Cursed Tome","floor":28,"gold_loss":0}],"is_beta":false,"boss_relics":[{"not_picked":["hubris:Stopwatch","Velvet Choker"],"picked":"hubris:Backtick"}],"items_purged_floors":[3,5],"is_endless":false,"potions_floor_spawned":[4,6,10,16,23],"ascension_level":0}}