{"host":"a8svnhkzvql11ago","time":1608675664,"event":{"mods":["Act Like it!","BaseMod","Better Sensory Stone","Colored Powertips","Conspire","Exacting","Highlight Path","Hubris","Magitek Elite","Minty Spire (QoL Compilation)","Replay The Spire","Shop Mod","StSLib","Transform Curses","vexMod"],"gold_per_floor":[118,134,134,85,85,118,118,118,118],"floor_reached":8,"playtime":285,"items_purged":[],"score":79,"play_id":"3a0bdde9-9776-43d5-898b-c26282df5b56","local_time":"20201222172104","is_ascension_mode":false,"campfire_choices":[{"data":"DevaForm","floor":7,"key":"SMITH"}],"circlet_count":0,"master_deck":["Strike_P","Strike_P+1","Strike_P","Strike_P+1","Defend_P","Defend_P","Defend_P","Defend_P","Eruption","Vigilance","Replay:AtTheReady","DeceiveReality","Prostrate","Injury","DevaForm+1"],"relics":["PureWater","NeowsBlessing","Golden Idol","Sundial"],"acts_visited":["Exordium"],"potions_floor_usage":[],"damage_taken":[{"damage":0,"enemies":"Cultist","floor":1,"turns":1},{"damage":0,"enemies":"Small Slimes","floor":2,"turns":1},{"damage":0,"enemies":"Replay:BlueRogue","floor":6,"turns":2},{"damage":101,"enemies":"Gremlin Nob","floor":8,"turns":5}],"seed_played":"1409136002753894435","potions_obtained":[{"floor":6,"key":"BlessingOfTheForge"}],"is_trial":false,"path_per_floor":["M","M","?","$","?","E","R","E"],"character_chosen":"WATCHER","items_purchased":["Prostrate"],"campfire_rested":0,"item_purchase_floors":[4],"current_hp_per_floor":[72,72,58,58,58,58,58,0,0],"gold":118,"neow_bonus":"THREE_ENEMY_KILL","is_daily":false,"chose_seed":false,"campfire_upgraded":1,"win_rate":0.0,"timestamp":1608675664,"path_taken":["M","?","?","$","?","E","R","E"],"items_purchased_type":["Card"],"build_version":"2020-12-13","purchased_purges":0,"victory":false,"max_hp_per_floor":[72,72,72,72,72,72,72,72,72],"card_choices":[{"not_picked":["BowlingBash","ThirdEye"],"picked":"Replay:AtTheReady","floor":1},{"not_picked":["CarveReality","Crescendo"],"picked":"DeceiveReality","floor":2},{"not_picked":["Evaluate","SignatureMove"],"picked":"DevaForm","floor":6}],"player_experience":161338,"relics_obtained":[{"floor":6,"key":"Sundial"}],"event_choices":[{"damage_healed":0,"gold_gain":0,"player_choice":"Entered Light","damage_taken":14,"max_hp_gain":0,"max_hp_loss":0,"event_name":"Shining Light","floor":3,"gold_loss":0,"cards_upgraded":["Strike_P","Strike_P"]},{"damage_healed":0,"gold_gain":0,"player_choice":"Take Wound","damage_taken":0,"relics_obtained":["Golden Idol"],"max_hp_gain":0,"max_hp_loss":0,"event_name":"Golden Idol","floor":5,"gold_loss":0,"cards_obtained":["Injury"]}],"is_beta":false,"boss_relics":[],"items_purged_floors":[],"is_endless":false,"potions_floor_spawned":[6],"killed_by":"Gremlin Nob","ascension_level":0}}