{"host":"ve1tu2pxpq596wfw","time":1608608317,"event":{"mods":["BaseMod","Highlight Path","Infinite Spire","Minty Spire (QoL Compilation)","Random Character Button","Shop Mod","StSLib","The Blue Laboratory","The Jungle","Wandering Minibosses"],"gold_per_floor":[118,293,293,65,82,116,116,146,169,209,232,244,328,340,352,464,476,523,535,565,577,612,624,636,636],"floor_reached":24,"playtime":1846,"items_purged":["Doubt"],"score":244,"play_id":"b7f33e5b-f814-4e64-a7ad-9adc1efc5640","local_time":"20201222033837","is_ascension_mode":true,"campfire_choices":[{"floor":7,"key":"REST"},{"floor":12,"key":"REST"},{"floor":15,"key":"RECALL"},{"floor":23,"key":"REST"}],"circlet_count":0,"master_deck":["Strike_G","Strike_G","Strike_G","Strike_G","Defend_G","Defend_G","Defend_G","Defend_G","Survivor","Neutralize","Quick Slash","Backflip","Noxious Fumes","All Out Attack+1","A Thousand Cuts","Backflip","Leg Sweep","Bullet Time","CurseOfTheBell","Dash+1","Quick Slash+1","Slice+1"],"relics":["Ring of the Snake","Akabeko","Tiny Chest","Molten Egg 2","Singing Bowl","MawBank","Vajra","Gremlin Horn","Calling Bell","Meat on the Bone","Omamori","Tough Bandages","Thread and Needle"],"acts_visited":["Exordium","TheCity"],"potions_floor_usage":[10,16],"damage_taken":[{"damage":1,"enemies":"Small Slimes","floor":1,"turns":4},{"damage":0,"enemies":"Jaw Worm","floor":5,"turns":3},{"damage":39,"enemies":"3 Sentries","floor":6,"turns":13},{"damage":33,"enemies":"Gremlin Nob","floor":8,"turns":5},{"damage":21,"enemies":"Lagavulin","floor":10,"turns":6},{"damage":0,"enemies":"Cultist","floor":11,"turns":4},{"damage":34,"enemies":"Hexaghost","floor":16,"turns":12},{"damage":23,"enemies":"Spheric Guardian","floor":18,"turns":6},{"damage":0,"enemies":"3 Byrds","floor":20,"turns":4},{"damage":23,"enemies":"Snake Plant","floor":22,"turns":8},{"damage":66,"enemies":"Book of Stabbing","floor":24,"turns":8}],"seed_played":"1439297681267199020","potions_obtained":[{"floor":1,"key":"blueLaboratory:NinjaPotion"},{"floor":6,"key":"PowerPotion"},{"floor":8,"key":"blueLaboratory:FruitPreserves"},{"floor":16,"key":"blueLaboratory:PolymorphPotion"},{"floor":18,"key":"FearPotion"},{"floor":20,"key":"blueLaboratory:HorrorPotion"}],"is_trial":false,"path_per_floor":["M","?","?","$","M","E","R","E","T","E","M","R","T","?","R","B",null,"M","T","M","?","M","R","E"],"character_chosen":"THE_SILENT","items_purchased":["Tiny Chest"],"campfire_rested":3,"item_purchase_floors":[4],"current_hp_per_floor":[76,76,76,76,76,37,60,27,27,38,38,61,61,61,61,27,77,54,54,54,54,43,66,0,0],"gold":636,"neow_bonus":"TEN_PERCENT_HP_BONUS","is_daily":false,"chose_seed":false,"campfire_upgraded":0,"win_rate":0.0,"timestamp":1608608317,"path_taken":["M","?","?","$","M","E","R","E","T","E","?","R","?","?","R","BOSS","M","?","?","?","?","R","E"],"items_purchased_type":["Relic"],"build_version":"2020-12-13","purchased_purges":1,"victory":false,"max_hp_per_floor":[77,77,77,77,77,77,77,77,77,77,77,77,77,77,77,77,77,77,77,77,77,77,77,77,77],"card_choices":[{"not_picked":["PiercingWail","Tactician"],"picked":"Quick Slash","floor":1},{"not_picked":["Crippling Poison","Outmaneuver"],"picked":"Backflip","floor":5},{"not_picked":["Finisher+1","Blade Dance"],"picked":"Noxious Fumes","floor":6},{"not_picked":["Infinite Blades","Caltrops"],"picked":"All Out Attack+1","floor":8},{"not_picked":["Sucker Punch+1","Deadly Poison"],"picked":"A Thousand Cuts","floor":10},{"not_picked":["Cloak And Dagger","Prepared"],"picked":"Backflip","floor":11},{"not_picked":["infinitespire:Neurotoxin","Die Die Die+1"],"picked":"Bullet Time","floor":16},{"not_picked":["Bouncing Flask","Calculated Gamble+1"],"picked":"Dash+1","floor":18},{"not_picked":["Sucker Punch+1","Deadly Poison"],"picked":"Quick Slash+1","floor":20},{"not_picked":["Cloak And Dagger","Bane+1"],"picked":"Slice+1","floor":22}],"player_experience":206553,"relics_obtained":[{"floor":6,"key":"Molten Egg 2"},{"floor":8,"key":"Singing Bowl"},{"floor":9,"key":"MawBank"},{"floor":10,"key":"Vajra"},{"floor":13,"key":"Gremlin Horn"},{"floor":17,"key":"Meat on the Bone"},{"floor":17,"key":"Omamori"},{"floor":17,"key":"Tough Bandages"},{"floor":19,"key":"Thread and Needle"}],"event_choices":[{"damage_healed":0,"gold_gain":175,"player_choice":"AGREE","damage_taken":0,"max_hp_gain":0,"max_hp_loss":0,"event_name":"Liars Game","floor":2,"gold_loss":0,"cards_obtained":["Doubt"]},{"damage_healed":0,"gold_gain":0,"player_choice":"Gave Potion","damage_taken":0,"relics_obtained":["Akabeko"],"max_hp_gain":0,"max_hp_loss":0,"event_name":"WeMeetAgain","floor":3,"gold_loss":0},{"damage_healed":0,"gold_gain":0,"cards_transformed":["Defend_G"],"player_choice":"Transformed","damage_taken":0,"max_hp_gain":0,"max_hp_loss":0,"event_name":"Transmorgrifier","floor":14,"gold_loss":0,"cards_obtained":["Leg Sweep"]},{"cards_removed":["Strike_G"],"damage_healed":0,"gold_gain":0,"player_choice":"Purged","damage_taken":0,"max_hp_gain":0,"max_hp_loss":0,"event_name":"Purifier","floor":21,"gold_loss":0}],"is_beta":false,"boss_relics":[{"not_picked":["Empty Cage","Coffee Dripper"],"picked":"Calling Bell"}],"items_purged_floors":[4],"is_endless":false,"potions_floor_spawned":[1,6,8,16,18,20],"killed_by":"Book of Stabbing","ascension_level":3}}