{"host":"760a56s19xsdubqb","time":1608675653,"event":{"mods":["BaseMod","Minty Spire (QoL Compilation)","Quick Restart","Remove Card Discount Mod","StSLib"],"gold_per_floor":[114,114,39,39,54,54,69,99,99,114,129,93,93,108,108,208,208,223,138,153,153,168,168,183,183,233,263,298,313,328,343,343,343,343],"floor_reached":33,"playtime":2113,"items_purged":["Regret","Strike_B","Strike_B","Defend_B","Defend_B","Defend_B","Defend_B","Strike_B","Strike_B","Zap"],"score":273,"play_id":"57f6d6a6-288a-48c5-a585-20f9c6a7860d","local_time":"20201222172053","daily_mods":["Allstar","Diverse","DeadlyEvents"],"is_ascension_mode":false,"campfire_choices":[{"data":"Uppercut","floor":6.0,"key":"SMITH"},{"data":"Creative AI","floor":13.0,"key":"SMITH"},{"data":"Lockon","floor":15.0,"key":"SMITH"},{"floor":23.0,"key":"REST"},{"floor":32,"key":"REST"}],"circlet_count":0,"master_deck":["Dualcast","Chrysalis","Enlightenment","Good Instincts","The Bomb","Thinking Ahead","BootSequence","Uppercut+1","Zap","Jack Of All Trades","Sucker Punch","Cloak And Dagger","Conserve Battery","Creative AI+1","Consecrate","Lockon+1","Echo Form","Anger+1","Eviscerate","Anger+1","Conserve Battery+1","Ball Lightning+1","Normality","Flying Knee","Flying Knee","FlyingSleeves+1","Deadly Poison","Dagger Spray+1"],"relics":["Cracked Core","Unceasing Top","Ginger","Letter Opener","Cursed Key","Strawberry","Ancient Tea Set"],"acts_visited":["Exordium","TheCity"],"potions_floor_usage":[29,31,31],"damage_taken":[{"damage":1.0,"enemies":"Jaw Worm","floor":1.0,"turns":4.0},{"damage":0.0,"enemies":"2 Louse","floor":5.0,"turns":3.0},{"damage":0.0,"enemies":"Cultist","floor":7.0,"turns":3.0},{"damage":15.0,"enemies":"Lagavulin","floor":8.0,"turns":5.0},{"damage":2.0,"enemies":"2 Fungi Beasts","floor":10.0,"turns":3.0},{"damage":0.0,"enemies":"3 Louse","floor":11.0,"turns":2.0},{"damage":0.0,"enemies":"Looter","floor":14.0,"turns":2.0},{"damage":26.0,"enemies":"Slime Boss","floor":16.0,"turns":6.0},{"damage":17.0,"enemies":"2 Thieves","floor":18.0,"turns":3.0},{"damage":1.0,"enemies":"Shell Parasite","floor":20.0,"turns":3.0},{"damage":14.0,"enemies":"Snake Plant","floor":22.0,"turns":3.0},{"damage":0.0,"enemies":"Chosen and Byrds","floor":24.0,"turns":4.0},{"damage":13.0,"enemies":"Book of Stabbing","floor":27.0,"turns":4.0},{"damage":12.0,"enemies":"Centurion and Healer","floor":28.0,"turns":7.0},{"damage":0,"enemies":"Snake Plant","floor":29,"turns":2},{"damage":24,"enemies":"Sentry and Sphere","floor":30,"turns":4},{"damage":7,"enemies":"Centurion and Healer","floor":31,"turns":4},{"damage":64,"enemies":"Automaton","floor":33,"turns":6}],"seed_played":"-7682526130134428503","potions_obtained":[{"floor":5.0,"key":"SteroidPotion"},{"floor":7.0,"key":"Block Potion"},{"floor":10.0,"key":"EssenceOfSteel"},{"floor":14.0,"key":"LiquidBronze"},{"floor":24.0,"key":"PowerPotion"},{"floor":28.0,"key":"Weak Potion"},{"floor":29,"key":"FocusPotion"}],"is_trial":false,"path_per_floor":["M","?","$","?","M","R","M","E","T","M","M","$","R","M","R","B",null,"M","$","M","?","M","R","M","?","T","E","M","M","M","M","R","B"],"character_chosen":"DEFECT","items_purchased":["Uppercut","Consecrate","Eviscerate"],"campfire_rested":2,"item_purchase_floors":[3,12,19],"current_hp_per_floor":[74,74,74,74,74,74,74,59,59,57,57,57,57,57,57,31,75,58,58,57,57,43,65,65,65,72,59,47,47,23,16,40,0,0],"gold":343,"neow_bonus":"","is_daily":true,"chose_seed":false,"campfire_upgraded":3,"win_rate":0.0,"timestamp":1608675653,"path_taken":["M","?","$","?","M","R","M","?","T","M","M","$","R","M","R","BOSS","M","$","M","?","M","R","M","?","T","E","M","?","M","M","R","BOSS"],"items_purchased_type":["Card","Card","Card"],"build_version":"2020-12-13","purchased_purges":10,"victory":false,"max_hp_per_floor":[75,75,75,75,75,75,75,75,75,75,75,75,75,75,75,75,75,75,75,75,75,75,75,75,75,82,82,82,82,82,82,82,82,82],"card_choices":[{"not_picked":["Shrug It Off","Skewer"],"picked":"BootSequence","floor":1.0},{"not_picked":["Double Energy","Shrug It Off"],"picked":"Sucker Punch","floor":5.0},{"not_picked":["Collect","Consecrate"],"picked":"Cloak And Dagger","floor":7.0},{"not_picked":["Fiend Fire","EmptyFist"],"picked":"Conserve Battery","floor":8.0},{"not_picked":["EmptyFist","Adaptation","Acrobatics"],"picked":"SKIP","floor":10.0},{"not_picked":["Bane","Redo"],"picked":"Creative AI","floor":11.0},{"not_picked":["Poisoned Stab","WindmillStrike"],"picked":"Lockon","floor":14.0},{"not_picked":["Die Die Die","Malaise"],"picked":"Echo Form","floor":16.0},{"not_picked":["Capacitor","Barrage"],"picked":"Anger+1","floor":18.0},{"not_picked":["Swivel","Clothesline"],"picked":"Anger+1","floor":20.0},{"not_picked":["Dual Wield","BowlingBash+1"],"picked":"Conserve Battery+1","floor":22.0},{"not_picked":["Cleave+1","Flame Barrier"],"picked":"Ball Lightning+1","floor":24.0},{"not_picked":["Terror+1","Cold Snap"],"picked":"Flying Knee","floor":27.0},{"not_picked":["JustLucky","MentalFortress"],"picked":"Flying Knee","floor":28.0},{"not_picked":["Bane","Cold Snap"],"picked":"FlyingSleeves+1","floor":29},{"not_picked":["BowlingBash","Fasting2"],"picked":"Deadly Poison","floor":30},{"not_picked":["FearNoEvil+1","Quick Slash"],"picked":"Dagger Spray+1","floor":31}],"player_experience":918051,"relics_obtained":[{"floor":8.0,"key":"Ginger"},{"floor":9.0,"key":"Letter Opener"},{"floor":26.0,"key":"Strawberry"},{"floor":27.0,"key":"Ancient Tea Set"}],"event_choices":[{"damage_healed":0.0,"max_hp_gain":0.0,"max_hp_loss":0.0,"gold_gain":0.0,"event_name":"Big Fish","player_choice":"Box","floor":2.0,"gold_loss":0.0,"damage_taken":0.0,"relics_obtained":["Unceasing Top"],"cards_obtained":["Regret"]},{"damage_healed":0.0,"max_hp_gain":0.0,"max_hp_loss":0.0,"gold_gain":0.0,"event_name":"Match and Keep!","player_choice":"2 cards matched","floor":4.0,"gold_loss":0.0,"damage_taken":0.0,"cards_obtained":["Zap","Jack Of All Trades"]},{"damage_healed":0.0,"max_hp_gain":0.0,"max_hp_loss":0.0,"gold_gain":0.0,"event_name":"Beggar","player_choice":"Ignored","floor":21.0,"gold_loss":0.0,"damage_taken":0.0},{"damage_healed":0.0,"max_hp_gain":0.0,"max_hp_loss":0.0,"gold_gain":0.0,"event_name":"Back to Basics","player_choice":"Simplicity","floor":25.0,"gold_loss":0.0,"damage_taken":0.0,"cards_upgraded":[]}],"is_beta":false,"boss_relics":[{"not_picked":["Black Star","Inserter"],"picked":"Cursed Key"}],"items_purged_floors":[3,12,12,12,12,12,19,19,19,19],"is_endless":false,"potions_floor_spawned":[5,7,10,14,18,24,28,29],"killed_by":"Automaton","ascension_level":0}}