{"host":"98bdbcgi2hhn2gyr","time":1608632100,"event":{"mods":["BaseMod","Colored Map","Minty Spire (QoL Compilation)","StSLib","The Servant 0.9.4"],"gold_per_floor":[315,327,17,17,17,17,60,79,127,167,181,199,237,207,207,336,336,349,206,237,252,82,122,122,157,157,157,182,107,131,167,167,297,297,311,311,162,176,176,176,220,220,247,247,263,303,316,54,54,54,54,54,15,56,56,56],"floor_reached":55,"playtime":4598,"items_purged":["Defend_S"],"score":1086,"play_id":"cef759aa-0261-4f67-af4a-caa70cfc96c9","local_time":"20201222191500","is_ascension_mode":true,"campfire_choices":[{"data":"Manipulate","floor":6.0,"key":"SMITH"},{"floor":15.0,"key":"REST"},{"data":"SilverBlades","floor":24.0,"key":"SMITH"},{"data":"BestPractice","floor":27.0,"key":"SMITH"},{"data":"BottledTime","floor":32.0,"key":"SMITH"},{"data":"SurpressingFire","floor":40.0,"key":"SMITH"},{"data":"Rearm","floor":44.0,"key":"SMITH"},{"floor":49,"key":"RECALL"},{"data":"Master of Strategy","floor":52,"key":"SMITH"}],"circlet_count":0,"master_deck":["Strike_S","Strike_S","Strike_S","Defend_S","Defend_S","Defend_S+1","Exchange","Manipulate+1","Orbit","Hightail","TimeTheft","BestPractice+1","BottledTime+1","DancingSilver","Sabotage+1","Dilation","Gouge","SurpressingFire+1","SilverBlades+1","Misdirection+1","Rearm+1","Rewind+1","MurderousAura","Madness","Madness+1","Moonlight","SilverBlades","Master of Strategy+1","Moondial+1"],"relics":["Uniform","Old Coin","Toy Ornithopter","Blood Vial","Golden Idol","Boot","PreservedInsect","Pen Nib","Odd Mushroom","Coffee Dripper","Vajra","Red Mask","Anchor","MealTicket","Whetstone","Busted Crown","Orichalcum","War Paint","Happy Flower","The Courier","Bag of Preparation"],"acts_visited":["Exordium","TheCity","TheBeyond","TheEnding"],"potions_floor_usage":[50,55,55,55],"damage_taken":[{"damage":2.0,"enemies":"2 Louse","floor":1.0,"turns":4.0},{"damage":5.0,"enemies":"Jaw Worm","floor":2.0,"turns":4.0},{"damage":5.0,"enemies":"Gremlin Nob","floor":7.0,"turns":3.0},{"damage":5.0,"enemies":"Small Slimes","floor":8.0,"turns":2.0},{"damage":2.0,"enemies":"3 Sentries","floor":10.0,"turns":3.0},{"damage":12.0,"enemies":"3 Louse","floor":11.0,"turns":3.0},{"damage":0.0,"enemies":"2 Fungi Beasts","floor":12.0,"turns":3.0},{"damage":15.0,"enemies":"The Mushroom Lair","floor":13.0,"turns":4.0},{"damage":4.0,"enemies":"Looter","floor":14.0,"turns":4.0},{"damage":1.0,"enemies":"Hexaghost","floor":16.0,"turns":15.0},{"damage":0.0,"enemies":"Chosen","floor":18.0,"turns":6.0},{"damage":7.0,"enemies":"Masked Bandits","floor":20.0,"turns":4.0},{"damage":11.0,"enemies":"2 Thieves","floor":21.0,"turns":3.0},{"damage":0.0,"enemies":"Slavers","floor":23.0,"turns":4.0},{"damage":0.0,"enemies":"Book of Stabbing","floor":25.0,"turns":4.0},{"damage":7.0,"enemies":"3 Cultists","floor":28.0,"turns":4.0},{"damage":0.0,"enemies":"Snake Plant","floor":30.0,"turns":4.0},{"damage":8.0,"enemies":"Slavers","floor":31.0,"turns":5.0},{"damage":21.0,"enemies":"Collector","floor":33.0,"turns":7.0},{"damage":0.0,"enemies":"Orb Walker","floor":35.0,"turns":4.0},{"damage":11.0,"enemies":"3 Darklings","floor":38.0,"turns":5.0},{"damage":22.0,"enemies":"Nemesis","floor":41.0,"turns":3.0},{"damage":0.0,"enemies":"Sphere and 2 Shapes","floor":45.0,"turns":5.0},{"damage":0.0,"enemies":"Giant Head","floor":46.0,"turns":5.0},{"damage":22.0,"enemies":"Writhing Mass","floor":47.0,"turns":4.0},{"damage":11,"enemies":"Donu and Deca","floor":50,"turns":6},{"damage":23,"enemies":"Shield and Spear","floor":54,"turns":4},{"damage":82,"enemies":"The Heart","floor":55,"turns":5}],"seed_played":"7543226330739751578","potions_obtained":[{"floor":1.0,"key":"ColorlessPotion"},{"floor":2.0,"key":"FearPotion"},{"floor":8.0,"key":"BlessingOfTheForge"},{"floor":11.0,"key":"Fire Potion"},{"floor":16.0,"key":"BlessingOfTheForge"},{"floor":21.0,"key":"SpeedPotion"},{"floor":23.0,"key":"SteroidPotion"},{"floor":25.0,"key":"Strength Potion"},{"floor":30.0,"key":"Explosive Potion"},{"floor":33.0,"key":"SkillPotion"},{"floor":41.0,"key":"Explosive Potion"},{"floor":45.0,"key":"Swift Potion"},{"floor":46.0,"key":"GamblersBrew"}],"is_trial":false,"path_per_floor":["M","M","$","?","?","R","E","M","T","E","M","M","?","M","R","B",null,"M","$","?","M","$","E","R","E","T","R","M","?","M","E","R","B",null,"M","?","$","M","T","R","E","?","T","R","M","E","M","$","R","B",null,"R","$","E","B"],"character_chosen":"THE_SERVANT","items_purchased":["Toy Ornithopter","Blood Vial","Vajra","Strength Potion","Dexterity Potion","SurpressingFire","Moonlight","SilverBlades","LiquidBronze","Master of Strategy","SkillPotion"],"campfire_rested":1,"item_purchase_floors":[3,3,19,22,22,22,37,48,48,48,53],"current_hp_per_floor":[57,52,52,36,41,41,48,45,45,50,40,47,34,32,53,54,66,68,68,63,54,54,66,66,68,68,68,63,63,65,64,64,49,65,67,58,70,64,64,64,48,48,48,48,50,57,37,52,52,48,65,65,70,47,0,0],"gold":56,"neow_bonus":"ONE_RARE_RELIC","is_daily":false,"chose_seed":false,"campfire_upgraded":7,"win_rate":0.0,"timestamp":1608632100,"path_taken":["M","M","$","?","?","R","E","M","T","E","M","M","?","M","R","BOSS","M","$","?","M","$","E","R","E","T","R","M","?","M","E","R","BOSS","M","?","$","M","?","R","E","?","T","R","M","E","M","$","R","BOSS","R","$","E","BOSS"],"items_purchased_type":["Relic","Relic","Relic","Potion","Potion","Card","Card","Card","Potion","Card","Potion"],"build_version":"2020-12-13","purchased_purges":1,"victory":false,"max_hp_per_floor":[65,65,65,65,70,70,70,70,70,70,70,70,70,70,70,70,70,70,70,70,70,70,70,70,70,70,70,70,70,70,70,70,70,70,70,70,70,70,70,70,70,70,70,70,70,70,70,70,70,70,70,70,70,70,70,70],"card_choices":[{"not_picked":["FastForward","Revamp"],"picked":"Manipulate","floor":1.0},{"not_picked":["Rearm","TimeWarp"],"picked":"Orbit","floor":2.0},{"not_picked":["TimeWarp","Read"],"picked":"Hightail","floor":7.0},{"not_picked":["Rewind","Unruled","DualDimension"],"picked":"SKIP","floor":8.0},{"not_picked":["Potential","MoonPhase"],"picked":"TimeTheft","floor":10.0},{"not_picked":["StarChef","Unruled"],"picked":"BestPractice","floor":11.0},{"not_picked":["ReturningBlade","Ricochet"],"picked":"BottledTime","floor":12.0},{"not_picked":["Advance","Spin"],"picked":"DancingSilver","floor":13.0},{"not_picked":["Unruled","Collapse"],"picked":"Sabotage","floor":14.0},{"not_picked":["Embodiment","FlawlessForm"],"picked":"Dilation","floor":16.0},{"not_picked":["MoonPhase+1","BottledTime"],"picked":"Gouge","floor":18.0},{"not_picked":["Revamp+1","ShatteredReality","Collapse"],"picked":"SKIP","floor":21.0},{"not_picked":["LightFlow","Starlight"],"picked":"SilverBlades","floor":23.0},{"not_picked":["FastForward","Defy"],"picked":"Misdirection+1","floor":25.0},{"not_picked":["Potential","Revamp+1"],"picked":"Rearm","floor":28.0},{"not_picked":["Defy","Read"],"picked":"Rewind+1","floor":30.0},{"not_picked":["DancingSilver","Revamp","Contraction"],"picked":"SKIP","floor":31.0},{"not_picked":["Deny","Dilation"],"picked":"MurderousAura","floor":33.0},{"not_picked":["Alleviate+1"],"picked":"SKIP","floor":35.0},{"not_picked":["ShatteredReality+1"],"picked":"SKIP","floor":38.0},{"not_picked":["Alleviate+1"],"picked":"SKIP","floor":41.0},{"not_picked":["Rewind"],"picked":"SKIP","floor":45.0},{"not_picked":["TrueSight"],"picked":"SKIP","floor":46.0},{"not_picked":["Revamp+1"],"picked":"SKIP","floor":47.0},{"not_picked":["Revamp+1"],"picked":"SKIP","floor":47.0},{"not_picked":[],"picked":"Moondial+1","floor":54}],"player_experience":378977,"relics_obtained":[{"floor":7.0,"key":"Boot"},{"floor":9.0,"key":"PreservedInsect"},{"floor":10.0,"key":"Pen Nib"},{"floor":13.0,"key":"Odd Mushroom"},{"floor":20.0,"key":"Red Mask"},{"floor":23.0,"key":"Anchor"},{"floor":25.0,"key":"MealTicket"},{"floor":31.0,"key":"Whetstone"},{"floor":39.0,"key":"Orichalcum"},{"floor":41.0,"key":"War Paint"},{"floor":43.0,"key":"Happy Flower"},{"floor":46.0,"key":"The Courier"},{"floor":54,"key":"Bag of Preparation"}],"event_choices":[{"damage_healed":0.0,"max_hp_gain":0.0,"max_hp_loss":0.0,"gold_gain":0.0,"event_name":"Golden Idol","player_choice":"Take Damage","floor":4.0,"gold_loss":0.0,"damage_taken":16.0,"relics_obtained":["Golden Idol"]},{"damage_healed":0.0,"max_hp_gain":5.0,"max_hp_loss":0.0,"gold_gain":0.0,"event_name":"Big Fish","player_choice":"Donut","floor":5.0,"gold_loss":0.0,"damage_taken":0.0},{"damage_healed":0.0,"max_hp_gain":0.0,"max_hp_loss":0.0,"gold_gain":0.0,"event_name":"Mushrooms","player_choice":"Fought Mushrooms","floor":13.0,"gold_loss":0.0,"damage_taken":0.0},{"damage_healed":0.0,"max_hp_gain":0.0,"max_hp_loss":0.0,"gold_gain":0.0,"event_name":"Masked Bandits","player_choice":"Fought Bandits","floor":20.0,"gold_loss":0.0,"damage_taken":0.0},{"cards_removed":["Strike_S"],"damage_healed":0.0,"max_hp_gain":0.0,"max_hp_loss":0.0,"gold_gain":0.0,"event_name":"Beggar","player_choice":"Gave Gold","floor":29.0,"gold_loss":75.0,"damage_taken":0.0},{"damage_healed":0.0,"max_hp_gain":0.0,"max_hp_loss":0.0,"gold_gain":0.0,"event_name":"Winding Halls","player_choice":"Embrace Madness","floor":36.0,"gold_loss":0.0,"damage_taken":9.0,"cards_obtained":["Madness","Madness"]},{"cards_removed":["KidneyShot"],"damage_healed":0.0,"max_hp_gain":0.0,"max_hp_loss":0.0,"gold_gain":0.0,"event_name":"Falling","player_choice":"Removed Attack","floor":42.0,"gold_loss":0.0,"damage_taken":0.0}],"is_beta":false,"boss_relics":[{"not_picked":["StoneMask","Calling Bell"],"picked":"Coffee Dripper"},{"not_picked":["Black Star","Sozu"],"picked":"Busted Crown"}],"items_purged_floors":[37],"is_endless":false,"potions_floor_spawned":[1,2,8,11,16,21,23,25,30,33,41,45,46],"killed_by":"The Heart","ascension_level":6}}