{"host":"0fm1w3v00gid44jl","time":1608681452,"event":{"mods":["AchievementEnabler","BaseMod","Colored Map","Colored Powertips","Displayed Cursed Tome","Downfall","Googly Eyes","Highlight Path","Minty Spire (QoL Compilation)","Permanent Neow","Relic Stats","StSLib","SuperFastMode","slay the spire mod where everything is the same but ironclad has a cowboy hat"],"gold_per_floor":[0,19,29,29,29,57,57,57,76,176,186,204,233,70,83,180,180,180,194,204,204,204,236,236,236,267,285,285,56,89,103,121,225,225,225,235,235,585,373,400,425,438,449,224,74,105,105,105,125,125,125,154,54,54,54],"floor_reached":56,"playtime":3920,"items_purged":["champ:EndlessRage","Writhe"],"score":1428,"play_id":"bc493b77-bafb-4556-821c-cb55b4482670","local_time":"20201222175732","is_ascension_mode":true,"campfire_choices":[{"data":"champ:Taunt","floor":1.0,"key":"SMITH"},{"data":"champ:ArenaPreparation","floor":8.0,"key":"SMITH"},{"data":"champ:Backstep","floor":18.0,"key":"SMITH"},{"floor":35.0,"key":"RECALL"},{"data":"champ:SwordThrow","floor":44.0,"key":"SMITH"},{"data":"champ:SwordSigil","floor":47,"key":"SMITH"},{"data":"champ:Backstep","floor":54,"key":"SMITH"}],"circlet_count":0,"master_deck":["champ:Strike+1","champ:Strike+1","champ:Defend+1","champ:Defend+1","champ:Defend+1","champ:Defend+1","champ:Taunt+1","champ:EnragedBash+1","champ:HeartStrike+1","champ:ArenaPreparation+1","champ:GutPunch","champ:StanceDance","champ:AdrenalArmor","champ:ShieldSigil","champ:SwordSigil+1","champ:DeathBlow","champ:Encircle","champ:Aggression","champ:Backstep+1","champ:ShieldSigil","champ:SwordThrow+1","champ:Backstep","champ:FocusedBerserking+1","Necronomicurse","champ:RecklessLeap","champ:RecklessLeap+1","champ:AdrenalArmor","champ:Backstep+1","champ:FocusedBerserking","champ:HeartStrike+1","champ:Control+1"],"relics":["champ:ChampionCrown","Whetstone","Question Card","Meat on the Bone","Orrery","Black Star","Oddly Smooth Stone","Turnip","Blue Candle","Ice Cream","Regal Pillow","Calipers","Necronomicon","Bag of Preparation","Orichalcum","Du-Vu Doll","Coffee Dripper","Old Coin","Unceasing Top","Medical Kit","Frozen Egg 2","Sundial","downfall:HeartBlessingRed","downfall:HeartBlessingBlue","downfall:HeartBlessingGreen","Bronze Scales","Blood Vial","InkBottle","PreservedInsect","Happy Flower"],"acts_visited":["Exordium","TheCity","TheBeyond","TheEnding"],"potions_floor_usage":[55,55],"damage_taken":[{"damage":5.0,"enemies":"2 Louse","floor":2.0,"turns":3.0},{"damage":23.0,"enemies":"Jaw Worm","floor":3.0,"turns":4.0},{"damage":71.0,"enemies":"3 Sentries","floor":6.0,"turns":12.0},{"damage":12.0,"enemies":"Small Slimes","floor":9.0,"turns":2.0},{"damage":40.0,"enemies":"Exordium Thugs","floor":11.0,"turns":2.0},{"damage":36.0,"enemies":"3 Louse","floor":12.0,"turns":5.0},{"damage":59.0,"enemies":"Lagavulin","floor":13.0,"turns":7.0},{"damage":16.0,"enemies":"downfall:FleeingMerchant","floor":14.0,"turns":4.0},{"damage":23.0,"enemies":"2 Fungi Beasts","floor":15.0,"turns":3.0},{"damage":67.0,"enemies":"downfall:Watcher","floor":16.0,"turns":8.0},{"damage":67.0,"enemies":"Spheric Guardian","floor":19.0,"turns":4.0},{"damage":32.0,"enemies":"Chosen","floor":20.0,"turns":5.0},{"damage":117.0,"enemies":"Gremlin Leader","floor":23.0,"turns":6.0},{"damage":74.0,"enemies":"Slavers","floor":26.0,"turns":4.0},{"damage":75.0,"enemies":"Snecko","floor":27.0,"turns":4.0},{"damage":43.0,"enemies":"downfall:FleeingMerchant","floor":29.0,"turns":4.0},{"damage":80.0,"enemies":"Book of Stabbing","floor":30.0,"turns":4.0},{"damage":53.0,"enemies":"Centurion and Healer","floor":31.0,"turns":2.0},{"damage":47.0,"enemies":"3 Cultists","floor":32.0,"turns":4.0},{"damage":73.0,"enemies":"downfall:Ironclad","floor":33.0,"turns":6.0},{"damage":31.0,"enemies":"3 Shapes","floor":36.0,"turns":2.0},{"damage":78.0,"enemies":"Mind Bloom Boss Battle","floor":38.0,"turns":9.0},{"damage":89.0,"enemies":"downfall:FleeingMerchant","floor":39.0,"turns":4.0},{"damage":89.0,"enemies":"Nemesis","floor":40.0,"turns":5.0},{"damage":50.0,"enemies":"Orb Walker","floor":42.0,"turns":3.0},{"damage":89.0,"enemies":"Sphere and 2 Shapes","floor":43.0,"turns":4.0},{"damage":91,"enemies":"Reptomancer","floor":46,"turns":3},{"damage":89,"enemies":"Spire Growth","floor":49,"turns":3},{"damage":89,"enemies":"downfall:Defect","floor":50,"turns":4},{"damage":85,"enemies":"downfall:CharBossMerchant","floor":52,"turns":4},{"damage":267,"enemies":"downfall:NeowBoss","floor":55,"turns":17}],"seed_played":"3019978623711295067","potions_obtained":[{"floor":6.0,"key":"hexamod:EctoCoolerPotion"},{"floor":11.0,"key":"DistilledChaos"},{"floor":13.0,"key":"EssenceOfSteel"},{"floor":16.0,"key":"Weak Potion"},{"floor":26.0,"key":"Weak Potion"},{"floor":31.0,"key":"LiquidBronze"},{"floor":36.0,"key":"SkillPotion"},{"floor":40.0,"key":"Weak Potion"},{"floor":42.0,"key":"Dexterity Potion"}],"is_trial":false,"path_per_floor":["R","M","M","?","?","E","T","R","M","?","M","M","E","$","M","B",null,"R","M","M","?","?","E","T","?","E","M","?","$","E","M","M","B",null,"R","M","?","?","?","E","T","M","M","R","$","E","R","?","M","B",null,"E","$","R","B",null],"character_chosen":"THE_CHAMP","items_purchased":["Orrery","Bag of Preparation","champ:EndlessRage","Unceasing Top","Medical Kit","Bronze Scales"],"campfire_rested":0,"item_purchase_floors":[14,29,29,39,39,45],"current_hp_per_floor":[90,90,90,90,90,53,53,53,53,53,41,35,17,24,35,43,90,90,90,90,90,90,78,78,78,79,71,55,61,54,65,74,74,90,90,79,79,90,90,90,90,90,90,100,100,100,100,100,100,82,100,100,100,100,100],"gold":54,"neow_bonus":"TRANSFORM_TWO_CARDS","is_daily":false,"chose_seed":false,"campfire_upgraded":6,"win_rate":0.0,"timestamp":1608681452,"path_taken":["R","M","M","?","?","E","T","R","M","?","?","M","E","$","M","BOSS","R","M","M","?","?","E","T","?","E","M","?","$","E","?","M","BOSS","R","M","?","?","?","E","T","M","M","R","$","E","R","?","M","BOSS","E","$","R","BOSS"],"items_purchased_type":["Relic","Relic","Card","Relic","Relic","Relic"],"build_version":"2020-12-13","purchased_purges":2,"victory":true,"max_hp_per_floor":[90,90,90,90,90,90,90,90,90,90,90,90,90,90,90,90,90,90,90,90,90,90,90,90,90,90,90,90,90,90,90,90,90,90,90,90,90,90,90,90,90,90,90,100,100,100,100,100,100,100,100,100,100,100,100],"relic_stats":{"Regal Pillow":0,"Happy Flower":[5],"counters":[31,151],"Blue Candle":[5],"PreservedInsect":0,"Bag of Preparation":[30],"Whetstone":["champ:HeartStrike","champ:Strike"],"Orichalcum":[12],"Question Card":33,"Medical Kit":[0],"Blood Vial":0,"Sundial":[0],"Bronze Scales":[70],"Turnip":[6],"Black Star":6,"Necronomicon":[25],"obtain_stats":[{"Ice Cream":25,"Regal Pillow":26,"Calipers":26,"champ:ChampionCrown":0,"downfall:HeartBlessingGreen":44,"Bag of Preparation":29,"Whetstone":6,"Old Coin":38,"Blood Vial":46,"Sundial":40,"downfall:HeartBlessingBlue":44,"Necronomicon":28,"InkBottle":46,"downfall:HeartBlessingRed":44,"Happy Flower":52,"Blue Candle":24,"Oddly Smooth Stone":23,"PreservedInsect":52,"Orichalcum":30,"Frozen Egg 2":40,"Question Card":7,"Medical Kit":39,"Du-Vu Doll":30,"Bronze Scales":45,"Orrery":14,"Turnip":23,"Black Star":17,"Coffee Dripper":34,"Unceasing Top":39,"Meat on the Bone":13},{"Ice Cream":13,"Regal Pillow":14,"Calipers":14,"champ:ChampionCrown":0,"downfall:HeartBlessingGreen":26,"Bag of Preparation":16,"Whetstone":3,"Old Coin":22,"Blood Vial":27,"Sundial":24,"downfall:HeartBlessingBlue":26,"Necronomicon":15,"InkBottle":27,"downfall:HeartBlessingRed":26,"Happy Flower":30,"Blue Candle":13,"Oddly Smooth Stone":13,"PreservedInsect":30,"Orichalcum":17,"Frozen Egg 2":24,"Question Card":3,"Medical Kit":23,"Du-Vu Doll":17,"Bronze Scales":26,"Orrery":8,"Turnip":13,"Black Star":10,"Coffee Dripper":20,"Unceasing Top":23,"Meat on the Bone":7},{"Ice Cream":65,"Regal Pillow":69,"Calipers":69,"champ:ChampionCrown":0,"downfall:HeartBlessingGreen":120,"Bag of Preparation":77,"Whetstone":19,"Old Coin":104,"Blood Vial":123,"Sundial":113,"downfall:HeartBlessingBlue":120,"Necronomicon":73,"InkBottle":123,"downfall:HeartBlessingRed":120,"Happy Flower":134,"Blue Candle":65,"Oddly Smooth Stone":65,"PreservedInsect":134,"Orichalcum":81,"Frozen Egg 2":113,"Question Card":19,"Medical Kit":108,"Du-Vu Doll":81,"Bronze Scales":120,"Orrery":39,"Turnip":65,"Black Star":50,"Coffee Dripper":93,"Unceasing Top":108,"Meat on the Bone":35}],"Unceasing Top":[7],"InkBottle":[16],"Meat on the Bone":264},"card_choices":[{"not_picked":["champ:GladiatorsShout","champ:RageSigil"],"picked":"champ:ArenaPreparation","floor":2.0},{"not_picked":["champ:Haymaker","champ:CrookedStrike","champ:TornadoPunch"],"picked":"SKIP","floor":3.0},{"not_picked":["champ:Aggression","champ:GladiatorsShout"],"picked":"champ:GutPunch","floor":6.0},{"not_picked":["champ:RageSigil","champ:FlashCut","champ:TornadoPunch"],"picked":"champ:StanceDance","floor":9.0},{"not_picked":["champ:TornadoPunch","champ:Aggression","champ:FlashCut","champ:Balance"],"picked":"SKIP","floor":11.0},{"not_picked":["champ:PreciseThrust","champ:CrookedStrike","champ:Circumvent"],"picked":"champ:AdrenalArmor","floor":12.0},{"not_picked":["champ:EnchantShield","champ:Haymaker","champ:Aggression"],"picked":"champ:ShieldSigil","floor":13.0},{"not_picked":["champ:Haymaker","champ:FlashCut","champ:StanceDance"],"picked":"champ:SwordSigil","floor":14.0},{"not_picked":["champ:FaceSlap","champ:ShieldSigil","champ:TornadoPunch"],"picked":"champ:DeathBlow","floor":14.0},{"not_picked":["champ:FlashCut","champ:BerserkersShout","champ:SwordThrow"],"picked":"champ:Encircle","floor":14.0},{"not_picked":["champ:Control","champ:Circumvent","champ:FlashCut"],"picked":"champ:Aggression","floor":14.0},{"not_picked":["champ:BladeFlurry","champ:FocusedDefense","champ:CrookedStrike"],"picked":"champ:Backstep","floor":14.0},{"not_picked":["champ:BladeFlurry","champ:Haymaker","champ:DefensiveStyle"],"picked":"champ:ShieldSigil","floor":15.0},{"not_picked":["champ:LastStand","champ:DancingMaster","champ:HeavySlash"],"picked":"champ:SwordThrow","floor":16.0},{"not_picked":["champ:CrookedStrike+1","champ:BringItOn","champ:ViciousMockery+1"],"picked":"champ:Backstep","floor":19.0},{"not_picked":["champ:StanceDance","champ:FaceSlap","champ:PerfectedStrike","champ:Circumvent+1"],"picked":"SKIP","floor":20.0},{"not_picked":["champ:StanceDance","champ:FaceSlap","champ:PerfectedStrike","champ:Circumvent+1"],"picked":"SKIP","floor":20.0},{"not_picked":["champ:Duel","champ:GladiatorStyle","champ:StanceDance+1","champ:BladeFlurry"],"picked":"SKIP","floor":23.0},{"not_picked":["champ:HeavySlash","champ:FlashCut","champ:FalseCounter"],"picked":"champ:FocusedBerserking+1","floor":26.0},{"not_picked":["champ:DefensiveStyle","champ:Riposte","champ:ShieldSigil","champ:DefensiveShout"],"picked":"SKIP","floor":27.0},{"not_picked":["champ:Devastate","champ:StanceDance+1","champ:ShieldSigil+1"],"picked":"champ:RecklessLeap","floor":29.0},{"not_picked":["champ:DefensiveStyle","champ:FlashCut","champ:HeartStrike"],"picked":"champ:RecklessLeap+1","floor":30.0},{"not_picked":["champ:IronFortress+1","champ:BladeFlurry","champ:Haymaker"],"picked":"champ:AdrenalArmor","floor":31.0},{"not_picked":["champ:StanceDance","champ:PreciseThrust","champ:RecklessLeap"],"picked":"champ:Backstep","floor":32.0},{"not_picked":["champ:AdrenalArmor+1","champ:FlashCut","champ:Shatter"],"picked":"champ:FocusedBerserking","floor":36.0},{"not_picked":["champ:RecklessLeap+1","champ:FightOn","champ:DefensiveStyle","champ:SteelEdge"],"picked":"SKIP","floor":39.0},{"not_picked":["champ:Haymaker","champ:BerserkersShout+1","champ:StanceDance+1","champ:GladiatorStyle+1"],"picked":"SKIP","floor":40.0},{"not_picked":["champ:HeavySlash","champ:TornadoPunch","champ:AdrenalArmor+1"],"picked":"champ:HeartStrike+1","floor":42.0},{"not_picked":["champ:Haymaker","champ:BladeFlurry","champ:BringItOn"],"picked":"champ:Control+1","floor":43.0},{"not_picked":["champ:Backstep","champ:SteelEdge","champ:CrookedStrike+1","champ:GutPunch"],"picked":"SKIP","floor":46},{"not_picked":["champ:Balance+1","champ:StanceDance+1","champ:GladiatorsShout","champ:BladeFlurry+1"],"picked":"SKIP","floor":49},{"not_picked":["champ:AdrenalArmor+1","champ:Balance+1","champ:CrookedStrike","champ:DefensiveShout"],"picked":"SKIP","floor":52}],"player_experience":1442762,"relics_obtained":[{"floor":6.0,"key":"Whetstone"},{"floor":7.0,"key":"Question Card"},{"floor":13.0,"key":"Meat on the Bone"},{"floor":23.0,"key":"Oddly Smooth Stone"},{"floor":23.0,"key":"Turnip"},{"floor":24.0,"key":"Blue Candle"},{"floor":26.0,"key":"Regal Pillow"},{"floor":26.0,"key":"Calipers"},{"floor":28.0,"key":"Necronomicon"},{"floor":30.0,"key":"Orichalcum"},{"floor":30.0,"key":"Du-Vu Doll"},{"floor":38.0,"key":"Old Coin"},{"floor":40.0,"key":"Frozen Egg 2"},{"floor":40.0,"key":"Sundial"},{"floor":46,"key":"Blood Vial"},{"floor":46,"key":"InkBottle"},{"floor":52,"key":"PreservedInsect"},{"floor":52,"key":"Happy Flower"}],"event_choices":[{"damage_healed":0.0,"max_hp_gain":0.0,"max_hp_loss":0.0,"gold_gain":0.0,"event_name":"Living Wall","player_choice":"Grow","floor":5.0,"gold_loss":0.0,"damage_taken":0.0,"cards_upgraded":["champ:EnragedBash"]},{"damage_healed":0.0,"max_hp_gain":0.0,"max_hp_loss":0.0,"gold_gain":0.0,"event_name":"The Library","player_choice":"Read","floor":21.0,"gold_loss":0.0,"damage_taken":0.0,"cards_obtained":["champ:BerserkerStyle"]},{"damage_healed":0.0,"max_hp_gain":0.0,"max_hp_loss":0.0,"gold_gain":0.0,"event_name":"Back to Basics","player_choice":"Simplicity","floor":22.0,"gold_loss":0.0,"damage_taken":0.0,"cards_upgraded":["champ:Strike","champ:Defend","champ:Defend","champ:Defend","champ:Defend"]},{"cards_removed":["champ:BerserkerStyle"],"damage_healed":0.0,"max_hp_gain":0.0,"max_hp_loss":0.0,"gold_gain":0.0,"event_name":"Falling","player_choice":"Removed Power","floor":37.0,"gold_loss":0.0,"damage_taken":0.0}],"is_beta":false,"boss_relics":[{"not_picked":["Velvet Choker","Tiny House"],"picked":"Black Star"},{"not_picked":["Sozu","Fusion Hammer"],"picked":"Coffee Dripper"}],"items_purged_floors":[39,53],"is_endless":false,"potions_floor_spawned":[6,11,13,15,16,26,27,30,31,36,40,42,43,46],"ascension_level":1}}