{"host":"f0gpob8hq9vgebej","time":1608644263,"event":{"mods":["AchievementEnabler","BaseMod","Googly Eyes","Minty Spire (QoL Compilation)","Quick Restart","SuperFastMode"],"gold_per_floor":[119,135,155,175,191,191,191,191,191,41,58,58,58,70,70,70,70],"floor_reached":16,"playtime":291,"items_purged":["Strike_G"],"score":155,"play_id":"f2ab4251-8a6e-4385-adf5-241fc85da7f9","local_time":"20201222223743","is_ascension_mode":true,"campfire_choices":[{"data":"Strike_G","floor":6.0,"key":"PURGE"},{"data":"Defend_G","floor":8.0,"key":"PURGE"},{"floor":12.0,"key":"REST"},{"data":"Dagger Spray","floor":15.0,"key":"SMITH"}],"circlet_count":0,"master_deck":["AscendersBane","Strike_G","Strike_G","Strike_G","Defend_G","Defend_G","Defend_G","Defend_G","Survivor","Neutralize","Prepared","Dagger Spray+1","Dash","Terror"],"relics":["Ring of the Snake","Peace Pipe","Snake Skull"],"acts_visited":["Exordium"],"potions_floor_usage":[],"damage_taken":[{"damage":0.0,"enemies":"2 Louse","floor":1.0,"turns":3.0},{"damage":0.0,"enemies":"Small Slimes","floor":2.0,"turns":3.0},{"damage":6.0,"enemies":"Jaw Worm","floor":3.0,"turns":4.0},{"damage":0.0,"enemies":"2 Fungi Beasts","floor":4.0,"turns":3.0},{"damage":28.0,"enemies":"Exordium Wildlife","floor":5.0,"turns":8.0},{"damage":9.0,"enemies":"Large Slime","floor":11.0,"turns":11.0},{"damage":0.0,"enemies":"Blue Slaver","floor":14.0,"turns":5.0},{"damage":23,"enemies":"Slime Boss","floor":16,"turns":3}],"seed_played":"-1009269300887874066","potions_obtained":[{"floor":2.0,"key":"DuplicationPotion"},{"floor":3.0,"key":"Weak Potion"},{"floor":11.0,"key":"Regen Potion"}],"is_trial":false,"path_per_floor":["M","M","M","M","M","R","?","R","T","$","M","R","?","M","R","B"],"character_chosen":"THE_SILENT","items_purchased":["Dash"],"campfire_rested":1,"item_purchase_floors":[10],"current_hp_per_floor":[45,45,39,39,11,11,11,11,11,11,2,23,23,23,23,0,0],"gold":70,"neow_bonus":"ONE_RARE_RELIC","is_daily":false,"chose_seed":false,"campfire_upgraded":1,"win_rate":0.0,"timestamp":1608644263,"path_taken":["M","M","M","M","M","R","?","R","T","$","M","R","?","M","R","BOSS"],"items_purchased_type":["Card"],"build_version":"2020-12-13","purchased_purges":1,"victory":false,"max_hp_per_floor":[70,70,70,70,70,70,70,70,70,70,70,70,70,70,70,70,70],"card_choices":[{"not_picked":["Cloak And Dagger","Heel Hook"],"picked":"Prepared","floor":1.0},{"not_picked":["Choke","Eviscerate","Bane"],"picked":"SKIP","floor":2.0},{"not_picked":["Quick Slash","Footwork"],"picked":"Dagger Spray","floor":3.0},{"not_picked":["Flying Knee","Choke","Expertise"],"picked":"SKIP","floor":4.0},{"not_picked":["Eviscerate","Deflect","Quick Slash"],"picked":"SKIP","floor":5.0},{"not_picked":["Skewer","Caltrops","Prepared"],"picked":"SKIP","floor":11.0},{"not_picked":["PiercingWail","Flying Knee"],"picked":"Terror","floor":14.0}],"player_experience":198392,"relics_obtained":[{"floor":9.0,"key":"Snake Skull"}],"event_choices":[{"damage_healed":0.0,"max_hp_gain":0.0,"max_hp_loss":0.0,"gold_gain":0.0,"event_name":"Shining Light","player_choice":"Ignored","floor":7.0,"gold_loss":0.0,"damage_taken":0.0},{"damage_healed":0.0,"max_hp_gain":0.0,"max_hp_loss":0.0,"gold_gain":0.0,"event_name":"Liars Game","player_choice":"Ignored","floor":13.0,"gold_loss":0.0,"damage_taken":0.0}],"is_beta":false,"boss_relics":[],"items_purged_floors":[10],"is_endless":false,"potions_floor_spawned":[2,3,11],"killed_by":"Slime Boss","ascension_level":13}}