{"host":"8g0y046lq89z3gxm","time":1608657533,"event":{"mods":["2.2 Compatiblity","A Magickal Journey","Abigail Mod","AchievementEnabler","Act Like it!","Aspiration","Astrologer","BaseMod","Better Note","Better Sensory Stone","Better Third Choice","Better Vampires","BetterRewards","CapriCore","Colored Powertips","Conspire","Custom Start","DeckTracker","Defuse TimeMaze Blight","Dota2Spire","Downfall","Energized Spire","Friendly Minions","Gensokyo","GifTheSpireLib","GungeonMod","Halation","Hallownest","Hermit","HololiveMod","Hubris","Infinite Spire","KiyohimeÅiê¥?Åj","Koishi","KomeijiMod","Lobotomy","LobotomyExtend","MarisaÅiñ∂âJÅ@ñÇóùçπÅj","Minty Spire (QoL Compilation)","MostiFishMod","Permanent Neow","Prisma Mod","Quarter Circle Forward PUNCH!","Railgun Mod","Rare Cards Sparkle","Relic Stats","Replay The Spire","RumiaBox-òIïƒ?ìIê_îÈ·¥éq","Shade Mod","Shop Mod","Small Relic Pack","Spicy Shops","Spire Birthday Party","StSLib","Stuff the Spire","TestMod","The Alterego","The Animator","The Blue Laboratory","The Cursed","The Forsaken","The Gatherer","The Hierophant","The Wild Card","TheSwordswoman","Uncapped","Unceasing Turn Reminder","Wandering Minibosses","WarShipGirlsR/??è≠èóR mod","Yohane!","vexMod","Åy?ï˚ìÒéü?çÏÅzî™â]éámod","Åy?ï®?îvÅzREMEMod"],"gold_per_floor":[118,130,130,130,205,205,205,205,279,4,18,28,28,53,53,148,148,163,163,163,163,6,6,18,18,91,91,124,156,156,181,181,286,286,296,296,256,256,23,23,41,54,78,92,92,124,124,135,135,135],"floor_reached":51,"playtime":4707,"items_purged":[],"score":1767,"play_id":"0a0af0d2-67f4-4ddd-a846-b776c3dc53aa","local_time":"20201222091853","daily_mods":["Heirloom","Flight"],"is_ascension_mode":false,"campfire_choices":[{"floor":6.0,"key":"REST"},{"floor":8.0,"key":"REST"},{"data":"1","floor":49.0,"key":"LIFT"}],"circlet_count":0,"master_deck":["Mercenary","Mercenary","SpecialBullet","SpecialBullet","SpecialBullet","SpecialBullet","SpecialBullet","SpecialBullet","SpecialBullet","SpecialBullet","CentralCode","TrainingCode","InformationCode","MostiFishMod:Neptune","MostiFishMod:TheEndOfMoonlight","MostiFishMod:SparklingWater","MostiFishMod:FantasySummer+1","MostiFishMod:NightSea+1","ShyLook","Tough","Soda+1","OSAHOGD","GoldRush","RapturousDream","Harmony","Hornet+1","ParadiseLost","Twilight","WristCuter","SecurityCode","FourthMatchFlame","DisciplinaryCode","FourthMatchFlame","ShedSkin","CUTE+1","WelfareCode","ControlCode","DaCapo","BlackSwan_ego+1","LongBird","infinitespire:FutureSight","Penitence","FourthMatchFlame","RedEyes","SpecialBullet","GrinderMk4+1","RecordCode","SomewhereSpear","Horn","Variant"],"relics":["CogitoBucket","testmod-TestBox","DaveBox","REME_ComplimentaryCards","testmod-GiftOfSatan","MoonlightInvasionPlan","Girya","LetterFromLob","Question Card","halation:EternalFortune","relicPack:DSword","halation:TwoAmDonut","Lantern","ImportantClient","Replay:Grab Bag","halation:IncompleteEncyclopedia","vexMod:TanglingVine","RhineFirstAidKit","aspiration:RunicSpoon","SkinProphecy","GreenFoldingFan","Hololive_LightStick","hubris:MysteriousPyramids","DemoMod:ClearGuonStone","DemoMod:MonsterBlood","Thread and Needle","halation:LettersToHer","hubris:Backtick","Civilization","wanderingMiniBosses:AbyssPearl","ReplayTheSpireMod:Ninjato","DemoMod:GlassGuonStoneRelic","Pen Nib","vexMod:InvisibilityCloak","AtMidnight","WantedRequest"],"acts_visited":["Exordium","TheCity","TheBeyond"],"potions_floor_usage":[51],"damage_taken":[{"damage":0.0,"enemies":"2 Louse","floor":1.0,"turns":2.0},{"damage":0.0,"enemies":"Jaw Worm","floor":2.0,"turns":1.0},{"damage":0.0,"enemies":"Small Slimes","floor":11.0,"turns":1.0},{"damage":8.0,"enemies":"conspire:2 RoseBushes","floor":12.0,"turns":2.0},{"damage":9.0,"enemies":"The Guardian","floor":16.0,"turns":3.0},{"damage":0.0,"enemies":"3 Byrds","floor":18.0,"turns":1.0},{"damage":0.0,"enemies":"conspire:FuzzyDice","floor":24.0,"turns":2.0},{"damage":0.0,"enemies":"Slavers","floor":28.0,"turns":1.0},{"damage":0.0,"enemies":"Replay:Snechameleon","floor":29.0,"turns":3.0},{"damage":0.0,"enemies":"Book of Stabbing","floor":31.0,"turns":3.0},{"damage":0.0,"enemies":"Collector","floor":33.0,"turns":3.0},{"damage":9.0,"enemies":"3 Shapes","floor":35.0,"turns":5.0},{"damage":0.0,"enemies":"3 Shapes","floor":36.0,"turns":1.0},{"damage":0.0,"enemies":"Orb Walker","floor":41.0,"turns":1.0},{"damage":0.0,"enemies":"Maw","floor":42.0,"turns":2.0},{"damage":0.0,"enemies":"4 Shapes","floor":44.0,"turns":2.0},{"damage":0.0,"enemies":"Reptomancer","floor":46.0,"turns":3.0},{"damage":0.0,"enemies":"3 Darklings","floor":48.0,"turns":3.0},{"damage":78,"enemies":"conspire:OrnateMirror","floor":50,"turns":6},{"damage":0,"enemies":"Malkuth","floor":51,"turns":3},{"damage":0,"enemies":"Netzach","floor":51,"turns":2},{"damage":0,"enemies":"Chesed","floor":51,"turns":2},{"damage":7,"enemies":"Hokma","floor":51,"turns":5},{"damage":32,"enemies":"Angela","floor":51,"turns":3}],"seed_played":"-7902470216871877306","potions_obtained":[{"floor":2.0,"key":"Guardian:BlockOnCardUsePotion"},{"floor":41.0,"key":"SpeedPotion"}],"is_trial":true,"path_per_floor":["M","M","?","?","?","R","R","R","T","$","M","M","?","T","R","B",null,"M","AVR","M","?","$","R","M","?","T","R","E","E","T","E","R","B",null,"M","?","?","AVR","$","R","M","M","T","M","R","E","R","M","R","B",null],"character_chosen":"Angela","items_purchased":["GoldRush","RapturousDream","Hololive_LightStick","WristCuter","ReplayTheSpireMod:Ninjato","Penitence"],"campfire_rested":2,"item_purchase_floors":[10,10,22,22,39,39],"current_hp_per_floor":[70,70,73,38,27,48,48,69,69,69,69,80,80,80,80,73,83,83,83,83,83,83,83,85,85,85,85,87,96,96,103,103,105,105,113,120,120,120,120,120,128,137,137,155,155,172,172,199,199,212],"gold":135,"neow_bonus":"","is_daily":false,"chose_seed":false,"campfire_upgraded":0,"win_rate":0.0,"timestamp":1608657533,"path_taken":["M","M","?","?","?","R","R","R","T","$","M","M","?","?","R","BOSS","M","AVR","M","?","$","R","M","?","T","R","E","E","?","E","R","BOSS","M","?","?","AVR","$","R","M","?","T","?","R","E","R","M","R","BOSS"],"items_purchased_type":["Card","Card","Relic","Card","Relic","Card"],"build_version":"2020-12-13","purchased_purges":0,"victory":true,"max_hp_per_floor":[70,70,73,73,73,73,73,73,73,73,73,83,83,83,83,83,83,83,83,83,83,83,83,85,85,85,85,87,96,96,103,103,105,105,113,120,120,120,120,120,128,137,137,155,155,172,172,199,199,240],"relic_stats":{"counters":[28,64],"aspiration:RunicSpoon":[109],"Pen Nib":[10],"Question Card":83,"obtain_stats":[{"Lantern":14,"relicPack:DSword":4,"DaveBox":0,"DemoMod:GlassGuonStoneRelic":11,"wanderingMiniBosses:AbyssPearl":35,"vexMod:TanglingVine":17,"SkinProphecy":18,"hubris:MysteriousPyramids":26,"GreenFoldingFan":19,"Civilization":34,"vexMod:InvisibilityCloak":46,"CogitoBucket":0,"RhineFirstAidKit":17,"hubris:Backtick":34,"DemoMod:MonsterBlood":29,"DemoMod:ClearGuonStone":28,"halation:LettersToHer":31,"ImportantClient":16,"WantedRequest":50,"Girya":0,"testmod-TestBox":0,"ReplayTheSpireMod:Ninjato":39,"Replay:Grab Bag":17,"aspiration:RunicSpoon":17,"MoonlightInvasionPlan":0,"Thread and Needle":30,"Pen Nib":43,"Question Card":1,"Hololive_LightStick":22,"testmod-GiftOfSatan":0,"halation:EternalFortune":3,"AtMidnight":48,"LetterFromLob":1,"halation:TwoAmDonut":9,"REME_ComplimentaryCards":0,"halation:IncompleteEncyclopedia":17},{"Lantern":4,"relicPack:DSword":2,"DaveBox":0,"DemoMod:GlassGuonStoneRelic":3,"wanderingMiniBosses:AbyssPearl":14,"vexMod:TanglingVine":5,"SkinProphecy":7,"hubris:MysteriousPyramids":8,"GreenFoldingFan":7,"Civilization":12,"vexMod:InvisibilityCloak":19,"CogitoBucket":0,"RhineFirstAidKit":5,"hubris:Backtick":12,"DemoMod:MonsterBlood":10,"DemoMod:ClearGuonStone":9,"halation:LettersToHer":11,"ImportantClient":5,"WantedRequest":23,"Girya":0,"testmod-TestBox":0,"ReplayTheSpireMod:Ninjato":15,"Replay:Grab Bag":5,"aspiration:RunicSpoon":5,"MoonlightInvasionPlan":0,"Thread and Needle":10,"Pen Nib":17,"Question Card":1,"Hololive_LightStick":7,"testmod-GiftOfSatan":0,"halation:EternalFortune":2,"AtMidnight":21,"LetterFromLob":1,"halation:TwoAmDonut":2,"REME_ComplimentaryCards":0,"halation:IncompleteEncyclopedia":5},{"Lantern":6,"relicPack:DSword":3,"DaveBox":0,"DemoMod:GlassGuonStoneRelic":4,"wanderingMiniBosses:AbyssPearl":29,"vexMod:TanglingVine":9,"SkinProphecy":11,"hubris:MysteriousPyramids":13,"GreenFoldingFan":11,"Civilization":23,"vexMod:InvisibilityCloak":38,"CogitoBucket":0,"RhineFirstAidKit":9,"hubris:Backtick":23,"DemoMod:MonsterBlood":17,"DemoMod:ClearGuonStone":14,"halation:LettersToHer":20,"ImportantClient":9,"WantedRequest":47,"Girya":0,"testmod-TestBox":0,"ReplayTheSpireMod:Ninjato":30,"Replay:Grab Bag":9,"aspiration:RunicSpoon":9,"MoonlightInvasionPlan":0,"Thread and Needle":17,"Pen Nib":33,"Question Card":2,"Hololive_LightStick":11,"testmod-GiftOfSatan":0,"halation:EternalFortune":3,"AtMidnight":42,"LetterFromLob":2,"halation:TwoAmDonut":3,"REME_ComplimentaryCards":0,"halation:IncompleteEncyclopedia":9}]},"card_choices":[{"not_picked":["Scorched","GalaxyChild"],"picked":"ShyLook","floor":1.0},{"not_picked":["Horn"],"picked":"Tough","floor":1.0},{"not_picked":["BlackSwan_ego","SomewhereSpear"],"picked":"Soda","floor":2.0},{"not_picked":["WallGazer","DreamingCurrent"],"picked":"OSAHOGD","floor":2.0},{"not_picked":["Horn","Tough"],"picked":"Harmony","floor":11.0},{"not_picked":["Beak","Tough"],"picked":"Hornet","floor":12.0},{"not_picked":["Mimicry","TheSmile"],"picked":"ParadiseLost","floor":16.0},{"not_picked":["CUTE+1","Horn+1"],"picked":"Twilight","floor":18.0},{"not_picked":["Diffraction+1","ShedSkin"],"picked":"FourthMatchFlame","floor":24.0},{"not_picked":["ScreamingWedge+1","GrinderMk4+1"],"picked":"FourthMatchFlame","floor":28.0},{"not_picked":["Loneliness+1","Heaven"],"picked":"ShedSkin","floor":29.0},{"not_picked":["WristCuter","Diffraction"],"picked":"CUTE+1","floor":31.0},{"not_picked":["Mimicry","Adoration"],"picked":"DaCapo","floor":33.0},{"not_picked":["RapturousDream","ScreamingWedge"],"picked":"BlackSwan_ego+1","floor":35.0},{"not_picked":["LittlePrince","VoidDream"],"picked":"LongBird","floor":36.0},{"not_picked":["SomewhereSpear+1","Soda+1"],"picked":"FourthMatchFlame","floor":41.0},{"not_picked":["Loneliness","LifeForTheDareDevil"],"picked":"RedEyes","floor":42.0},{"not_picked":["Noise+1","ScreamingWedge"],"picked":"GrinderMk4+1","floor":44.0},{"not_picked":["CherryBlossom+1","Laetitia_ego+1"],"picked":"SomewhereSpear","floor":46.0},{"not_picked":["Alriune","BlackArmy"],"picked":"Mercenary","floor":46.0},{"not_picked":["Harmony+1","Lantern+1"],"picked":"Horn","floor":48.0},{"not_picked":["RedShoes","BigBadWolf"],"picked":"Variant","floor":48.0}],"player_experience":215949,"relics_obtained":[{"floor":1.0,"key":"LetterFromLob"},{"floor":1.0,"key":"Question Card"},{"floor":9.0,"key":"halation:TwoAmDonut"},{"floor":14.0,"key":"Lantern"},{"floor":16.0,"key":"ImportantClient"},{"floor":26.0,"key":"hubris:MysteriousPyramids"},{"floor":28.0,"key":"DemoMod:ClearGuonStone"},{"floor":29.0,"key":"DemoMod:MonsterBlood"},{"floor":30.0,"key":"Thread and Needle"},{"floor":31.0,"key":"halation:LettersToHer"},{"floor":35.0,"key":"wanderingMiniBosses:AbyssPearl"},{"floor":43.0,"key":"halation:LettersToHer"},{"floor":43.0,"key":"Pen Nib"},{"floor":46.0,"key":"vexMod:InvisibilityCloak"},{"floor":48.0,"key":"AtMidnight"}],"event_choices":[{"damage_healed":0.0,"max_hp_gain":0.0,"max_hp_loss":0.0,"gold_gain":75.0,"event_name":"betterThird:BetterGoop","player_choice":"Gold","floor":5.0,"gold_loss":0.0,"damage_taken":11.0},{"damage_healed":0.0,"max_hp_gain":0.0,"max_hp_loss":0.0,"gold_gain":0.0,"event_name":"Upgrade Shrine","player_choice":"Upgraded","floor":21.0,"gold_loss":0.0,"damage_taken":0.0,"cards_upgraded":["Soda"]},{"damage_healed":0.0,"max_hp_gain":0.0,"max_hp_loss":0.0,"gold_gain":0.0,"event_name":"FaceTrader","player_choice":"Leave","floor":25.0,"gold_loss":0.0,"damage_taken":0.0},{"damage_healed":0.0,"max_hp_gain":0.0,"max_hp_loss":0.0,"gold_gain":0.0,"event_name":"Designer","player_choice":"Upgraded Two","floor":37.0,"gold_loss":40.0,"damage_taken":0.0,"cards_upgraded":["MostiFishMod:NightSea","MostiFishMod:FantasySummer"]}],"is_beta":false,"boss_relics":[{"not_picked":["vexMod:RockOfEvil","qcfpunch:Killian_Engine_Alpha"],"picked":"Replay:Grab Bag"},{"not_picked":["vexMod:CursedCompass","conspire:SlowCooker"],"picked":"halation:IncompleteEncyclopedia"},{"not_picked":["Busted Crown","energizedSpire:DeadBattery"],"picked":"vexMod:TanglingVine"},{"not_picked":["Snecko Heart","REME_LowDesire"],"picked":"RhineFirstAidKit"},{"not_picked":["StuffTheSpire:Kangaroo","halation:PlatinumPhoenix"],"picked":"aspiration:RunicSpoon"},{"not_picked":["GuanYuAspect","hubris:TerracottaHorce"],"picked":"hubris:Backtick"}],"items_purged_floors":[],"is_endless":false,"potions_floor_spawned":[2,41],"ascension_level":0}}