{"host":"3ek78t4i81ecmdy1","time":1608609661,"event":{"mods":["2.2 Compatiblity","AchievementEnabler","BaseMod","Colored Map","DeckTracker","Filter the Spire","Keyboard Shortcuts","Minty Spire (QoL Compilation)","Permanent Neow","Quick Restart","SuperFastMode","Swap Starting Deck Mod","everything is the same but u backflip on backflip"],"gold_per_floor":[113,63,63,63,79,79,93,120,120,130,12,29,62,62,62,158,158,169,169,130,150,150,150,150,150,150,170,15,41,56,76,76,181,181,201,101,112,131,148,159,159,187,187,219,219,234,4,22,22,22],"floor_reached":51,"playtime":2642,"items_purged":["Ghostly Armor","Brutality+1"],"score":864,"play_id":"c9634b28-83a1-447e-97b9-60fd07acd09b","local_time":"20201222130101","is_ascension_mode":false,"campfire_choices":[{"floor":6,"key":"RECALL"},{"data":"True Grit","floor":15,"key":"SMITH"},{"data":"Bloodletting","floor":23,"key":"SMITH"},{"floor":32,"key":"REST"},{"floor":41,"key":"REST"},{"floor":49,"key":"REST"}],"circlet_count":0,"master_deck":["Carnage+1","Carnage","Ghostly Armor+1","Ghostly Armor+1","Ghostly Armor","Feel No Pain+1","Bloodletting+1","Flex","Blind","True Grit+1","Barricade+1","Sentinel","Hemokinesis+1","Dark Embrace+1","Metallicize+1","Inflame+1","Shrug It Off","Body Slam+1","Impervious","True Grit+1","Juggernaut+1"],"relics":["Black Blood","Frozen Egg 2","Boot","MealTicket","Question Card","Fusion Hammer","Whetstone","Happy Flower","Eternal Feather","Pantograph","Oddly Smooth Stone"],"acts_visited":["Exordium","TheCity","TheBeyond"],"potions_floor_usage":[13,16,21,33,35,38,39,40,42],"damage_taken":[{"damage":1,"enemies":"Jaw Worm","floor":1,"turns":3},{"damage":0,"enemies":"2 Louse","floor":5,"turns":2},{"damage":0,"enemies":"Cultist","floor":7,"turns":3},{"damage":6,"enemies":"Gremlin Nob","floor":8,"turns":3},{"damage":6,"enemies":"Gremlin Gang","floor":10,"turns":3},{"damage":3,"enemies":"Large Slime","floor":12,"turns":5},{"damage":6,"enemies":"Lagavulin","floor":13,"turns":6},{"damage":3,"enemies":"The Guardian","floor":16,"turns":11},{"damage":21,"enemies":"3 Byrds","floor":18,"turns":7},{"damage":10,"enemies":"2 Thieves","floor":21,"turns":4},{"damage":23,"enemies":"Cultist and Chosen","floor":27,"turns":11},{"damage":58,"enemies":"Gremlin Leader","floor":29,"turns":11},{"damage":14,"enemies":"Snake Plant","floor":30,"turns":5},{"damage":19,"enemies":"Centurion and Healer","floor":31,"turns":6},{"damage":22,"enemies":"Automaton","floor":33,"turns":10},{"damage":27,"enemies":"3 Darklings","floor":35,"turns":10},{"damage":21,"enemies":"3 Shapes","floor":37,"turns":13},{"damage":23,"enemies":"Spire Growth","floor":38,"turns":6},{"damage":34,"enemies":"Transient","floor":39,"turns":5},{"damage":15,"enemies":"4 Shapes","floor":40,"turns":6},{"damage":21,"enemies":"Nemesis","floor":42,"turns":19},{"damage":39,"enemies":"Reptomancer","floor":44,"turns":15},{"damage":9,"enemies":"Sphere and 2 Shapes","floor":46,"turns":8},{"damage":2,"enemies":"3 Darklings","floor":48,"turns":6},{"damage":42,"enemies":"Donu and Deca","floor":50,"turns":12}],"seed_played":"1382040734289589799","potions_obtained":[{"floor":1,"key":"Ancient Potion"},{"floor":10,"key":"EssenceOfSteel"},{"floor":12,"key":"PowerPotion"},{"floor":13,"key":"Energy Potion"},{"floor":21,"key":"Weak Potion"},{"floor":31,"key":"GamblersBrew"},{"floor":33,"key":"CultistPotion"},{"floor":35,"key":"Ancient Potion"},{"floor":37,"key":"PowerPotion"},{"floor":38,"key":"LiquidMemories"},{"floor":40,"key":"Weak Potion"},{"floor":48,"key":"BlessingOfTheForge"}],"is_trial":false,"path_per_floor":["M","?","?","?","M","R","M","E","T","M","$","M","E","$","R","B",null,"M","?","$","M","?","R","?","?","T","M","$","E","M","M","R","B",null,"M","$","M","M","M","M","R","E","T","E","?","M","$","M","R","B",null],"character_chosen":"IRONCLAD","items_purchased":["Flex","Blind","Dark Embrace+1","Inflame+1","Oddly Smooth Stone","Juggernaut+1"],"campfire_rested":3,"item_purchase_floors":[11,11,20,28,47,47],"current_hp_per_floor":[45,45,29,29,35,35,41,41,41,41,41,44,44,59,59,62,80,71,71,80,80,80,80,80,80,80,69,80,34,32,25,49,39,80,65,80,71,60,38,35,59,50,50,23,23,26,41,51,80,50],"gold":22,"neow_bonus":"","is_daily":false,"chose_seed":false,"campfire_upgraded":2,"win_rate":0.0,"timestamp":1608609661,"path_taken":["M","?","?","?","M","R","M","E","T","?","$","?","E","$","R","BOSS","M","?","$","?","?","R","?","?","T","M","$","E","?","M","R","BOSS","M","$","M","M","M","M","R","E","T","E","?","M","$","M","R","BOSS"],"items_purchased_type":["Card","Card","Card","Card","Relic","Card"],"build_version":"2020-12-13","purchased_purges":2,"victory":true,"max_hp_per_floor":[80,80,80,80,80,80,80,80,80,80,80,80,80,80,80,80,80,80,80,80,80,80,80,80,80,80,80,80,80,80,80,80,80,80,80,80,80,80,80,80,80,80,80,80,80,80,80,80,80,80],"card_choices":[{"not_picked":["Battle Trance","Shrug It Off","Twin Strike"],"picked":"SKIP","floor":1},{"not_picked":["Cleave","Pommel Strike","Rage"],"picked":"SKIP","floor":5},{"not_picked":["Reckless Charge","Searing Blow"],"picked":"Bloodletting","floor":7},{"not_picked":["Heavy Blade","Twin Strike","Iron Wave"],"picked":"SKIP","floor":8},{"not_picked":["Carnage","Rampage","Wild Strike"],"picked":"SKIP","floor":10},{"not_picked":["Clothesline","Reckless Charge"],"picked":"True Grit","floor":12},{"not_picked":["Warcry","Body Slam"],"picked":"Barricade+1","floor":13},{"not_picked":["Immolate","Bludgeon"],"picked":"Brutality+1","floor":16},{"not_picked":["Warcry","Feel No Pain+1"],"picked":"Sentinel","floor":18},{"not_picked":["Heavy Blade+1","Headbutt","Wild Strike"],"picked":"SKIP","floor":21},{"not_picked":["Cleave","Thunderclap","Armaments"],"picked":"SKIP","floor":27},{"not_picked":["Havoc","Bludgeon"],"picked":"Shrug It Off","floor":29},{"not_picked":["Warcry","Armaments","Shrug It Off"],"picked":"Body Slam+1","floor":30},{"not_picked":["Wild Strike+1","Thunderclap","Pommel Strike"],"picked":"Impervious","floor":31},{"not_picked":["Body Slam","Rupture+1","Perfected Strike+1","Flame Barrier+1"],"picked":"SKIP","floor":35},{"not_picked":["Twin Strike+1","Reckless Charge","Shockwave","Perfected Strike+1"],"picked":"SKIP","floor":37},{"not_picked":["Sword Boomerang+1","Heavy Blade+1","Havoc","Clothesline+1"],"picked":"SKIP","floor":38},{"not_picked":["Cleave+1","Searing Blow+1","Carnage","Whirlwind"],"picked":"SKIP","floor":39},{"not_picked":["Exhume","Perfected Strike+1","Wild Strike","Hemokinesis+1"],"picked":"SKIP","floor":40},{"not_picked":["Feel No Pain+1","Shrug It Off","Havoc","Anger+1"],"picked":"SKIP","floor":42},{"not_picked":["Clash","Havoc","Hemokinesis+1","Perfected Strike"],"picked":"SKIP","floor":44},{"not_picked":["Body Slam","Clothesline","Twin Strike+1"],"picked":"True Grit+1","floor":46},{"not_picked":["Blood for Blood+1","Heavy Blade","Limit Break","Battle Trance"],"picked":"SKIP","floor":48}],"player_experience":10466,"relics_obtained":[{"floor":8,"key":"Frozen Egg 2"},{"floor":9,"key":"Boot"},{"floor":13,"key":"MealTicket"},{"floor":29,"key":"Question Card"},{"floor":42,"key":"Whetstone"},{"floor":43,"key":"Happy Flower"},{"floor":44,"key":"Eternal Feather"}],"event_choices":[{"cards_removed":["Carnage"],"damage_healed":0,"gold_gain":0,"player_choice":"Card Removal","damage_taken":0,"max_hp_gain":0,"max_hp_loss":0,"event_name":"The Cleric","floor":2,"gold_loss":50},{"damage_healed":0,"gold_gain":0,"player_choice":"Entered Light","damage_taken":16,"max_hp_gain":0,"max_hp_loss":0,"event_name":"Shining Light","floor":3,"gold_loss":0,"cards_upgraded":["Ghostly Armor","Ghostly Armor"]},{"damage_healed":0,"gold_gain":0,"player_choice":"Upgraded","damage_taken":0,"max_hp_gain":0,"max_hp_loss":0,"event_name":"Upgrade Shrine","floor":4,"gold_loss":0,"cards_upgraded":["Feel No Pain"]},{"damage_healed":0,"gold_gain":0,"cards_transformed":["Ghostly Armor"],"player_choice":"Transformed","damage_taken":0,"max_hp_gain":0,"max_hp_loss":0,"event_name":"Transmorgrifier","floor":19,"gold_loss":0,"cards_obtained":["Hemokinesis"]},{"cards_removed":["Carnage"],"damage_healed":0,"gold_gain":0,"player_choice":"Elegance","damage_taken":0,"max_hp_gain":0,"max_hp_loss":0,"event_name":"Back to Basics","floor":22,"gold_loss":0},{"damage_healed":0,"gold_gain":0,"player_choice":"Ignored","damage_taken":0,"max_hp_gain":0,"max_hp_loss":0,"event_name":"Vampires","floor":24,"gold_loss":0},{"damage_healed":0,"gold_gain":0,"player_choice":"Read","damage_taken":0,"max_hp_gain":0,"max_hp_loss":0,"event_name":"The Library","floor":25,"gold_loss":0,"cards_obtained":["Metallicize"]},{"damage_healed":0,"gold_gain":0,"player_choice":"Gave Potion","damage_taken":0,"relics_obtained":["Pantograph"],"max_hp_gain":0,"max_hp_loss":0,"event_name":"WeMeetAgain","floor":45,"gold_loss":0}],"is_beta":false,"boss_relics":[{"not_picked":["Pandora\u0027s Box","Runic Cube"],"picked":"Black Blood"},{"not_picked":["Empty Cage","Cursed Key"],"picked":"Fusion Hammer"}],"items_purged_floors":[28,36],"is_endless":false,"potions_floor_spawned":[1,10,12,13,21,31,33,35,37,38,40,48],"ascension_level":0}}