{"host":"Krakhan","time":1608605580,"event":{"mods":["AchievementEnabler","BaseMod","Colored Map","Colored Powertips","Faster Ascension Climbing","Highlight Path","Minty Spire (QoL Compilation)","Rare Cards Sparkle","Relic Stats","StSLib"],"gold_per_floor":[10,23,23,23,38,38,74,87,87,128,153,303,303,228,228,318,318,331,331,350,3,3,3,47,66,142,155,115,133,173,173,173],"floor_reached":31,"playtime":3603,"items_purged":["Doubt","Zap"],"score":595,"play_id":"adf4ea45-cc70-4061-9d39-31bbd478cf3f","local_time":"20201221215300","is_ascension_mode":true,"campfire_choices":[{"data":"Ball Lightning","floor":6,"key":"SMITH"},{"data":"Hyperbeam","floor":15,"key":"SMITH"},{"data":"Fission","floor":23,"key":"SMITH"}],"circlet_count":0,"master_deck":["AscendersBane","Defend_B","Defend_B","Defend_B","Dualcast","Beam Cell","Streamline+1","Ball Lightning+1","Hyperbeam+1","Leap","Conserve Battery","Echo Form","Coolheaded","Bite","Bite","Bite","Bite","Bite","Conserve Battery","Fission+1","Doom and Gloom","Genetic Algorithm","Doubt","Defragment","Hologram","Hologram+1"],"relics":["Cracked Core","Turnip","Golden Idol","Emotion Chip","Thread and Needle","Dead Branch","Mercury Hourglass","Cursed Key","Lee\u0027s Waffle","Bronze Scales","InkBottle","Mummified Hand"],"acts_visited":["Exordium","TheCity"],"potions_floor_usage":[16,24],"damage_taken":[{"damage":1,"enemies":"Cultist","floor":1,"turns":3},{"damage":3,"enemies":"Small Slimes","floor":2,"turns":3},{"damage":1,"enemies":"2 Louse","floor":5,"turns":2},{"damage":25,"enemies":"Lagavulin","floor":7,"turns":5},{"damage":3,"enemies":"Blue Slaver","floor":8,"turns":2},{"damage":7,"enemies":"Gremlin Nob","floor":10,"turns":3},{"damage":0,"enemies":"3 Louse","floor":11,"turns":1},{"damage":15,"enemies":"Hexaghost","floor":16,"turns":8},{"damage":1,"enemies":"3 Byrds","floor":18,"turns":4},{"damage":10,"enemies":"Shell Parasite","floor":20,"turns":3},{"damage":19,"enemies":"Book of Stabbing","floor":24,"turns":5},{"damage":4,"enemies":"Shelled Parasite and Fungi","floor":25,"turns":5},{"damage":12,"enemies":"3 Cultists","floor":27,"turns":5},{"damage":2,"enemies":"Snecko","floor":29,"turns":5},{"damage":41,"enemies":"Gremlin Leader","floor":30,"turns":5},{"damage":27,"enemies":"Cultist and Chosen","floor":31,"turns":3}],"seed_played":"7377367429015160420","potions_obtained":[{"floor":8,"key":"LiquidBronze"},{"floor":10,"key":"GamblersBrew"},{"floor":16,"key":"PowerPotion"},{"floor":25,"key":"EntropicBrew"}],"is_trial":false,"path_per_floor":["M","M","?","?","M","R","E","M","T","E","M","?","T","$","R","B",null,"M","?","M","$","?","R","E","M","T","M","$","M","E","M"],"character_chosen":"DEFECT","items_purchased":["Fission","Lee\u0027s Waffle","Defragment"],"campfire_rested":0,"item_purchase_floors":[21,21,28],"current_hp_per_floor":[63,60,60,60,59,59,34,31,31,24,24,24,24,24,24,9,50,49,44,40,51,51,51,44,51,51,41,41,45,12,0,0],"gold":173,"neow_bonus":"ONE_RARE_RELIC","is_daily":false,"chose_seed":false,"campfire_upgraded":3,"win_rate":0.0,"timestamp":1608605580,"path_taken":["M","M","?","?","M","R","E","?","T","E","M","?","?","$","R","BOSS","M","?","M","$","?","R","E","M","T","?","$","M","E","M"],"items_purchased_type":["Card","Relic","Card"],"build_version":"2020-12-18","purchased_purges":2,"victory":false,"max_hp_per_floor":[71,71,64,64,64,64,64,64,64,64,64,64,64,64,64,64,64,64,44,44,51,51,51,51,51,51,51,51,51,51,51,51],"relic_stats":{"Emotion Chip":[26,23,2,1,0],"Lee\u0027s Waffle":11,"counters":[16,61],"Golden Idol":79,"Mummified Hand":[3],"Dead Branch":[20],"Bronze Scales":[62],"Turnip":[4],"Cursed Key":1,"obtain_stats":[{"Emotion Chip":7,"Lee\u0027s Waffle":21,"Golden Idol":3,"Mummified Hand":30,"Dead Branch":10,"Bronze Scales":24,"Thread and Needle":9,"Turnip":0,"Cracked Core":0,"Cursed Key":17,"InkBottle":26,"Mercury Hourglass":13},{"Emotion Chip":4,"Lee\u0027s Waffle":10,"Golden Idol":2,"Mummified Hand":15,"Dead Branch":6,"Bronze Scales":11,"Thread and Needle":5,"Turnip":0,"Cracked Core":0,"Cursed Key":8,"InkBottle":12,"Mercury Hourglass":7},{"Emotion Chip":13,"Lee\u0027s Waffle":33,"Golden Idol":6,"Mummified Hand":58,"Dead Branch":18,"Bronze Scales":38,"Thread and Needle":15,"Turnip":0,"Cracked Core":0,"Cursed Key":27,"InkBottle":43,"Mercury Hourglass":19}],"InkBottle":[6],"Mercury Hourglass":[165]},"card_choices":[{"not_picked":["Gash","Loop"],"picked":"Beam Cell","floor":1},{"not_picked":["Conserve Battery","Steam"],"picked":"Streamline","floor":2},{"not_picked":["Rebound","Sweeping Beam"],"picked":"Ball Lightning","floor":5},{"not_picked":["Compile Driver","Rip and Tear"],"picked":"Hyperbeam","floor":7},{"not_picked":["Coolheaded","BootSequence"],"picked":"Leap","floor":8},{"not_picked":["Turbo","Compile Driver"],"picked":"Conserve Battery","floor":10},{"not_picked":["Beam Cell","FTL","Ball Lightning"],"picked":"SKIP","floor":11},{"not_picked":["Core Surge","Fission"],"picked":"Echo Form","floor":16},{"not_picked":["Cold Snap","Rip and Tear"],"picked":"Coolheaded","floor":18},{"not_picked":["Turbo","Sweeping Beam"],"picked":"Conserve Battery","floor":20},{"not_picked":["Blizzard","Turbo"],"picked":"Doom and Gloom","floor":24},{"not_picked":["Turbo","Gash"],"picked":"Genetic Algorithm","floor":25},{"not_picked":["Auto Shields+1","Streamline","Turbo"],"picked":"SKIP","floor":27},{"not_picked":["Auto Shields+1","Streamline","Turbo"],"picked":"SKIP","floor":27},{"not_picked":["Beam Cell","BootSequence"],"picked":"Hologram","floor":29},{"not_picked":["Reboot","Gash"],"picked":"Hologram+1","floor":30}],"player_experience":1219016,"relics_obtained":[{"floor":7,"key":"Emotion Chip"},{"floor":9,"key":"Thread and Needle"},{"floor":10,"key":"Dead Branch"},{"floor":13,"key":"Mercury Hourglass"},{"floor":24,"key":"Bronze Scales"},{"floor":26,"key":"InkBottle"},{"floor":30,"key":"Mummified Hand"}],"event_choices":[{"damage_healed":0,"gold_gain":0,"player_choice":"Lose Max HP","damage_taken":0,"relics_obtained":["Golden Idol"],"max_hp_gain":0,"max_hp_loss":7,"event_name":"Golden Idol","floor":3,"gold_loss":0},{"damage_healed":0,"gold_gain":0,"player_choice":"Upgraded","damage_taken":0,"max_hp_gain":0,"max_hp_loss":0,"event_name":"Upgrade Shrine","floor":4,"gold_loss":0,"cards_upgraded":["Streamline"]},{"damage_healed":0,"gold_gain":150,"player_choice":"AGREE","damage_taken":0,"max_hp_gain":0,"max_hp_loss":0,"event_name":"Liars Game","floor":12,"gold_loss":0,"cards_obtained":["Doubt"]},{"damage_healed":0,"gold_gain":0,"player_choice":"Became a vampire","damage_taken":0,"max_hp_gain":0,"max_hp_loss":20,"event_name":"Vampires","floor":19,"gold_loss":0,"cards_obtained":["Bite","Bite","Bite","Bite","Bite"]},{"cards_removed":["Defend_B"],"damage_healed":0,"gold_gain":0,"player_choice":"Offered Basic","damage_taken":0,"max_hp_gain":0,"max_hp_loss":0,"event_name":"Bonfire Elementals","floor":22,"gold_loss":0}],"is_beta":true,"boss_relics":[{"not_picked":["Inserter","Philosopher\u0027s Stone"],"picked":"Cursed Key"}],"items_purged_floors":[14,21],"is_endless":false,"potions_floor_spawned":[8,10,11,16,25,27,30],"killed_by":"Cultist and Chosen","ascension_level":20}}