{"host":"ecuvtzmejf7hhjpv","time":1608676813,"event":{"mods":["AchievementEnabler","Act Like it!","Aspiration","BaseMod","Better Altar","Better Match","Better Note","Better Sensory Stone","Better Skull","Better Third Choice","BetterRewards","Conspire","Custom Start","Gensokyo","GifTheSpireLib","Hallownest","Hermit","Hubris","Kratos Character Expansion","Marisa????????","Minty Spire (QoL Compilation)","Prisma Mod","Replay The Spire","Spicy Shops","StSLib","The Animator","The Blackbeard","The Bug Knight","The Forsaken","The Hierophant","The Jungle","The Necromancer","The Poker Player","The Wild Card"],"gold_per_floor":[113,155,11,11,11,11,57,57,84,128,157,16,166,166,166,271,271,284,276,288,288,303,352,364,364,364,108,108,118,118,153,153,153,153],"floor_reached":33,"playtime":1887,"items_purged":[],"score":384,"play_id":"18b7bc79-26d0-4dde-862a-2978c5905f0b","local_time":"20201222164013","is_ascension_mode":true,"campfire_choices":[{"floor":6.0,"key":"REST"},{"data":"animator:Elesis","floor":15.0,"key":"SMITH"},{"data":"animator:GazelDwargon","floor":25,"key":"SMITH"},{"floor":28,"key":"REST"},{"floor":32,"key":"DIG"}],"circlet_count":0,"master_deck":["animator:Strike_MadokaMagica+1","animator:Defend_MadokaMagica","animator:Strike+1","animator:Strike","animator:Strike","animator:Defend","animator:Defend","animator:Defend","animator:IrohaTamaki+1","animator:YuiTsuruno","animator:Darkness","animator:IrohaTamaki+1","animator:Vesta","animator:Biyorigo","animator:Kyubey","animator:Elesis+2","animator:MadokaKaname+1","animator:GazelDwargon+1","animator:SuzuneAmano","animator:Konayuki+1","animator:MamiTomoe","animator:HomuraAkemi","animator:KyokoSakura+1","animator:Emilia","Injury","animator:SayakaMiki","animator:EmiyaShirou","animator:MamiTomoe"],"relics":["animator:LivingPicture","animator:TheMissingPiece","aspiration:Nostalgia","animator:PurgingStone","ReplayFunnel","TwistedFunnel","Replay:Bottled Flurry","Whetstone","theForsaken:HumbleEgg","KratosMod:chalice","Pocketwatch","hubris:Backtick","Ice Cream","hubris:FunFungus","aspiration:Lifesprig","ReplayTheSpireMod:CursedCoin","Gremlin Food","hubris:Metronome","animator:ShionDessert"],"acts_visited":["Exordium","TheCity"],"potions_floor_usage":[20],"damage_taken":[{"damage":3.0,"enemies":"Jaw Worm","floor":1.0,"turns":6.0},{"damage":42.0,"enemies":"conspire:MimicChest","floor":2.0,"turns":10.0},{"damage":0.0,"enemies":"Replay:BlueRogue","floor":7.0,"turns":12.0},{"damage":0.0,"enemies":"HollowMod:MossKnight","floor":10.0,"turns":11.0},{"damage":0.0,"enemies":"2 Louse","floor":11.0,"turns":1.0},{"damage":38.0,"enemies":"Fading Forest","floor":16.0,"turns":11.0},{"damage":17.0,"enemies":"Chosen","floor":18.0,"turns":8.0},{"damage":38,"enemies":"2 Thieves","floor":19,"turns":4},{"damage":24,"enemies":"3 Cultists","floor":20,"turns":6},{"damage":4,"enemies":"Snecko","floor":22,"turns":7},{"damage":1,"enemies":"conspire:Head Lice","floor":23,"turns":14},{"damage":10,"enemies":"Centurion and Healer","floor":24,"turns":11},{"damage":12,"enemies":"Snake Plant","floor":29,"turns":6},{"damage":54,"enemies":"Slavers","floor":31,"turns":8},{"damage":50,"enemies":"Collector","floor":33,"turns":6}],"seed_played":"2790839314880077129","potions_obtained":[{"floor":1.0,"key":"FearPotion"},{"floor":2.0,"key":"DuplicationPotion"},{"floor":7.0,"key":"SteroidPotion"},{"floor":18.0,"key":"Energy Potion"}],"is_trial":false,"path_per_floor":["M","?","$","?","?","R","E","?","T","E","M","$","?","T","R","B",null,"M","M","M","?","M","E","M","R","T","$","R","M","$","E","R","B"],"character_chosen":"THE_ANIMATOR","items_purchased":["TwistedFunnel","animator:Elesis","animator:Emilia","ReplayTheSpireMod:CursedCoin","Gremlin Food","animator:SayakaMiki"],"campfire_rested":2,"item_purchase_floors":[3,12,27,27,27,27],"current_hp_per_floor":[63,21,21,21,21,40,40,40,40,40,40,40,40,40,40,25,67,51,19,2,2,2,1,27,27,27,27,48,53,53,19,19,0,0],"gold":153,"neow_bonus":"NOSTALGIA","is_daily":false,"chose_seed":false,"campfire_upgraded":2,"win_rate":0.0,"timestamp":1608676813,"path_taken":["M","?","$","?","?","R","E","?","T","E","M","$","?","?","R","BOSS","M","M","M","?","M","E","?","R","T","$","R","M","$","E","R","BOSS"],"items_purchased_type":["Relic","Card","Card","Relic","Relic","Card"],"build_version":"2020-12-13","purchased_purges":0,"victory":false,"max_hp_per_floor":[66,66,66,66,66,66,66,66,66,66,66,66,66,66,66,67,67,68,68,69,69,70,70,72,72,72,72,72,72,72,72,72,72,72],"card_choices":[{"not_picked":["animator:AcuraTooru","animator:Shuna"],"picked":"animator:Darkness","floor":1.0},{"not_picked":["animator:Lancer","animator:Hakurou"],"picked":"animator:IrohaTamaki","floor":2.0},{"not_picked":["animator:UneriGinkaku","animator:Rider"],"picked":"animator:Vesta","floor":7.0},{"not_picked":["animator:Guy+1","animator:Ciel+1"],"picked":"animator:Biyorigo","floor":10.0},{"not_picked":["animator:OrikoMikuni+1","animator:YuiTsuruno+1"],"picked":"animator:Kyubey","floor":11.0},{"not_picked":["animator:Biyorigo","animator:Rimuru"],"picked":"animator:MadokaKaname","floor":16.0},{"not_picked":["animator:Viivi+1","animator:Vanir+1"],"picked":"animator:GazelDwargon","floor":18.0},{"not_picked":["animator:Aisha","animator:Ara+1"],"picked":"animator:SuzuneAmano","floor":19},{"not_picked":["animator:Kazuma+1","animator:Illya+1"],"picked":"animator:Konayuki+1","floor":20},{"not_picked":["animator:OrikoMikuni+1","animator:YachiyoNanami"],"picked":"animator:MamiTomoe","floor":22},{"not_picked":["animator:Add","animator:Verdia+1"],"picked":"animator:HomuraAkemi","floor":23},{"not_picked":["animator:Vanir+1","animator:Shichika+1"],"picked":"animator:KyokoSakura+1","floor":24},{"not_picked":["animator:Aisha","animator:Kazuma+1"],"picked":"animator:EmiyaShirou","floor":29},{"not_picked":["animator:KyokoSakura+1","animator:IrohaTamaki+1"],"picked":"animator:MamiTomoe","floor":31}],"player_experience":903610,"relics_obtained":[{"floor":2.0,"key":"ReplayFunnel"},{"floor":7.0,"key":"Replay:Bottled Flurry"},{"floor":9.0,"key":"Whetstone"},{"floor":10.0,"key":"theForsaken:HumbleEgg"},{"floor":14.0,"key":"Pocketwatch"},{"floor":23,"key":"hubris:FunFungus"},{"floor":26,"key":"aspiration:Lifesprig"},{"floor":31,"key":"hubris:Metronome"},{"floor":32,"key":"animator:ShionDessert"}],"event_choices":[{"damage_healed":0.0,"max_hp_gain":0.0,"max_hp_loss":0.0,"gold_gain":0.0,"event_name":"Living Wall","player_choice":"Grow","floor":5.0,"gold_loss":0.0,"damage_taken":0.0,"cards_upgraded":["animator:IrohaTamaki"]},{"damage_healed":0,"gold_gain":0,"player_choice":"Ignored","damage_taken":0,"max_hp_gain":0,"max_hp_loss":0,"event_name":"betterNote:BetterNote","floor":21,"gold_loss":0,"cards_obtained":["Strike_G"]}],"is_beta":false,"boss_relics":[{"not_picked":["aspiration:FutureDiary","ChewingGum"],"picked":"hubris:Backtick"}],"items_purged_floors":[],"is_endless":false,"potions_floor_spawned":[1,2,7,18,22,31],"killed_by":"Collector","ascension_level":1}}