{"host":"m6aaltr68g9tvoay","time":1608609796,"event":{"mods":["AchievementEnabler","BaseMod","Colored Map","Minty Spire (QoL Compilation)","StSLib"],"gold_per_floor":[109,124,141,141,160,160,180,180,180,180,195,114,142,159,159,236,236,207,220,220,232,232,232,246,246,246,275,275,287,287,16,16,16,16],"floor_reached":33,"playtime":1490,"items_purged":[],"score":511,"play_id":"4c7fc357-6217-4c46-9e1d-98bf67b3d96e","local_time":"20201221200316","is_ascension_mode":true,"campfire_choices":[{"data":"Streamline","floor":6,"key":"SMITH"},{"data":"Gash","floor":8,"key":"SMITH"},{"data":"Rebound","floor":10,"key":"SMITH"},{"floor":15,"key":"REST"},{"floor":23,"key":"REST"},{"floor":25,"key":"REST"},{"floor":30,"key":"REST"},{"floor":32,"key":"REST"}],"circlet_count":0,"master_deck":["AscendersBane","Strike_B","Strike_B","Strike_B","Strike_B","Defend_B","Defend_B","Defend_B","Defend_B","Zap","Dualcast","Rebound+1","Self Repair","Streamline+1","Conserve Battery","Gash+1","Fission","Genetic Algorithm","Hologram","Melter","Echo Form","CurseOfTheBell","Sweeping Beam","Gash+1","Glacier","Writhe","White Noise","Tempest"],"relics":["Cracked Core","NeowsBlessing","Boot","Tiny Chest","Calling Bell","Toy Ornithopter","Pear","Bird Faced Urn","Nilry\u0027s Codex","Gremlin Horn","Question Card","Lantern","Bottled Flame","HornCleat"],"acts_visited":["Exordium","TheCity"],"potions_floor_usage":[13,16,21,21,27],"damage_taken":[{"damage":0,"enemies":"Cultist","floor":1,"turns":1},{"damage":0,"enemies":"Small Slimes","floor":2,"turns":1},{"damage":0,"enemies":"Jaw Worm","floor":3,"turns":1},{"damage":6,"enemies":"3 Louse","floor":5,"turns":3},{"damage":5,"enemies":"Looter","floor":7,"turns":3},{"damage":5,"enemies":"Gremlin Gang","floor":11,"turns":3},{"damage":13,"enemies":"Lagavulin","floor":13,"turns":6},{"damage":29,"enemies":"Large Slime","floor":14,"turns":6},{"damage":42,"enemies":"The Guardian","floor":16,"turns":9},{"damage":33,"enemies":"2 Thieves","floor":18,"turns":4},{"damage":0,"enemies":"Spheric Guardian","floor":19,"turns":2},{"damage":38,"enemies":"Cultist and Chosen","floor":21,"turns":8},{"damage":52,"enemies":"Shelled Parasite and Fungi","floor":24,"turns":7},{"damage":55,"enemies":"Gremlin Leader","floor":27,"turns":7},{"damage":18,"enemies":"Snecko","floor":29,"turns":6},{"damage":83,"enemies":"Champ","floor":33,"turns":10}],"seed_played":"-3155634865295301280","potions_obtained":[{"floor":7,"key":"SpeedPotion"},{"floor":11,"key":"SpeedPotion"},{"floor":13,"key":"Weak Potion"},{"floor":14,"key":"FocusPotion"},{"floor":19,"key":"LiquidMemories"},{"floor":24,"key":"Block Potion"}],"is_trial":false,"path_per_floor":["M","M","M","$","M","R","M","R","T","R","M","$","E","M","R","B",null,"M","M","?","M","?","R","M","R","T","E","T","M","R","$","R","B"],"character_chosen":"DEFECT","items_purchased":["Genetic Algorithm","HornCleat"],"campfire_rested":5,"item_purchase_floors":[12,31],"current_hp_per_floor":[64,64,64,64,65,65,67,67,67,67,69,69,56,34,55,20,68,55,64,43,41,41,65,41,65,65,28,28,21,45,45,69,0,0],"gold":16,"neow_bonus":"THREE_ENEMY_KILL","is_daily":false,"chose_seed":false,"campfire_upgraded":3,"win_rate":0.0,"timestamp":1608609796,"path_taken":["M","M","M","$","M","R","M","R","T","R","M","$","E","M","R","BOSS","M","M","?","M","?","R","M","R","T","E","?","M","R","$","R","BOSS"],"items_purchased_type":["Card","Relic"],"build_version":"2020-12-13","purchased_purges":0,"victory":false,"max_hp_per_floor":[71,71,71,71,71,71,71,71,71,71,71,71,71,71,71,71,81,81,81,81,81,81,81,81,81,81,81,81,81,81,81,81,81,81],"card_choices":[{"not_picked":["Cold Snap","Ball Lightning"],"picked":"Rebound","floor":1},{"not_picked":["Cold Snap","Conserve Battery"],"picked":"Self Repair","floor":2},{"not_picked":["Storm","Redo"],"picked":"Streamline","floor":3},{"not_picked":["Rebound","Hyperbeam"],"picked":"Conserve Battery","floor":5},{"not_picked":["Sweeping Beam","Leap"],"picked":"Gash","floor":7},{"not_picked":["Streamline","Turbo"],"picked":"Fission","floor":11},{"not_picked":["Beam Cell","Barrage"],"picked":"Hologram","floor":13},{"not_picked":["Go for the Eyes","Compile Driver"],"picked":"Melter","floor":14},{"not_picked":["Meteor Strike","Amplify"],"picked":"Echo Form","floor":16},{"not_picked":["Hello World","Steam"],"picked":"Sweeping Beam","floor":18},{"not_picked":["Rebound","Aggregate"],"picked":"Gash+1","floor":19},{"not_picked":["Barrage","Gash"],"picked":"Glacier","floor":21},{"not_picked":["Turbo+1","Steam","Streamline"],"picked":"SKIP","floor":24},{"not_picked":["Hologram","Barrage","Compile Driver"],"picked":"White Noise","floor":27},{"not_picked":["Go for the Eyes","Steam","Turbo"],"picked":"Tempest","floor":29}],"player_experience":1282513,"relics_obtained":[{"floor":9,"key":"Boot"},{"floor":13,"key":"Tiny Chest"},{"floor":17,"key":"Toy Ornithopter"},{"floor":17,"key":"Pear"},{"floor":17,"key":"Bird Faced Urn"},{"floor":20,"key":"Nilry\u0027s Codex"},{"floor":26,"key":"Question Card"},{"floor":27,"key":"Lantern"},{"floor":28,"key":"Bottled Flame"}],"event_choices":[{"damage_healed":0,"gold_gain":0,"player_choice":"Obtained Book","damage_taken":21,"max_hp_gain":0,"max_hp_loss":0,"event_name":"Cursed Tome","floor":20,"gold_loss":0},{"damage_healed":0,"gold_gain":0,"player_choice":"Opened","damage_taken":0,"relics_obtained":["Gremlin Horn"],"max_hp_gain":0,"max_hp_loss":0,"event_name":"The Mausoleum","floor":22,"gold_loss":0,"cards_obtained":["Writhe"]}],"is_beta":false,"boss_relics":[{"not_picked":["Black Star","Busted Crown"],"picked":"Calling Bell"}],"items_purged_floors":[],"is_endless":false,"potions_floor_spawned":[7,11,13,14,19,24],"killed_by":"Champ","ascension_level":18}}