{"host":"4w8ocelhatf0iefc","time":1608635691,"event":{"mods":["AchievementEnabler","Act Like it!","Aspiration","BaseMod","Colored Map","Colored Powertips","Hubris","Minty Spire (QoL Compilation)","StSLib"],"gold_per_floor":[119,119,137,148,148,148,148],"floor_reached":6,"playtime":159,"items_purged":[],"score":40,"play_id":"dd763a95-9b49-4edf-b380-fc7120dec47d","local_time":"20201222191451","is_ascension_mode":true,"campfire_choices":[],"circlet_count":0,"master_deck":["Strike_P","Strike_P","Strike_P","Defend_P","Defend_P","Defend_P","Defend_P","Eruption","Vigilance","Adaptation","Regret","SignatureMove","ClearTheMind","WheelKick"],"relics":["PureWater","aspiration:Nostalgia","Ring of the Snake","aspiration:AnachronicSnailShell"],"acts_visited":["Exordium"],"potions_floor_usage":[3,6],"damage_taken":[{"damage":0,"enemies":"Small Slimes","floor":1,"turns":3},{"damage":4,"enemies":"Cultist","floor":3,"turns":2},{"damage":18,"enemies":"Jaw Worm","floor":4,"turns":5},{"damage":12,"enemies":"3 Sentries","floor":6,"turns":3}],"seed_played":"-906837216318682356","potions_obtained":[{"floor":1,"key":"Energy Potion"},{"floor":4,"key":"Energy Potion"}],"is_trial":false,"path_per_floor":["M","?","M","M","?","E"],"character_chosen":"WATCHER","items_purchased":[],"campfire_rested":0,"item_purchase_floors":[],"current_hp_per_floor":[72,72,68,50,50,38,38],"gold":148,"neow_bonus":"NOSTALGIA","is_daily":false,"chose_seed":false,"campfire_upgraded":0,"win_rate":0.0,"timestamp":1608635691,"path_taken":["M","?","M","M","?","E"],"items_purchased_type":[],"build_version":"2020-12-13","purchased_purges":0,"victory":false,"max_hp_per_floor":[72,72,72,72,72,72,72],"card_choices":[{"not_picked":["EmptyBody","Prostrate"],"picked":"Adaptation","floor":1},{"not_picked":["SashWhip","FollowUp"],"picked":"SignatureMove","floor":3},{"not_picked":["CutThroughFate","Crescendo"],"picked":"ClearTheMind","floor":4}],"player_experience":254888,"relics_obtained":[],"event_choices":[{"damage_healed":0,"gold_gain":0,"player_choice":"Box","damage_taken":0,"relics_obtained":["aspiration:AnachronicSnailShell"],"max_hp_gain":0,"max_hp_loss":0,"event_name":"Big Fish","floor":2,"gold_loss":0,"cards_obtained":["Regret"]},{"damage_healed":0,"gold_gain":0,"cards_transformed":["Strike_P"],"player_choice":"Transformed","damage_taken":0,"max_hp_gain":0,"max_hp_loss":0,"event_name":"Transmorgrifier","floor":5,"gold_loss":0,"cards_obtained":["WheelKick"]}],"is_beta":false,"boss_relics":[],"items_purged_floors":[],"is_endless":false,"potions_floor_spawned":[1,4],"killed_by":"3 Sentries","ascension_level":2}}