{"host":"kgj3hkp928synzkd","time":1608671551,"event":{"mods":["2.2 Compatiblity","A Magickal Journey","AchievementEnabler","Act Like it!","AlwaysNeverKeys","BaseMod","Better Altar","Better Match","Better Note","Better Sensory Stone","Better Synergies","Better Third Choice","Better Vampires","Block Reminder","Colored Map","Colored Powertips","Conspire","Curses Come First","Disable Question Mark Monsters","Downfall","GifTheSpireLib","Googly Eyes","Gremlin Skip","GungeonMod","Hallownest","Infinite Spire","Luminous","Marisa????????","Marked Mod","Minty Spire (QoL Compilation)","Permanent Neow","Quick Restart","Random Character Button","Rare Cards Sparkle","Replay The Spire","Spicy Shops","StSLib","SuperFastMode","The Bug Knight","The Exalted","Uncapped"],"gold_per_floor":[116,129,148,148,148,163,175,175,175,193,244,278,291,291,291,308,308,409,409,420,434,434,434],"floor_reached":22,"playtime":922,"items_purged":[],"score":225,"play_id":"e57d58f0-aa03-4955-90a2-dc5cd5cacf8a","local_time":"20201222161231","is_ascension_mode":true,"campfire_choices":[{"data":"Armaments","floor":8,"key":"SMITH"},{"floor":14,"key":"REST"},{"data":"Sword Boomerang","floor":17,"key":"SMITH"}],"circlet_count":0,"master_deck":["Strike_R","Strike_R","Strike_R","Strike_R","Strike_R","Defend_R","Defend_R","Defend_R","Defend_R","Bash","Iron Wave","Armaments+1","Sword Boomerang+1","Feed"],"relics":["Burning Blood","Lantern","MealTicket"],"acts_visited":["Exordium","TheCity"],"potions_floor_usage":[3],"damage_taken":[{"damage":8,"enemies":"Jaw Worm","floor":1,"turns":4},{"damage":0,"enemies":"2 Louse","floor":2,"turns":3},{"damage":0,"enemies":"Cultist","floor":3,"turns":3},{"damage":9,"enemies":"Lots of Slimes","floor":6,"turns":8},{"damage":19,"enemies":"Exordium Wildlife","floor":7,"turns":6},{"damage":1,"enemies":"Red Slaver","floor":10,"turns":6},{"damage":47,"enemies":"Lagavulin","floor":12,"turns":9},{"damage":15,"enemies":"Blue Slaver","floor":13,"turns":5},{"damage":5,"enemies":"Large Slime","floor":16,"turns":7},{"damage":70,"enemies":"Fading Forest","floor":18,"turns":11},{"damage":37,"enemies":"Chosen","floor":20,"turns":10},{"damage":49,"enemies":"Spheric Guardian","floor":21,"turns":10},{"damage":24,"enemies":"Snake Plant","floor":22,"turns":4}],"seed_played":"-1548805176770923880","potions_obtained":[{"floor":1,"key":"FearPotion"},{"floor":2,"key":"sneckomod:MuddlingPotion"},{"floor":6,"key":"Energy Potion"},{"floor":12,"key":"PowerPotion"}],"is_trial":false,"path_per_floor":["M","M","M","PTL","PTL","M","M","R","?","M","T","E","M","R","$","M","R","B",null,"M","M","M"],"character_chosen":"IRONCLAD","items_purchased":[],"campfire_rested":1,"item_purchase_floors":[],"current_hp_per_floor":[86,88,88,88,88,85,72,72,77,82,82,41,32,59,74,75,75,11,93,66,23,0,0],"gold":434,"neow_bonus":"TEN_PERCENT_HP_BONUS","is_daily":false,"chose_seed":false,"campfire_upgraded":2,"win_rate":0.0,"timestamp":1608671551,"path_taken":["M","M","M","PTL","PTL","M","M","R","?","M","T","E","M","R","$","M","R","BOSS","M","M","M"],"items_purchased_type":[],"build_version":"2020-12-13","purchased_purges":0,"victory":false,"max_hp_per_floor":[88,88,88,88,88,88,88,88,93,93,93,93,93,93,93,93,93,93,93,97,97,97,97],"card_choices":[{"not_picked":["Blood for Blood","Defy Death"],"picked":"Iron Wave","floor":1},{"not_picked":["ReplayTheSpireMod:Strike From Hell","Flex","infinitespire:OneForAll"],"picked":"SKIP","floor":2},{"not_picked":["Run Through","Second Wind"],"picked":"Armaments","floor":3},{"not_picked":["Wild Strike","Flex","Disarm"],"picked":"SKIP","floor":6},{"not_picked":["Run Through","Flex","Demonic Infusion"],"picked":"SKIP","floor":7},{"not_picked":["Rampage","Carnage","Headbutt"],"picked":"SKIP","floor":10},{"not_picked":["Cleave","Wild Strike","Clash"],"picked":"SKIP","floor":12},{"not_picked":["Corruption","Massacre","Heavy Blade"],"picked":"SKIP","floor":13},{"not_picked":["ReplayTheSpireMod:Strike From Hell","Armaments"],"picked":"Sword Boomerang","floor":16},{"not_picked":["Double Tap","Eclipse"],"picked":"Feed","floor":18},{"not_picked":["Defy Death","Perfected Strike","Feel No Pain+1"],"picked":"SKIP","floor":20},{"not_picked":["Searing Blow","Armaments","Flex"],"picked":"SKIP","floor":21}],"player_experience":296479,"relics_obtained":[{"floor":11,"key":"Lantern"},{"floor":12,"key":"MealTicket"}],"event_choices":[{"damage_healed":0,"gold_gain":0,"player_choice":"Donut","damage_taken":0,"max_hp_gain":5,"max_hp_loss":0,"event_name":"Big Fish","floor":9,"gold_loss":0}],"is_beta":false,"boss_relics":[{"not_picked":["Honey Jar","Velvet Choker","infinitespire:Cupcake"]}],"items_purged_floors":[],"is_endless":false,"potions_floor_spawned":[1,2,6,12,18,21],"killed_by":"Snake Plant","ascension_level":1}}