{"host":"nk1hwk2qadwaubm5","time":1608647241,"event":{"mods":["BaseMod","Hermit","Infinite Spire","Marisa????????","Minty Spire (QoL Compilation)","Replay The Spire","StSLib","The Animator","The Cursed","The Jungle","The Servant 0.9.4"],"gold_per_floor":[119,132,132,55,130,130,165,165,165,176,176,203,58,78,78,183,183,196,212,137,148,168,168,168],"floor_reached":23,"playtime":1766,"items_purged":[],"score":301,"play_id":"713f6fcd-c020-4d6c-89fb-ef9e0c97aef4","local_time":"20201222152721","is_ascension_mode":true,"campfire_choices":[{"data":"TheCursedMod:AbyssShockwave","floor":6,"key":"SMITH"},{"data":"TheCursedMod:CursedBlade","floor":8,"key":"SMITH"},{"data":"TheCursedMod:CleanUpWorkshop","floor":11,"key":"SMITH"},{"data":"TheCursedMod:AntiAging","floor":15,"key":"SMITH"}],"circlet_count":0,"master_deck":["TheCursedMod:Strike_TheCursed","TheCursedMod:Strike_TheCursed","TheCursedMod:Strike_TheCursed","TheCursedMod:Defend_TheCursed","TheCursedMod:Defend_TheCursed","TheCursedMod:Defend_TheCursed","TheCursedMod:Defend_TheCursed","TheCursedMod:CursedWand","TheCursedMod:CleanUpWorkshop+1","TheCursedMod:Dregs","TheCursedMod:CursedBlade+1","TheCursedMod:AbyssShockwave+1","TheCursedMod:TroublousMinions","TheCursedMod:Obscuration","TheCursedMod:CursedBlade","TheCursedMod:AntiAging+1","TheCursedMod:WearCloak","TheCursedMod:RapidMovement","TheCursedMod:HellfireBreathing+1"],"relics":["TheCursedMod:BlackMagic101","NeowsBlessing","Pantograph","Orichalcum","infinitespire:BottledMercury","Orrery","Philosopher\u0027s Stone"],"acts_visited":["Exordium","TheCity"],"potions_floor_usage":[19,21,23],"damage_taken":[{"damage":0,"enemies":"Jaw Worm","floor":1,"turns":1},{"damage":0,"enemies":"Small Slimes","floor":2,"turns":1},{"damage":0,"enemies":"Replay:BlueRogue","floor":7,"turns":1},{"damage":0,"enemies":"Cultist","floor":10,"turns":3},{"damage":0,"enemies":"3 Sentries","floor":12,"turns":3},{"damage":15,"enemies":"Large Slime","floor":14,"turns":4},{"damage":22,"enemies":"Slime Boss","floor":16,"turns":10},{"damage":12,"enemies":"Chosen","floor":18,"turns":6},{"damage":0,"enemies":"2 Thieves","floor":19,"turns":3},{"damage":18,"enemies":"Sentry and Sphere","floor":21,"turns":6},{"damage":41,"enemies":"Snake Plant","floor":22,"turns":6},{"damage":18,"enemies":"Replay:Snechameleon","floor":23,"turns":5}],"seed_played":"-869069066922343423","potions_obtained":[{"floor":2,"key":"Weak Potion"},{"floor":10,"key":"ColorlessPotion"},{"floor":12,"key":"Explosive Potion"},{"floor":14,"key":"DuplicationPotion"},{"floor":18,"key":"Adrenaline Potion"},{"floor":21,"key":"Ancient Potion"}],"is_trial":false,"path_per_floor":["M","M","?","$","?","R","E","R","T","M","R","E","$","M","R","B",null,"M","M","?","M","M","E"],"character_chosen":"THE_CURSED","items_purchased":["TheCursedMod:AbyssShockwave","Orrery"],"campfire_rested":0,"item_purchase_floors":[4,13],"current_hp_per_floor":[75,75,75,75,64,64,64,64,64,64,64,64,64,51,51,57,80,71,74,74,56,18,0,0],"gold":168,"neow_bonus":"THREE_ENEMY_KILL","is_daily":false,"chose_seed":false,"campfire_upgraded":4,"win_rate":0.0,"timestamp":1608647241,"path_taken":["M","M","?","$","?","R","E","R","T","M","R","E","?","M","R","BOSS","M","M","?","M","M","E"],"items_purchased_type":["Card","Relic"],"build_version":"2020-12-13","purchased_purges":0,"victory":false,"max_hp_per_floor":[75,75,75,75,75,75,75,75,75,75,75,75,75,77,77,80,80,83,86,86,86,89,89,89],"card_choices":[{"not_picked":["TheCursedMod:CircleOfAmplification","TheCursedMod:Stretching","TheCursedMod:CircleOfBlood"],"picked":"SKIP","floor":1},{"not_picked":["TheCursedMod:SoulCrush","TheCursedMod:VitalStrike"],"picked":"TheCursedMod:CursedBlade","floor":2},{"not_picked":["TheCursedMod:CursedArmor","TheCursedMod:Torture"],"picked":"TheCursedMod:TroublousMinions","floor":7},{"not_picked":["TheCursedMod:DoubleShield","TheCursedMod:SpitefulStrike"],"picked":"TheCursedMod:Obscuration","floor":10},{"not_picked":["TheCursedMod:Hemoplague","TheCursedMod:FleshFromBone","TheCursedMod:Obscuration"],"picked":"SKIP","floor":12},{"not_picked":["TheCursedMod:TacticalStrike","TheCursedMod:FuryStrike"],"picked":"TheCursedMod:CursedBlade","floor":13},{"not_picked":["TheCursedMod:CursedMace","TheCursedMod:SmokeScreen"],"picked":"TheCursedMod:AntiAging","floor":13},{"not_picked":["TheCursedMod:Mangle","TheCursedMod:CircleOfAmplification"],"picked":"TheCursedMod:WearCloak","floor":13},{"not_picked":["TheCursedMod:ReleasedKnowledge","TheCursedMod:DoubleShield"],"picked":"TheCursedMod:RapidMovement","floor":14},{"not_picked":["TheCursedMod:AbyssShockwave+1","TheCursedMod:TacticalStrike","TheCursedMod:SpitefulStrike"],"picked":"SKIP","floor":18},{"not_picked":["TheCursedMod:SpitefulPray","TheCursedMod:CircleOfBlood+1"],"picked":"TheCursedMod:HellfireBreathing+1","floor":19},{"not_picked":["TheCursedMod:WearCloak","TheCursedMod:Wield","TheCursedMod:TroublousMinions+1"],"picked":"SKIP","floor":21},{"not_picked":["TheCursedMod:TacticalStrike","TheCursedMod:FleshFromBone+1","TheCursedMod:SpreadPlague"],"picked":"SKIP","floor":22}],"player_experience":222049,"relics_obtained":[{"floor":7,"key":"Pantograph"},{"floor":9,"key":"Orichalcum"},{"floor":12,"key":"infinitespire:BottledMercury"}],"event_choices":[{"damage_healed":0,"gold_gain":0,"player_choice":"Leave","damage_taken":0,"max_hp_gain":0,"max_hp_loss":0,"event_name":"The Cleric","floor":3,"gold_loss":0},{"damage_healed":0,"gold_gain":75,"player_choice":"Gather Gold","damage_taken":11,"max_hp_gain":0,"max_hp_loss":0,"event_name":"World of Goop","floor":5,"gold_loss":0},{"cards_removed":["TheCursedMod:Strike_TheCursed"],"damage_healed":0,"gold_gain":0,"player_choice":"Gave Gold","damage_taken":0,"max_hp_gain":0,"max_hp_loss":0,"event_name":"Beggar","floor":20,"gold_loss":75}],"is_beta":false,"boss_relics":[{"not_picked":["Replay:Drink Me","Runic Dome"],"picked":"Philosopher\u0027s Stone"}],"items_purged_floors":[],"is_endless":false,"potions_floor_spawned":[2,10,12,14,18,21],"killed_by":"Replay:Snechameleon","ascension_level":4}}