{"host":"hzyv8pm5uot6l4n9","time":1608656519,"event":{"mods":["Act Like it!","Always Whale","Aspiration","BaseMod","BetterRewards","Conspire","Downfall","Energized Spire","FetchMod","Friendly Minions","GifTheSpireLib","GungeonMod","Halation","Hubris","Infinite Spire","Jedi Mod","Mimic Mod","Minty Spire (QoL Compilation)","QueenMod","Quick Restart","Replay The Spire","Shop Mod","StSLib","Stuff the Spire","Td1madao Mod","The Animator","The Bug Knight","The Cursed","The Druid","The Exalted","The Judge","The Senshi","The Wild Card","TheBandit","WarShipGirlsR/????R mod","Yuri Mod","vexMod"],"gold_per_floor":[249,270,45,84,110,110,137,203,365,302,352,382,427,458,504,621,583,520,559,571,617,656,697,703,640,687,699,711,464,464,481,502,615,615,615,634,649,649,671,671,671],"floor_reached":40,"playtime":3415,"items_purged":["animator:Strike"],"score":493,"play_id":"7529be9c-bcfb-4695-b4a2-53529bb15b38","local_time":"20201222180159","is_ascension_mode":true,"campfire_choices":[{"floor":1.0,"key":"RECALL"},{"data":"animator:KrulTepes","floor":10.0,"key":"SMITH"},{"data":"animator:Strike","floor":18.0,"key":"PURGE"},{"data":"animator:Bozes","floor":25,"key":"SMITH"},{"data":"animator:Aisha","floor":27,"key":"SMITH"},{"data":"animator:Shizu","floor":30,"key":"SMITH"},{"data":"animator:HigakiRinne","floor":35,"key":"SMITH"}],"circlet_count":0,"master_deck":["animator:Strike_Kancolle","animator:Defend_Kancolle","animator:Strike","animator:Defend","animator:Defend","animator:Defend","animator:Shimakaze","animator:Shinoa","animator:KrulTepes+1","animator:FielNirvalen","animator:Mikaela","animator:Jibril","animator:NagisaMomoe","animator:Millim+2","animator:Saber","animator:SakuraMatou","animator:MetalKnight","animator:HigakiRinne+1","animator:Souei","animator:Mitsuba","animator:Bozes+1","animator:Entoma+2","animator:Shalltear+1","animator:Aisha+1","animator:Shizu+1","animator:Verdia","animator:AcuraTooru","animator:Gluttony","animator:HigakiRinne","animator:Rider+1","animator:Ain+1"],"relics":["animator:LivingPicture","animator:TheMissingPiece","animator:PurgingStone","animator:WizardHat","Guardian:PocketSentry","hubris:Icosahedron","MawBank","Blood Vial","downfall:HeartBlessingRed","Blood Vial","halation:KoshaPiece","Blood Vial","Bromod:ArcaneAwakening","Blood Vial","energizedSpire:HugeHouse","downfall:HeartBlessingGreen","PreservedInsect","downfall:HeartBlessingBlue","DemoMod:GreenGuonStone","Gremlin Food","StuffTheSpire:RunicHypercube"],"acts_visited":["Exordium","TheCity","TheBeyond"],"potions_floor_usage":[22,23,32,36,36,40],"damage_taken":[{"damage":1.0,"enemies":"conspire:RoseBush","floor":2.0,"turns":4.0},{"damage":4.0,"enemies":"downfall:FleeingMerchant","floor":3.0,"turns":4.0},{"damage":7.0,"enemies":"infinitespire:Voidling","floor":5.0,"turns":4.0},{"damage":25.0,"enemies":"HollowMod:MossKnight","floor":8.0,"turns":12.0},{"damage":11.0,"enemies":"Gremlin Nob","floor":11.0,"turns":4.0},{"damage":5.0,"enemies":"Small Slimes","floor":12.0,"turns":3.0},{"damage":3.0,"enemies":"3 Sentries","floor":13.0,"turns":5.0},{"damage":0.0,"enemies":"3 Louse","floor":14.0,"turns":1.0},{"damage":6.0,"enemies":"Gremlin Gang","floor":15.0,"turns":4.0},{"damage":18.0,"enemies":"downfall:Ironclad","floor":16.0,"turns":8.0},{"damage":0.0,"enemies":"Shell Parasite","floor":19.0,"turns":5.0},{"damage":8,"enemies":"Spheric Guardian","floor":21,"turns":3},{"damage":0,"enemies":"Centurion and Healer","floor":22,"turns":7},{"damage":14,"enemies":"Replay:Snechameleon","floor":23,"turns":6},{"damage":0,"enemies":"Snecko","floor":24,"turns":5},{"damage":24,"enemies":"Gremlin Leader","floor":26,"turns":6},{"damage":13,"enemies":"downfall:FleeingMerchant","floor":29,"turns":4},{"damage":13,"enemies":"Snecko","floor":31,"turns":3},{"damage":2,"enemies":"Snake Plant","floor":32,"turns":5},{"damage":50,"enemies":"downfall:Watcher","floor":33,"turns":10},{"damage":0,"enemies":"3 Darklings","floor":36,"turns":2},{"damage":0,"enemies":"3 Shapes","floor":37,"turns":4},{"damage":43,"enemies":"Transient","floor":39,"turns":5},{"damage":81,"enemies":"Giant Head","floor":40,"turns":8}],"seed_played":"-6398072135245966774","potions_obtained":[{"floor":2.0,"key":"Explosive Potion"},{"floor":4.0,"key":"jedi:wingpotion"},{"floor":4.0,"key":"GamblersBrew"},{"floor":4.0,"key":"EntropicBrew"},{"floor":8.0,"key":"AttackPotion"},{"floor":12.0,"key":"EssenceOfSteel"},{"floor":14.0,"key":"FearPotion"},{"floor":19.0,"key":"BlessingOfTheForge"},{"floor":21,"key":"Milkshake"},{"floor":26,"key":"Explosive Potion"},{"floor":31,"key":"sneckomod:MuddlingPotion"},{"floor":33,"key":"ColorlessPotion"},{"floor":37,"key":"FearPotion"},{"floor":39,"key":"BlessingOfTheForge"}],"is_trial":false,"path_per_floor":["R","M","$","?","M","?","T","E","?","R","E","M","E","M","M","B",null,"R","M","?","M","M","E","MIM","R","E","R","?","$","R","M","M","B",null,"R","M","M","?","M","E"],"character_chosen":"THE_ANIMATOR","items_purchased":["animator:FielNirvalen","Guardian:PocketSentry","animator:Verdia","animator:AcuraTooru","Gremlin Food"],"campfire_rested":0,"item_purchase_floors":[3,3,29,29,29],"current_hp_per_floor":[60,59,55,55,55,55,55,30,30,30,21,20,23,29,31,19,59,59,59,59,51,59,45,53,63,47,47,47,54,54,49,55,23,71,71,71,71,71,28,0,0],"gold":671,"neow_bonus":"ONE_RARE_RELIC","is_daily":false,"chose_seed":false,"campfire_upgraded":5,"win_rate":0.0,"timestamp":1608656519,"path_taken":["R","M","$","?","?","?","T","E","?","R","E","?","E","M","M","BOSS","R","M","?","M","M","E","MIM","R","E","R","?","$","R","?","M","BOSS","R","M","M","?","M","E"],"items_purchased_type":["Card","Relic","Card","Card","Relic"],"build_version":"2020-12-13","purchased_purges":1,"victory":false,"max_hp_per_floor":[60,60,60,60,60,60,60,60,60,60,60,60,62,62,64,64,59,59,59,59,59,59,59,59,69,71,71,71,71,71,71,71,71,71,71,71,71,71,71,71,71],"card_choices":[{"not_picked":["animator:ShinjiMatou","animator:Yoichi"],"picked":"animator:Shinoa","floor":2.0},{"not_picked":["animator:Hitei","animator:DolaSchwi"],"picked":"animator:KrulTepes","floor":3.0},{"not_picked":["animator:Sloth","animator:DolaStephanie"],"picked":"animator:Mikaela","floor":4.0},{"not_picked":["animator:HomuraAkemi","animator:Kazuma"],"picked":"animator:Jibril","floor":5.0},{"not_picked":["animator:YuiTsuruno","animator:IrohaTamaki"],"picked":"animator:NagisaMomoe","floor":8.0},{"not_picked":["animator:Geryuganshoop","animator:Gluttony"],"picked":"animator:Entoma","floor":11.0},{"not_picked":["animator:TsurugaMeisai","animator:Witch"],"picked":"animator:Millim","floor":12.0},{"not_picked":["animator:Jibril","animator:Layla"],"picked":"animator:Saber","floor":13.0},{"not_picked":["animator:EmiyaShirou","animator:Berserker"],"picked":"animator:SakuraMatou","floor":14.0},{"not_picked":["animator:CowGirl","animator:NarberalGamma"],"picked":"animator:MetalKnight","floor":15.0},{"not_picked":["animator:Guren","animator:Eve"],"picked":"animator:HigakiRinne","floor":16.0},{"not_picked":["animator:Genos+1","animator:Viivi"],"picked":"animator:Mitsuba","floor":19.0},{"not_picked":["animator:Shion+1","animator:Spearman+1"],"picked":"animator:Bozes","floor":21},{"not_picked":["animator:UneriGinkaku","animator:ElricEdward"],"picked":"animator:Entoma+1","floor":23},{"not_picked":["animator:KrulTepes","animator:NagisaMomoe+1"],"picked":"animator:Shalltear+1","floor":24},{"not_picked":["animator:YuiTsuruno","animator:Vanir"],"picked":"animator:Aisha","floor":26},{"not_picked":["animator:HiiragiShinya","animator:DolaSchwi"],"picked":"animator:Shizu","floor":29},{"not_picked":["animator:DolaRiku","animator:YunYun+1"],"picked":"animator:Gluttony","floor":32},{"not_picked":["animator:Shizu","animator:HomuraAkemi"],"picked":"animator:HigakiRinne","floor":33},{"not_picked":["animator:MaesHughes+1","animator:RinTohsaka"],"picked":"animator:Rider+1","floor":36},{"not_picked":["animator:Guy+1","animator:Gillette"],"picked":"animator:Ain+1","floor":37},{"not_picked":["animator:Kaijin","animator:Vesta"],"picked":"animator:Millim","floor":39}],"player_experience":685533,"relics_obtained":[{"floor":7.0,"key":"MawBank"},{"floor":8.0,"key":"Blood Vial"},{"floor":8.0,"key":"Bromod:ArcaneMomentum"},{"floor":11.0,"key":"Blood Vial"},{"floor":11.0,"key":"halation:KoshaPiece"},{"floor":13.0,"key":"Blood Vial"},{"floor":13.0,"key":"Bromod:ArcaneAwakening"},{"floor":16.0,"key":"Blood Vial"},{"floor":23,"key":"PreservedInsect"},{"floor":26,"key":"DemoMod:GreenGuonStone"}],"event_choices":[],"is_beta":false,"boss_relics":[{"not_picked":["aspiration:FutureDiary","hubris:ScarierMask"],"picked":"energizedSpire:HugeHouse"},{"not_picked":["halation:LoveArrow","animator:RacePiece"],"picked":"StuffTheSpire:RunicHypercube"}],"items_purged_floors":[29],"is_endless":false,"potions_floor_spawned":[2,8,12,14,19,21,26,31,33,37,39],"killed_by":"Giant Head","ascension_level":1}}