{"host":"tgxjhppmfnb48qou","time":1608631059,"event":{"mods":["Aspiration","BaseMod","Better Altar","Better Note","Better Sensory Stone","Better Silent Start","Better Skull","Better Third Choice","CapriCore","Conspire","Curses Come First","Energized Spire","GifTheSpireLib","Gremlin Skip","Hubris","Infinite Spire","Minty Spire (QoL Compilation)","Permanent Neow","Quick Restart","Replay The Spire","Spicy Shops","StSLib","The Marked","vexMod"],"gold_per_floor":[114,133,152,152,172,172,186,221,292,292,303,314,325,339,339,434,534,552,566,566,491,503,535,565,565,641,641,685,685],"floor_reached":28,"playtime":1429,"items_purged":["theMarked:Strike"],"score":271,"play_id":"d5d134e5-d0cb-455c-9d8d-492a232be837","local_time":"20201222025739","is_ascension_mode":false,"campfire_choices":[{"floor":6,"key":"RECALL"},{"data":"theMarked:Static","floor":10,"key":"SMITH"},{"floor":15,"key":"REST"},{"data":"theMarked:Polarize","floor":25,"key":"SMITH"},{"data":"theMarked:GodGivenPower","floor":27,"key":"SMITH"}],"circlet_count":0,"master_deck":["theMarked:Strike","theMarked:Strike","theMarked:Strike","theMarked:Strike","theMarked:Defend","theMarked:Defend","theMarked:Defend","theMarked:Defend","theMarked:SoldierOfQuellstein","theMarked:RogueSparks","theMarked:ContemptForTheProud","theMarked:WardOff","theMarked:WardOff","theMarked:Static+1","theMarked:Aftermath","theMarked:GodGivenPower+1","theMarked:Reabsorb","theMarked:MagicAdept","theMarked:Polarize+1","theMarked:MagicAdept+1"],"relics":["theMarked:ArtifactOfAir","Strawberry","Quantum Egg","Replay:Wanted Poster","vexMod:ConsolationPrize","The Courier"],"acts_visited":["Exordium","TheCity"],"potions_floor_usage":[13,23,24,28],"damage_taken":[{"damage":1,"enemies":"Jaw Worm","floor":1,"turns":4},{"damage":5,"enemies":"Small Slimes","floor":2,"turns":4},{"damage":1,"enemies":"2 Louse","floor":3,"turns":2},{"damage":5,"enemies":"Looter","floor":5,"turns":4},{"damage":0,"enemies":"3 Louse","floor":7,"turns":4},{"damage":9,"enemies":"Lagavulin","floor":8,"turns":6},{"damage":2,"enemies":"Blue Slaver","floor":11,"turns":3},{"damage":15,"enemies":"Lots of Slimes","floor":12,"turns":4},{"damage":8,"enemies":"Exordium Thugs","floor":13,"turns":4},{"damage":6,"enemies":"Large Slime","floor":14,"turns":3},{"damage":38,"enemies":"The Guardian","floor":16,"turns":9},{"damage":2,"enemies":"Shell Parasite","floor":18,"turns":3},{"damage":5,"enemies":"Chosen","floor":19,"turns":4},{"damage":12,"enemies":"Snecko","floor":22,"turns":4},{"damage":23,"enemies":"Book of Stabbing","floor":23,"turns":4},{"damage":18,"enemies":"Snake Plant","floor":24,"turns":3},{"damage":54,"enemies":"Slavers","floor":28,"turns":3}],"seed_played":"8708346477786397426","potions_obtained":[{"floor":3,"key":"SteroidPotion"},{"floor":7,"key":"Milkshake"},{"floor":8,"key":"Elixir"},{"floor":12,"key":"ColorlessPotion"},{"floor":13,"key":"conspire:TimeTravelPotion"},{"floor":16,"key":"Fire Potion"},{"floor":23,"key":"AttackPotion"},{"floor":24,"key":"LiquidMemories"}],"is_trial":false,"path_per_floor":["M","M","M","?","M","R","M","E","T","R","M","M","M","M","R","B",null,"M","M","?","$","M","E","M","R","T","R","E"],"character_chosen":"THE_DEFAULT","items_purchased":[],"campfire_rested":1,"item_purchase_floors":[],"current_hp_per_floor":[76,71,70,77,72,72,72,63,63,63,61,46,38,32,55,17,77,75,70,87,87,75,52,52,52,52,52,0,0],"gold":685,"neow_bonus":"RANDOM_COMMON_RELIC","is_daily":false,"chose_seed":false,"campfire_upgraded":3,"win_rate":0.0,"timestamp":1608631059,"path_taken":["M","M","M","?","M","R","M","E","T","R","M","M","M","M","R","BOSS","M","M","?","$","M","E","M","R","T","R","E"],"items_purchased_type":[],"build_version":"2020-12-13","purchased_purges":1,"victory":false,"max_hp_per_floor":[77,77,77,77,77,77,77,77,77,77,77,77,77,77,77,77,77,77,77,87,87,87,87,87,87,87,87,87,87],"card_choices":[{"not_picked":["theMarked:Panic","theMarked:ElectricStrings"],"picked":"theMarked:RogueSparks","floor":1},{"not_picked":["theMarked:RepellingDischarge","theMarked:Overcharge"],"picked":"theMarked:ContemptForTheProud","floor":2},{"not_picked":["theMarked:Frustration","theMarked:EmpowerWeapon"],"picked":"theMarked:WardOff","floor":3},{"not_picked":["theMarked:HeightenedSenses","theMarked:Improvise"],"picked":"theMarked:WardOff","floor":5},{"not_picked":["theMarked:ResourceFulStrike","theMarked:MysticalArsenal"],"picked":"theMarked:Static","floor":7},{"not_picked":["theMarked:Challenge","theMarked:MaelstromOfLightning"],"picked":"theMarked:Aftermath","floor":8},{"not_picked":["theMarked:ResourceFulStrike","theMarked:BanishingWave","theMarked:Challenge"],"picked":"SKIP","floor":11},{"not_picked":["theMarked:Seal","theMarked:TwofoldDefense"],"picked":"theMarked:GodGivenPower","floor":12},{"not_picked":["theMarked:CreepingChasm","theMarked:WastefulDefense","theMarked:ElectricStrings"],"picked":"SKIP","floor":13},{"not_picked":["theMarked:WardOff","theMarked:Polarize"],"picked":"theMarked:Reabsorb","floor":14},{"not_picked":["theMarked:Defy","theMarked:Levitate"],"picked":"theMarked:Challenge","floor":16},{"not_picked":["theMarked:CreepingChasm","theMarked:Static"],"picked":"theMarked:MagicAdept","floor":18},{"not_picked":["theMarked:Indomitable","theMarked:SelfDefenseTraining","theMarked:Panic"],"picked":"SKIP","floor":19},{"not_picked":["theMarked:ContemptForTheProud","theMarked:WastefulAttack","theMarked:Electrify"],"picked":"SKIP","floor":22},{"not_picked":["theMarked:RepellingDischarge+1","theMarked:RogueSparks"],"picked":"theMarked:Polarize","floor":23},{"not_picked":["theMarked:HeritageOfTheMarked","theMarked:Frustration"],"picked":"theMarked:MagicAdept+1","floor":24}],"player_experience":34399,"relics_obtained":[{"floor":8,"key":"Quantum Egg"},{"floor":23,"key":"vexMod:ConsolationPrize"},{"floor":26,"key":"The Courier"}],"event_choices":[{"cards_removed":["theMarked:Challenge"],"damage_healed":7,"gold_gain":0,"player_choice":"Offered Rare","damage_taken":0,"max_hp_gain":10,"max_hp_loss":0,"event_name":"Bonfire Elementals","floor":20,"gold_loss":0}],"is_beta":false,"boss_relics":[{"not_picked":["Velvet Choker","hubris:Backtick"],"picked":"Replay:Wanted Poster"}],"items_purged_floors":[21],"is_endless":false,"potions_floor_spawned":[3,7,8,12,13,16,23,24],"killed_by":"Slavers","ascension_level":0}}