{"host":"z9grmtg2w0nmz8n1","time":1608672574,"event":{"mods":["Aspiration","Bard","BaseMod","Beaked The Cultist","Better Altar","Better Match","Better Note","Better Sensory Stone","Better Skull","Better Third Choice","BetterRewards","CCEM","Colored Map","Conspire","Downfall","GifTheSpireLib","Googly Eyes","Halation","Hermit","Highlight Path","Hubris","Hunter ??","Jedi Mod","Jorbs\u0027s Wanderer Trilogy","Mad Scientist","Marisa????????","Minty Spire (QoL Compilation)","Permanent Neow","Replay The Spire","Shade Mod","Shop Mod","Spicy Shops","StSLib","Stuff the Spire","The Bug Knight","The Construct","The Necromancer","The Runesmith","The Witch"],"gold_per_floor":[111,111,36,36,36,36,46,77,102,64,89,16,41,56,56,157,157,174,187,187,13,13,44,57,91,118,118,152,27,47,47,47,148,148,158,176,26,26,26,26,26],"floor_reached":40,"playtime":2083,"items_purged":["Injury","Strike_W","Strike_W","Strike_W"],"score":598,"play_id":"61657e7e-4638-4dcf-8900-857a66d40a47","local_time":"20201222192934","is_ascension_mode":false,"campfire_choices":[{"floor":6,"key":"RECALL"},{"data":"Summon_Death_Knight","floor":15,"key":"SMITH"},{"data":"Summon_Lich","floor":27,"key":"SMITH"},{"data":"Summon_Lich","floor":32,"key":"SMITH"}],"circlet_count":0,"master_deck":["Defend_W","Defend_W","Defend_W","Defend_W","Negative_Energy_Arrows","Bone_Wall+1","Death_Coil","Negative_Energy_Burst","Summon_Death_Knight+1","Summon_Lich+1","Vampiric_Strike","Negative_Energy_Burst","Flesh_Made_Foul+1","Finger_Of_Death+1","Cloudkill+1","Negative_Energy_Shield+1","Bone_Prison+1","Summon_Lich+1","Summon_Undead+1","Summon_Lich+1","Stop_Heart+1","Grasp_Heart","StuffTheSpire:Perfection"],"relics":["Vampire_Amulet","Toxic Egg 2","MealTicket","CCEMRelics:GrindingGear","halation:KoshaPiece","CCEMRelics:SpiritsEdge","jedi:hotpepper","Matryoshka","Gambling Chip","hubris:Metronome","jedi:arcanewood","Juzu Bracelet","Black Star"],"acts_visited":["Exordium","TheCity","TheBeyond"],"potions_floor_usage":[16,16,16,28,33,35],"damage_taken":[{"damage":1,"enemies":"conspire:RoseBush","floor":1,"turns":3},{"damage":2,"enemies":"2 Louse","floor":7,"turns":3},{"damage":21,"enemies":"Gremlin Nob","floor":8,"turns":5},{"damage":11,"enemies":"3 Sentries","floor":11,"turns":5},{"damage":19,"enemies":"conspire:MimicChest","floor":13,"turns":6},{"damage":0,"enemies":"Jaw Worm","floor":14,"turns":2},{"damage":19,"enemies":"Hexaghost","floor":16,"turns":7},{"damage":11,"enemies":"2 Thieves","floor":18,"turns":2},{"damage":26,"enemies":"conspire:FuzzyDice","floor":19,"turns":5},{"damage":8,"enemies":"conspire:SneckoGhost","floor":23,"turns":6},{"damage":0,"enemies":"Cultist and Chosen","floor":24,"turns":4},{"damage":4,"enemies":"Gremlin Leader","floor":25,"turns":6},{"damage":14,"enemies":"conspire:SneckoGhost","floor":28,"turns":5},{"damage":9,"enemies":"conspire:HollyBat","floor":30,"turns":6},{"damage":33,"enemies":"Pondfish","floor":33,"turns":10},{"damage":4,"enemies":"3 Shapes","floor":35,"turns":3},{"damage":17,"enemies":"3 Darklings","floor":36,"turns":4},{"damage":73,"enemies":"Giant Head","floor":40,"turns":8}],"seed_played":"-8810631393188732982","potions_obtained":[{"floor":8,"key":"Slimebound:ThreeZeroPotion"},{"floor":11,"key":"Strength Potion"},{"floor":13,"key":"jedi:StrikingPotion"},{"floor":19,"key":"Swift Potion"},{"floor":24,"key":"Explosive Potion"},{"floor":33,"key":"Block Potion"}],"is_trial":false,"path_per_floor":["M","?","$","?","T","R","M","E","T","$","E","$","?","M","R","B",null,"M","M","?","$","?","E","M","E","T","R","E","$","M","?","R","B",null,"M","M","$","?","?","E"],"character_chosen":"NECROMANCER","items_purchased":["Summon_Lich","Negative_Energy_Burst","Summon_Lich"],"campfire_rested":0,"item_purchase_floors":[10,12,21],"current_hp_per_floor":[75,75,75,68,68,68,70,51,51,66,61,75,58,60,60,43,56,49,28,28,43,43,39,43,55,55,55,47,56,49,49,49,22,56,56,41,56,36,36,0,0],"gold":26,"neow_bonus":"RANDOM_EVENT","is_daily":false,"chose_seed":false,"campfire_upgraded":3,"win_rate":0.0,"timestamp":1608672574,"path_taken":["M","?","$","?","?","R","?","E","T","?","E","$","?","M","R","BOSS","M","M","?","?","?","E","M","E","T","R","E","$","M","?","R","BOSS","M","M","$","?","?","E"],"items_purchased_type":["Card","Card","Card"],"build_version":"2020-12-13","purchased_purges":4,"victory":false,"max_hp_per_floor":[75,75,75,75,75,75,75,75,75,75,75,75,75,75,75,75,56,56,56,56,56,56,56,56,56,56,56,56,56,56,56,56,56,56,56,56,56,56,56,56,56],"card_choices":[{"not_picked":["Bone_Armor","Scare"],"picked":"Death_Coil","floor":1},{"not_picked":["Negative_Energy_Shield+1","Consume_Illness+1"],"picked":"Negative_Energy_Burst","floor":7},{"not_picked":["Death_Knell","Death_March_Dance"],"picked":"Summon_Death_Knight","floor":8},{"not_picked":["Slay_Living","Bone_Shift+1"],"picked":"Vampiric_Strike","floor":11},{"not_picked":["Bone_Shift+1","Negative_Energy_Sphere"],"picked":"Flesh_Made_Foul","floor":13},{"not_picked":["Bones_to_Steel+1","Death_Coil"],"picked":"Finger_Of_Death","floor":14},{"not_picked":["Reap_The_Weak","Requiem"],"picked":"Cloudkill+1","floor":16},{"not_picked":["Bone_Bullets","Vampiric_Strike+1"],"picked":"Negative_Energy_Shield+1","floor":18},{"not_picked":["Finger_Of_Death+1","Siphon_Strength+1"],"picked":"Bone_Prison+1","floor":19},{"not_picked":["Life_Drain+1","Finger_Of_Death+1","Death_Coil"],"picked":"SKIP","floor":23},{"not_picked":["Summon_Lich","Blood_Whip"],"picked":"Summon_Undead+1","floor":24},{"not_picked":["Bone_Spikes","Acid_Javelin","Blood_for_Blood+1"],"picked":"SKIP","floor":25},{"not_picked":["Blood_Whip+1","Negative_Energy_Sphere"],"picked":"Summon_Lich","floor":28},{"not_picked":["Death_March_Dance+1","Summon_Death_Knight"],"picked":"Stop_Heart+1","floor":30},{"not_picked":["Requiem","Skeleton_Dragon"],"picked":"Grasp_Heart","floor":33},{"not_picked":["Bone_Shift+1","Finger_Of_Death+1","Shade_Step+1"],"picked":"SKIP","floor":35},{"not_picked":["Blood_for_Blood+1","Negative_Energy_Sphere","Blood_Curse"],"picked":"SKIP","floor":36},{"not_picked":["StuffTheSpire:CelestialWarden","StuffTheSpire:Innocence"],"picked":"StuffTheSpire:Perfection","floor":39}],"player_experience":618576,"relics_obtained":[{"floor":8,"key":"MealTicket"},{"floor":9,"key":"CCEMRelics:GrindingGear"},{"floor":11,"key":"halation:KoshaPiece"},{"floor":13,"key":"CCEMRelics:SpiritsEdge"},{"floor":23,"key":"Gambling Chip"},{"floor":25,"key":"hubris:Metronome"},{"floor":26,"key":"jedi:arcanewood"},{"floor":26,"key":"Juzu Bracelet"},{"floor":28,"key":"CCEMRelics:Pendulum"}],"event_choices":[{"cards_removed":["Strike_W"],"damage_healed":0,"gold_gain":0,"player_choice":"Card Removal","damage_taken":7,"max_hp_gain":0,"max_hp_loss":0,"event_name":"Golden Wing","floor":4,"gold_loss":0},{"cards_removed":["Strike_W"],"damage_healed":0,"gold_gain":0,"player_choice":"Give","damage_taken":0,"max_hp_gain":0,"max_hp_loss":0,"event_name":"betterNote:BetterNote","floor":22,"gold_loss":0,"cards_obtained":["Strike_G"]},{"damage_healed":0,"gold_gain":0,"player_choice":"Leave","damage_taken":0,"max_hp_gain":0,"max_hp_loss":0,"event_name":"conspire:Investor","floor":31,"gold_loss":0}],"is_beta":false,"boss_relics":[{"not_picked":["aspiration:RunicSpoon","aspiration:BardSkillbook"],"picked":"jedi:hotpepper"},{"not_picked":["hubris:TerracottaHorce","aspiration:MobileForge"],"picked":"Black Star"}],"items_purged_floors":[3,21,29,37],"is_endless":false,"potions_floor_spawned":[8,11,13,19,24,25,33],"killed_by":"Giant Head","ascension_level":0}}