{"host":"4kgga43fr9t628g1","time":1608607958,"event":{"mods":["Act Like it!","BaseMod","Downfall","Minty Spire (QoL Compilation)","StSLib"],"gold_per_floor":[99,113,130,18,29,41,41,73,73,84,114,134,134,165,185,185,185,185],"floor_reached":16,"playtime":1027,"items_purged":[],"score":124,"play_id":"7cae6341-f9bf-4737-97d6-584151716654","local_time":"20201221193238","is_ascension_mode":false,"campfire_choices":[{"data":"Slimebound:Split","floor":1,"key":"SMITH"},{"data":"Slimebound:DuplicatedForm","floor":13,"key":"SMITH"}],"circlet_count":0,"master_deck":["Slimebound:Strike_Slimebound","Slimebound:Strike_Slimebound","Slimebound:Tackle","Slimebound:Defend_Slimebound","Slimebound:Defend_Slimebound","Slimebound:Defend_Slimebound","Slimebound:Split+1","Slimebound:CorrosiveSpit","Slimebound:Prepare","Slimebound:LeechingTouch","Flash of Steel","Slimebound:LeadByExample","Slimebound:FormOfPuddle","Slimebound:DuplicatedForm+1","Slimebound:SplitSpecialist","Slimebound:GrowthPunch","Slimebound:LeechEnergy"],"relics":["Slimebound:AbsorbEndCombat","Tiny Chest","Question Card","Shuriken","Bottled Tornado"],"acts_visited":["Exordium"],"potions_floor_usage":[14,16,16],"damage_taken":[{"damage":9,"enemies":"Cultist","floor":2,"turns":3},{"damage":11,"enemies":"2 Louse","floor":3,"turns":3},{"damage":12,"enemies":"downfall:FleeingMerchant","floor":4,"turns":4},{"damage":11,"enemies":"Jaw Worm","floor":5,"turns":3},{"damage":10,"enemies":"Blue Slaver","floor":6,"turns":3},{"damage":25,"enemies":"Gremlin Nob","floor":8,"turns":4},{"damage":30,"enemies":"3 Louse","floor":10,"turns":5},{"damage":33,"enemies":"Lagavulin","floor":11,"turns":6},{"damage":14,"enemies":"Gremlin Gang","floor":12,"turns":4},{"damage":39,"enemies":"3 Sentries","floor":14,"turns":5},{"damage":24,"enemies":"Red Slaver","floor":15,"turns":4},{"damage":45,"enemies":"downfall:Defect","floor":16,"turns":6}],"seed_played":"7972547289541747506","potions_obtained":[{"floor":3,"key":"Dexterity Potion"},{"floor":6,"key":"DistilledChaos"},{"floor":10,"key":"LiquidBronze"},{"floor":15,"key":"EssenceOfSteel"}],"is_trial":false,"path_per_floor":["R","M","M","$","M","M","T","E","?","M","E","M","R","E","M","B"],"character_chosen":"SLIMEBOUND","items_purchased":["Flash of Steel"],"campfire_rested":0,"item_purchase_floors":[4],"current_hp_per_floor":[60,60,57,60,59,60,60,46,46,43,45,45,45,41,33,0,0,0],"gold":185,"neow_bonus":"REMOVE_CARD","is_daily":false,"chose_seed":false,"campfire_upgraded":2,"win_rate":0.0,"timestamp":1608607958,"path_taken":["R","M","M","$","M","M","T","E","?","M","E","M","R","E","M","BOSS"],"items_purchased_type":["Card"],"build_version":"2020-12-13","purchased_purges":0,"victory":false,"max_hp_per_floor":[60,60,60,60,60,60,60,60,60,60,60,60,60,60,60,60,60,60],"card_choices":[{"not_picked":["Slimebound:SplitBruiser","Slimebound:SpikyOuterGoop"],"picked":"Slimebound:Prepare","floor":2},{"not_picked":["Slimebound:FinishingTackle","Slimebound:PressTheAttack","Slimebound:SlimeBrawl"],"picked":"SKIP","floor":3},{"not_picked":["Slimebound:SlimeSpikes","Slimebound:FinishingTackle"],"picked":"Slimebound:LeechingTouch","floor":4},{"not_picked":["Slimebound:LeechEnergy","Slimebound:GoopTackle"],"picked":"Slimebound:LeadByExample","floor":5},{"not_picked":["Slimebound:SplitLeeching","Slimebound:FirmFortitude"],"picked":"Slimebound:FormOfPuddle","floor":6},{"not_picked":["Slimebound:TongueLash","Slimebound:GoopSpray"],"picked":"Slimebound:DuplicatedForm","floor":8},{"not_picked":["Slimebound:FormOfPuddle","Slimebound:ComboTackle","Slimebound:Schlurp"],"picked":"Slimebound:SplitSpecialist","floor":10},{"not_picked":["Slimebound:LeechingTouch","Slimebound:PressTheAttack","Slimebound:RollThrough"],"picked":"Slimebound:GrowthPunch","floor":11},{"not_picked":["Slimebound:Teamwork","Slimebound:LeadByExample","Slimebound:GrowthPunch","Slimebound:SplitBruiser"],"picked":"SKIP","floor":12},{"not_picked":["Slimebound:ComboTackle","Slimebound:TagTeam","Slimebound:SplitAcid","Slimebound:LeadByExample"],"picked":"SKIP","floor":14},{"not_picked":["Slimebound:RollThrough","Slimebound:Recollect","Slimebound:LevelUp"],"picked":"Slimebound:LeechEnergy","floor":15}],"player_experience":829002,"relics_obtained":[{"floor":7,"key":"Tiny Chest"},{"floor":8,"key":"Question Card"},{"floor":11,"key":"Shuriken"},{"floor":14,"key":"Bottled Tornado"}],"event_choices":[{"cards_removed":["Slimebound:Strike_Slimebound"],"damage_healed":0,"gold_gain":0,"player_choice":"Card Removal","damage_taken":0,"max_hp_gain":0,"max_hp_loss":0,"event_name":"The Cleric","floor":9,"gold_loss":0}],"is_beta":false,"boss_relics":[],"items_purged_floors":[],"is_endless":false,"potions_floor_spawned":[3,6,10,11,12,15],"killed_by":"downfall:Defect","ascension_level":0}}