{"host":"0cgp910o8339lr91","time":1608642010,"event":{"mods":["BaseMod","Colored Map","Filter the Spire","Minty Spire (QoL Compilation)","Relic Stats","Slay-I","ojb\u0027s Better Paths Mod","ojb\u0027s Info Mod"],"gold_per_floor":[119,79,32,32,45,80,90,115,115,115,135,167,180,214,214,312,312,329,66,78,177,177,212,137,172,172,172,202,59,82,116,128,241,253,284,312,324,347,411,455,483,530,542,585,610,622,634,166,166,166,166,166,15,49,49],"floor_reached":56,"playtime":6586,"items_purged":["Zap","Strike_B+1"],"score":1922,"play_id":"15481d7f-377f-41ea-b3ed-1666eab4429a","local_time":"20201222140010","is_ascension_mode":true,"campfire_choices":[{"data":"Doom and Gloom","floor":10.0,"key":"SMITH"},{"data":"Defragment","floor":15.0,"key":"SMITH"},{"data":"Coolheaded","floor":27.0,"key":"SMITH"},{"data":"Recycle","floor":32.0,"key":"SMITH"},{"data":"Seek","floor":46.0,"key":"SMITH"},{"floor":49.0,"key":"RECALL"},{"data":"Hologram","floor":52.0,"key":"SMITH"}],"circlet_count":0,"master_deck":["Strike_B+1","Strike_B+1","Defend_B+1","Defend_B+1","Defend_B+1","Defend_B+1","Dualcast","Hologram","Beam Cell","Doom and Gloom+1","Chill","Genetic Algorithm","Machine Learning","Coolheaded+1","Defragment+1","Coolheaded","Seek+1","Coolheaded+1","Capacitor","Recycle+1","BootSequence+1","Hologram+1","Meteor Strike","Coolheaded+1","Core Surge","Capacitor","Go for the Eyes+1","Turbo+1","Seek","Hologram+1","Barrage+1","Normality","Barrage+1","Forethought","All For One","Coolheaded+1"],"relics":["Coffee Dripper","Gremlin Horn","Akabeko","TungstenRod","Lizard Tail","Shuriken","Thread and Needle","Cursed Key","Omamori","Meat on the Bone","Darkstone Periapt","Symbiotic Virus","Ornamental Fan","Frozen Eye","MawBank","Runic Pyramid","Prayer Wheel","Matryoshka","Incense Burner","Regal Pillow","StrikeDummy","Juzu Bracelet","Medical Kit","Orrery","Ice Cream"],"acts_visited":["Exordium","TheCity","TheBeyond","TheEnding"],"potions_floor_usage":[55],"damage_taken":[{"damage":1.0,"enemies":"Small Slimes","floor":1.0,"turns":3.0},{"damage":0.0,"enemies":"Cultist","floor":5.0,"turns":4.0},{"damage":26.0,"enemies":"Gremlin Nob","floor":6.0,"turns":4.0},{"damage":7.0,"enemies":"Jaw Worm","floor":7.0,"turns":2.0},{"damage":7.0,"enemies":"3 Sentries","floor":8.0,"turns":3.0},{"damage":0.0,"enemies":"Exordium Wildlife","floor":11.0,"turns":2.0},{"damage":15.0,"enemies":"Gremlin Nob","floor":12.0,"turns":3.0},{"damage":2.0,"enemies":"Blue Slaver","floor":13.0,"turns":4.0},{"damage":0.0,"enemies":"3 Sentries","floor":14.0,"turns":3.0},{"damage":0.0,"enemies":"Hexaghost","floor":16.0,"turns":8.0},{"damage":0.0,"enemies":"Shell Parasite","floor":18.0,"turns":6.0},{"damage":0.0,"enemies":"Spheric Guardian","floor":20.0,"turns":7.0},{"damage":3.0,"enemies":"Slavers","floor":23.0,"turns":6.0},{"damage":0.0,"enemies":"Gremlin Leader","floor":25.0,"turns":6.0},{"damage":0.0,"enemies":"Slavers","floor":28.0,"turns":8.0},{"damage":0.0,"enemies":"Gremlin Leader","floor":31.0,"turns":6.0},{"damage":21.0,"enemies":"Collector","floor":33.0,"turns":8.0},{"damage":0.0,"enemies":"3 Darklings","floor":35.0,"turns":5.0},{"damage":0.0,"enemies":"Orb Walker","floor":36.0,"turns":3.0},{"damage":2.0,"enemies":"Writhing Mass","floor":38.0,"turns":9.0},{"damage":7.0,"enemies":"2 Orb Walkers","floor":39.0,"turns":5.0},{"damage":0.0,"enemies":"Nemesis","floor":40.0,"turns":7.0},{"damage":0.0,"enemies":"4 Shapes","floor":41.0,"turns":2.0},{"damage":6.0,"enemies":"Reptomancer","floor":42.0,"turns":8.0},{"damage":0.0,"enemies":"Nemesis","floor":44.0,"turns":5.0},{"damage":0.0,"enemies":"Maw","floor":45.0,"turns":6.0},{"damage":0.0,"enemies":"Donu and Deca","floor":50.0,"turns":7.0},{"damage":29.0,"enemies":"Shield and Spear","floor":54.0,"turns":6.0},{"damage":8,"enemies":"The Heart","floor":55,"turns":8}],"seed_played":"2719068848842977448","potions_obtained":[{"floor":2.0,"key":"GamblersBrew"},{"floor":2.0,"key":"SpeedPotion"},{"floor":2.0,"key":"PowerPotion"},{"floor":12.0,"key":"CultistPotion"},{"floor":16.0,"key":"Fruit Juice"},{"floor":25.0,"key":"EssenceOfSteel"},{"floor":28.0,"key":"FocusPotion"},{"floor":39.0,"key":"Swift Potion"},{"floor":45.0,"key":"BlessingOfTheForge"}],"is_trial":false,"path_per_floor":["M","?","$","T","M","E","M","E","T","R","M","E","M","E","R","B",null,"M","$","M","?","?","E","$","E","T","R","E","$","T","E","R","B",null,"M","M","?","M","?","E","M","E","T","E","M","R","?","$","R","B",null,"R","$","E","B",null],"character_chosen":"DEFECT","items_purchased":["Beam Cell","Omamori","Capacitor","Recycle","Frozen Eye","Medical Kit","Forethought","All For One","Orrery"],"campfire_rested":0,"item_purchase_floors":[3,19,19,19,29,48,48,48,53],"current_hp_per_floor":[74,74,74,74,74,48,41,34,34,34,34,19,17,17,17,17,75,75,75,75,75,75,72,72,72,72,72,77,77,77,77,77,56,80,80,80,80,78,71,71,71,65,71,71,71,71,71,71,71,71,86,86,86,57,49],"gold":49,"neow_bonus":"BOSS_RELIC","is_daily":false,"chose_seed":false,"campfire_upgraded":6,"win_rate":0.0,"timestamp":1608642010,"path_taken":["M","?","?","?","M","E","M","E","T","R","M","E","?","E","R","BOSS","M","$","M","?","?","E","$","E","T","R","E","$","?","E","R","BOSS","M","M","?","?","?","E","M","E","T","E","M","R","?","$","R","BOSS","R","$","E","BOSS"],"items_purchased_type":["Card","Relic","Card","Card","Relic","Relic","Card","Card","Relic"],"build_version":"2020-12-13","purchased_purges":2,"victory":true,"max_hp_per_floor":[75,75,75,75,75,75,75,75,75,75,75,75,75,75,75,75,75,75,75,75,75,75,75,75,75,75,75,80,80,80,80,80,80,80,80,80,80,80,80,80,80,80,86,86,86,86,86,86,86,86,86,86,86,86,86],"relic_stats":{"Darkstone Periapt":6,"Regal Pillow":0,"Gremlin Horn":[38,38],"counters":[29,154],"Juzu Bracelet":0,"Cursed Key":3,"MawBank":204,"Medical Kit":[11],"Lizard Tail":0,"Shuriken":[54],"Ornamental Fan":[176],"Prayer Wheel":2,"obtain_stats":[{"Darkstone Periapt":25,"Ice Cream":54,"Regal Pillow":43,"Gremlin Horn":4,"Incense Burner":42,"Juzu Bracelet":44,"Cursed Key":17,"Frozen Eye":29,"Lizard Tail":9,"Matryoshka":40,"Prayer Wheel":39,"Cracked Core":0,"Runic Pyramid":34,"Thread and Needle":14,"Omamori":19,"MawBank":31,"Medical Kit":48,"Akabeko":6,"Shuriken":12,"Ornamental Fan":28,"Orrery":53,"Coffee Dripper":0,"Symbiotic Virus":26,"StrikeDummy":43,"TungstenRod":8,"Meat on the Bone":23},{"Darkstone Periapt":14,"Ice Cream":28,"Regal Pillow":24,"Gremlin Horn":1,"Incense Burner":24,"Juzu Bracelet":25,"Cursed Key":10,"Frozen Eye":15,"Lizard Tail":5,"Matryoshka":22,"Prayer Wheel":21,"Cracked Core":0,"Runic Pyramid":17,"Thread and Needle":9,"Omamori":11,"MawBank":16,"Medical Kit":26,"Akabeko":3,"Shuriken":7,"Ornamental Fan":15,"Orrery":27,"Coffee Dripper":0,"Symbiotic Virus":14,"StrikeDummy":24,"TungstenRod":5,"Meat on the Bone":13},{"Darkstone Periapt":61,"Ice Cream":146,"Regal Pillow":122,"Gremlin Horn":3,"Incense Burner":122,"Juzu Bracelet":127,"Cursed Key":36,"Frozen Eye":69,"Lizard Tail":16,"Matryoshka":112,"Prayer Wheel":105,"Cracked Core":0,"Runic Pyramid":83,"Thread and Needle":28,"Omamori":42,"MawBank":75,"Medical Kit":133,"Akabeko":11,"Shuriken":21,"Ornamental Fan":69,"Orrery":140,"Coffee Dripper":0,"Symbiotic Virus":61,"StrikeDummy":122,"TungstenRod":16,"Meat on the Bone":55}],"TungstenRod":51,"Meat on the Bone":0},"card_choices":[{"not_picked":["Barrage","Reinforced Body"],"picked":"Hologram","floor":1.0},{"not_picked":["Coolheaded","Stack"],"picked":"Doom and Gloom","floor":5.0},{"not_picked":["Hologram","Sweeping Beam"],"picked":"Chill","floor":6.0},{"not_picked":["Streamline","Aggregate"],"picked":"Genetic Algorithm","floor":7.0},{"not_picked":["Gash","Beam Cell","Turbo"],"picked":"SKIP","floor":8.0},{"not_picked":["Fusion","Turbo"],"picked":"Machine Learning","floor":11.0},{"not_picked":["Doom and Gloom","Conserve Battery"],"picked":"Coolheaded","floor":12.0},{"not_picked":["Coolheaded","Consume"],"picked":"Defragment","floor":13.0},{"not_picked":["Thunder Strike","Hologram"],"picked":"Coolheaded","floor":14.0},{"not_picked":["Rainbow","Buffer"],"picked":"Seek","floor":16.0},{"not_picked":["Fusion","Cold Snap+1"],"picked":"Coolheaded+1","floor":18.0},{"not_picked":["Conserve Battery","Sweeping Beam"],"picked":"BootSequence+1","floor":20.0},{"not_picked":["Steam+1","Ball Lightning"],"picked":"Hologram","floor":23.0},{"not_picked":["Rip and Tear","Beam Cell"],"picked":"Meteor Strike","floor":25.0},{"not_picked":["Auto Shields","Hello World","Reprogram"],"picked":"SKIP","floor":28.0},{"not_picked":["Cold Snap+1","Beam Cell+1"],"picked":"Coolheaded+1","floor":31.0},{"not_picked":["Thunder Strike","Electrodynamics"],"picked":"Core Surge","floor":33.0},{"not_picked":["Scrape+1","Lockon+1","Turbo+1"],"picked":"SKIP","floor":35.0},{"not_picked":["Lockon+1","Ball Lightning+1","Turbo"],"picked":"SKIP","floor":36.0},{"not_picked":["Sweeping Beam","Compile Driver+1","Turbo"],"picked":"SKIP","floor":38.0},{"not_picked":["Reinforced Body+1","Static Discharge"],"picked":"Go for the Eyes+1","floor":39.0},{"not_picked":["Leap","Ball Lightning+1"],"picked":"Turbo+1","floor":40.0},{"not_picked":["Stack+1","Compile Driver+1"],"picked":"Seek","floor":41.0},{"not_picked":["Streamline","Leap+1"],"picked":"Hologram+1","floor":41.0},{"not_picked":["Hyperbeam","Force Field"],"picked":"Barrage+1","floor":42.0},{"not_picked":["Beam Cell+1","Leap","Redo+1"],"picked":"SKIP","floor":44.0},{"not_picked":["Sweeping Beam","Leap+1"],"picked":"Barrage+1","floor":45.0},{"not_picked":["Scrape","Leap+1","Go for the Eyes"],"picked":"SKIP","floor":45.0},{"not_picked":["Hologram","Ball Lightning"],"picked":"Coolheaded+1","floor":54.0}],"player_experience":942501,"relics_obtained":[{"floor":4.0,"key":"Gremlin Horn"},{"floor":6.0,"key":"Akabeko"},{"floor":8.0,"key":"TungstenRod"},{"floor":9.0,"key":"Lizard Tail"},{"floor":12.0,"key":"Shuriken"},{"floor":14.0,"key":"Thread and Needle"},{"floor":23.0,"key":"Meat on the Bone"},{"floor":25.0,"key":"Darkstone Periapt"},{"floor":26.0,"key":"Symbiotic Virus"},{"floor":28.0,"key":"Ornamental Fan"},{"floor":31.0,"key":"MawBank"},{"floor":39.0,"key":"Prayer Wheel"},{"floor":40.0,"key":"Matryoshka"},{"floor":42.0,"key":"Incense Burner"},{"floor":43.0,"key":"Regal Pillow"},{"floor":43.0,"key":"StrikeDummy"},{"floor":44.0,"key":"Juzu Bracelet"},{"floor":54.0,"key":"Ice Cream"}],"event_choices":[{"damage_healed":0.0,"max_hp_gain":0.0,"max_hp_loss":0.0,"gold_gain":0.0,"event_name":"The Woman in Blue","player_choice":"Bought 3 Potions","floor":2.0,"gold_loss":0.0,"damage_taken":0.0},{"damage_healed":0.0,"max_hp_gain":0.0,"max_hp_loss":0.0,"gold_gain":99.0,"event_name":"Nest","player_choice":"Stole From Cult","floor":21.0,"gold_loss":0.0,"damage_taken":0.0},{"damage_healed":0.0,"max_hp_gain":0.0,"max_hp_loss":0.0,"gold_gain":0.0,"event_name":"Back to Basics","player_choice":"Simplicity","floor":22.0,"gold_loss":0.0,"damage_taken":0.0,"cards_upgraded":["Strike_B","Strike_B","Strike_B","Strike_B","Defend_B","Defend_B","Defend_B","Defend_B"]},{"damage_healed":0.0,"max_hp_gain":0.0,"max_hp_loss":0.0,"gold_gain":0.0,"cards_transformed":["Strike_B"],"event_name":"Transmorgrifier","player_choice":"Transformed","floor":37.0,"gold_loss":0.0,"damage_taken":0.0,"cards_obtained":["Capacitor"]},{"damage_healed":0.0,"max_hp_gain":0.0,"max_hp_loss":0.0,"gold_gain":0.0,"event_name":"Mysterious Sphere","player_choice":"Fight","floor":39.0,"gold_loss":0.0,"damage_taken":0.0},{"damage_healed":0.0,"max_hp_gain":0.0,"max_hp_loss":0.0,"gold_gain":0.0,"event_name":"SecretPortal","player_choice":"Ignored","floor":47.0,"gold_loss":0.0,"damage_taken":0.0}],"is_beta":false,"boss_relics":[{"not_picked":["Fusion Hammer","Snecko Eye"],"picked":"Cursed Key"},{"not_picked":["Calling Bell","Runic Dome"],"picked":"Runic Pyramid"}],"items_purged_floors":[24,48],"is_endless":false,"potions_floor_spawned":[5,6,8,12,16,25,28,39,40,42,44,45],"ascension_level":4}}