{"host":"Teixeira","time":1608615249,"event":{"mods":["2.2 Compatiblity","Aspiration","BaseMod","Better Match","Better Note","Better Sensory Stone","Better Skull","Better Third Choice","Colored Map","Colored Powertips","Downfall","Hermit","Hubris","Infinite Spire","Marked Mod","Minty Spire (QoL Compilation)","Permanent Neow","Quick Restart","Rare Cards Sparkle","Relic Filter","Replay The Spire","Spicy Shops","StSLib","SuperFastMode"],"gold_per_floor":[114,129,153,153,103,143,161,161,161,196,15,46,66,66,66,196,196,187,187,202,202,1,1,32,50,76,95,17,58,58,58,58,183,183,198,212,212,228,242,277,2,33,33,33,46,46,90,90,90,90,90,90,40,84,84],"floor_reached":56,"playtime":4410,"items_purged":["Defend_B","Normality","Zap","hubris:Ukulele+1","Defend_B","Defend_B"],"score":2272,"play_id":"5f078406-7ad3-49b6-a81a-1c94763db0d9","local_time":"20201222023409","is_ascension_mode":true,"campfire_choices":[{"data":"Coolheaded","floor":8.0,"key":"SMITH"},{"floor":15.0,"key":"DIG"},{"data":"Loop","floor":23.0,"key":"SMITH"},{"data":"Dualcast","floor":32.0,"key":"PURGE"},{"floor":44,"key":"RECALL"},{"data":"Blizzard","floor":49,"key":"SMITH"},{"data":"ReplayTheSpireMod:Calculation Training","floor":52,"key":"SMITH"}],"circlet_count":0,"master_deck":["Defend_B","Coolheaded","Cold Snap+1","Coolheaded+1","Cold Snap","Machine Learning","expansioncontent:Chronoboost","Conserve Battery","Loop+1","Conserve Battery","Echo Form","Blizzard+1","ReplayTheSpireMod:Calculation Training+1","Defragment","Cold Snap","Rip and Tear+1","Heatsinks+1","Blizzard+1"],"relics":["FrozenCore","aspiration:Nostalgia","m_SnakeBloodCore","Question Card","Golden Idol","Orichalcum","ReplayTheSpireMod:TigerMarble","Gambling Chip","aspiration:TomeofQuesting","BargainBundle","Replay:Antivirus Software","Ring of Peace","infinitespire:BottledMercury","ReplayTheSpireMod:CursedCoin","infinitespire:Broken Mirror","Blue Doll","Smiling Mask","ReplayTheSpireMod:Ninjato","Replay:Grab Bag","infinitespire:Cupcake","hubris:TerracottaHorce","Astrolabe","aspiration:Stellarator","Mummified Hand","Cables","Replay:Baseball","Bird Faced Urn","Prayer Wheel","Chameleon Ring","Centennial Puzzle"],"acts_visited":["Exordium","TheCity","TheBeyond","TheEnding"],"potions_floor_usage":[55,55,55],"damage_taken":[{"damage":1.0,"enemies":"Cultist","floor":1.0,"turns":3.0},{"damage":0.0,"enemies":"2 Louse","floor":2.0,"turns":2.0},{"damage":0.0,"enemies":"Jaw Worm","floor":3.0,"turns":4.0},{"damage":20.0,"enemies":"3 Sentries","floor":6.0,"turns":17.0},{"damage":4.0,"enemies":"Large Slime","floor":7.0,"turns":8.0},{"damage":13.0,"enemies":"Gremlin Nob","floor":10.0,"turns":6.0},{"damage":6.0,"enemies":"3 Sentries","floor":12.0,"turns":10.0},{"damage":8.0,"enemies":"Blue Slaver","floor":13.0,"turns":4.0},{"damage":0.0,"enemies":"Fading Forest","floor":16.0,"turns":11.0},{"damage":0.0,"enemies":"2 Thieves","floor":18.0,"turns":4.0},{"damage":0.0,"enemies":"Chosen","floor":20.0,"turns":8.0},{"damage":0.0,"enemies":"Book of Stabbing","floor":24.0,"turns":8.0},{"damage":0.0,"enemies":"Centurion and Healer","floor":25.0,"turns":9.0},{"damage":0.0,"enemies":"Cultist and Chosen","floor":27.0,"turns":9.0},{"damage":0.0,"enemies":"Slavers","floor":29.0,"turns":6.0},{"damage":0.0,"enemies":"Collector","floor":33.0,"turns":11.0},{"damage":0.0,"enemies":"Orb Walker","floor":35.0,"turns":5.0},{"damage":1.0,"enemies":"3 Shapes","floor":36.0,"turns":5.0},{"damage":0,"enemies":"Transient","floor":38,"turns":5},{"damage":0,"enemies":"Jaw Worm Horde","floor":39,"turns":3},{"damage":0,"enemies":"R_Hoarder","floor":40,"turns":6},{"damage":0,"enemies":"Nemesis","floor":42,"turns":7},{"damage":0,"enemies":"Spire Growth","floor":45,"turns":4},{"damage":0,"enemies":"Nightmare","floor":47,"turns":6},{"damage":0,"enemies":"Donu and Deca","floor":50,"turns":5},{"damage":0,"enemies":"Shield and Spear","floor":54,"turns":4},{"damage":15,"enemies":"The Heart","floor":55,"turns":6}],"seed_played":"-6937400974344045566","potions_obtained":[{"floor":6.0,"key":"GamblersBrew"},{"floor":10.0,"key":"sneckomod:MuddlingPotion"},{"floor":16.0,"key":"GamblersBrew"},{"floor":18.0,"key":"PotionOfCapacity"},{"floor":20.0,"key":"Swift Potion"},{"floor":45,"key":"DistilledChaos"}],"is_trial":false,"path_per_floor":["M","M","M","?","?","E","M","R","T","E","$","E","M","?","R_BF","B",null,"M","?","M","?","$","R","E","M","T","M","$","E","?","?","R_BF","B",null,"M","M","AVR","M","M","E","$","E","T","R","M","?","NM","T","R","B",null,"R","$","E","B",null],"character_chosen":"DEFECT","items_purchased":["BargainBundle","expansioncontent:Chronoboost","Conserve Battery","Adrenaline Potion","SkillPotion","Explosive Potion","ReplayTheSpireMod:CursedCoin","infinitespire:Broken Mirror","Defragment","Blizzard","Replay:Baseball"],"campfire_rested":0,"item_purchase_floors":[11,11,11,11,11,11,22,22,28,41,41],"current_hp_per_floor":[75,75,75,57,57,40,39,39,39,29,29,26,21,21,21,32,75,75,75,75,75,75,75,75,75,75,75,75,75,75,75,75,75,75,75,75,75,75,75,75,75,75,75,75,75,75,75,75,75,75,75,75,75,75,72],"gold":84,"neow_bonus":"NOSTALGIA","is_daily":false,"chose_seed":false,"campfire_upgraded":4,"win_rate":0.0,"timestamp":1608615249,"path_taken":["M","?","M","?","?","E","M","R","T","E","$","E","M","?","R_BF","BOSS","M","?","M","?","$","R","E","?","T","M","?","E","?","?","R_BF","BOSS","M","M","AVR","M","M","E","$","E","T","R","M","?","NM","?","R","BOSS","R","$","E","BOSS"],"items_purchased_type":["Relic","Card","Card","Potion","Potion","Potion","Relic","Relic","Card","Card","Relic"],"build_version":"2020-11-17","purchased_purges":6,"victory":true,"max_hp_per_floor":[75,75,75,75,75,75,75,75,75,75,75,75,75,75,75,75,75,75,75,75,75,75,75,75,75,75,75,75,75,75,75,75,75,75,75,75,75,75,75,75,75,75,75,75,75,75,75,75,75,75,75,75,75,75,75],"card_choices":[{"not_picked":["Streamline","Skim","Panic Button"],"picked":"Coolheaded","floor":1.0},{"not_picked":["Hologram","Redo","Panic Button"],"picked":"Cold Snap","floor":2.0},{"not_picked":["Ball Lightning","ReplayGash","hubris:PowerSurge"],"picked":"Coolheaded","floor":3.0},{"not_picked":["Stack","Hello World","Turbo"],"picked":"Cold Snap","floor":6.0},{"not_picked":["ReplaySolidLightProjector","Panic Button","Redo"],"picked":"Machine Learning","floor":7.0},{"not_picked":["Rebound","Steam","Static Discharge","Stack"],"picked":"SKIP","floor":10.0},{"not_picked":["Creative AI","Meteor Strike","Rebound"],"picked":"Loop","floor":12.0},{"not_picked":["Sunder","Recycle","Barrage"],"picked":"Conserve Battery","floor":13.0},{"not_picked":["Fission","Meteor Strike","ReplayTheSpireMod:Fabricate Wheel"],"picked":"Echo Form","floor":16.0},{"not_picked":["Darkness","Hologram","Streamline","Go for the Eyes+1"],"picked":"SKIP","floor":18.0},{"not_picked":["Steam Power","Go for the Eyes","Gash+1","hubris:Ukulele"],"picked":"SKIP","floor":20.0},{"not_picked":["Steam","Compile Driver","Cold Snap"],"picked":"Blizzard","floor":24.0},{"not_picked":["Rebound","Redo","Compile Driver+1","Leap+1"],"picked":"SKIP","floor":25.0},{"not_picked":["Compile Driver","Tempest","Ball Lightning+1"],"picked":"ReplayTheSpireMod:Calculation Training","floor":27.0},{"not_picked":["BasicCrystalCard","ReplayTheSpireMod:System Scan+1","Creative AI","Cold Snap"],"picked":"SKIP","floor":29.0},{"not_picked":["BasicCrystalCard","ReplayTheSpireMod:System Scan+1","Creative AI"],"picked":"Cold Snap","floor":29.0},{"not_picked":["Streamline+1","Genetic Algorithm+1","Stack","Leap"],"picked":"SKIP","floor":35.0},{"not_picked":["Undo+1","Barrage+1","Steam","ReplayGash"],"picked":"SKIP","floor":36.0},{"not_picked":["ReplaySort","White Noise+1","Meteor Strike","BasicCrystalCard"],"picked":"SKIP","floor":38},{"not_picked":["Coolheaded","Turbo","Heatsinks+1","Rebound+1"],"picked":"SKIP","floor":39},{"not_picked":["ReplayTheSpireMod:GoodbyeWorld","Multi-Cast","Ball Lightning+1","Heatsinks"],"picked":"SKIP","floor":40},{"not_picked":["ReplayTheSpireMod:GoodbyeWorld+1","Fission","Stack","Chaos+1"],"picked":"SKIP","floor":42},{"not_picked":["Conserve Battery+1","Ball Lightning","Redo+1","Hologram+1"],"picked":"SKIP","floor":45},{"not_picked":["hubris:Prefetch","Gash+1","Go for the Eyes","Tempest"],"picked":"SKIP","floor":47},{"not_picked":["ReplayTheSpireMod:GoodbyeWorld+1","FTL","Coolheaded","Sweeping Beam+1"],"picked":"SKIP","floor":54}],"player_experience":90887,"relics_obtained":[{"floor":6.0,"key":"ReplayTheSpireMod:TigerMarble"},{"floor":9.0,"key":"Gambling Chip"},{"floor":10.0,"key":"aspiration:TomeofQuesting"},{"floor":12.0,"key":"Replay:Antivirus Software"},{"floor":14.0,"key":"Ring of Peace"},{"floor":15.0,"key":"infinitespire:BottledMercury"},{"floor":24.0,"key":"Blue Doll"},{"floor":26.0,"key":"Smiling Mask"},{"floor":29.0,"key":"ReplayTheSpireMod:Ninjato"},{"floor":40,"key":"Cables"},{"floor":42,"key":"Bird Faced Urn"},{"floor":47,"key":"Prayer Wheel"},{"floor":48,"key":"Chameleon Ring"},{"floor":54,"key":"Centennial Puzzle"}],"event_choices":[{"damage_healed":0.0,"max_hp_gain":0.0,"max_hp_loss":0.0,"gold_gain":0.0,"event_name":"betterThird:BetterScrap","player_choice":"Relic ","floor":4.0,"gold_loss":0.0,"damage_taken":18.0,"cards_obtained":["Demon Form"]},{"cards_removed":["Strike_B"],"damage_healed":0.0,"max_hp_gain":0.0,"max_hp_loss":0.0,"gold_gain":0.0,"event_name":"The Cleric","player_choice":"Card Removal","floor":5.0,"gold_loss":50.0,"damage_taken":0.0},{"damage_healed":0.0,"max_hp_gain":0.0,"max_hp_loss":0.0,"gold_gain":0.0,"event_name":"Accursed Blacksmith","player_choice":"Forge","floor":19.0,"gold_loss":0.0,"damage_taken":0.0,"cards_upgraded":["Cold Snap"]},{"cards_removed":["expansioncontent:Chronoboost"],"damage_healed":0.0,"max_hp_gain":0.0,"max_hp_loss":0.0,"gold_gain":0.0,"event_name":"betterNote:BetterNote","player_choice":"Give","floor":21.0,"gold_loss":0.0,"damage_taken":0.0,"cards_obtained":["None"]},{"damage_healed":0.0,"max_hp_gain":0.0,"max_hp_loss":0.0,"gold_gain":0.0,"event_name":"betterThird:BetterWriting","player_choice":"Adaptability","floor":30.0,"gold_loss":0.0,"damage_taken":0.0},{"damage_healed":0.0,"max_hp_gain":0.0,"max_hp_loss":0.0,"gold_gain":0.0,"event_name":"Vampires","player_choice":"Ignored","floor":31.0,"gold_loss":0.0,"damage_taken":0.0}],"is_beta":true,"boss_relics":[{"not_picked":["SlaversCollar","Calling Bell"],"picked":"FrozenCore"},{"not_picked":["hubris:ScarierMask","aspiration:WatcherSkillbook"],"picked":"Replay:Grab Bag"},{"not_picked":["hubris:GrandSneckoEye","Replay:Wanted Poster"],"picked":"infinitespire:Cupcake"},{"not_picked":["Replay:Bronze Core","Fusion Hammer"],"picked":"hubris:TerracottaHorce"},{"not_picked":["aspiration:SilentSkillbook","Runic Pyramid"],"picked":"Astrolabe"},{"not_picked":["expansioncontent:StudyCardRelic","Snecko Eye"],"picked":"aspiration:Stellarator"}],"items_purged_floors":[11,22,28,37,41,53],"is_endless":false,"potions_floor_spawned":[6,10,12,16,18,20,29,36,38,39,45,47,54],"ascension_level":9}}