{"host":"7pe9xwx78c6nlay8","time":1608627873,"event":{"mods":["BaseMod","Minty Spire (QoL Compilation)"],"gold_per_floor":[113,131,147,159,159,201,201,201,201],"floor_reached":8,"playtime":286,"items_purged":[],"score":93,"play_id":"64ffce37-c731-4e26-b8ab-6a06a6e87f85","local_time":"20201222170433","is_ascension_mode":true,"campfire_choices":[{"floor":7,"key":"REST"}],"circlet_count":0,"master_deck":["AscendersBane","Strike_P","Strike_P","Strike_P","Strike_P","Defend_P","Defend_P","Defend_P","Defend_P","Eruption","Vigilance","JustLucky","PathToVictory","JustLucky","JustLucky","DeusExMachina"],"relics":["PureWater","Happy Flower","CeramicFish"],"acts_visited":["Exordium"],"potions_floor_usage":[6],"damage_taken":[{"damage":1,"enemies":"Cultist","floor":1,"turns":4},{"damage":2,"enemies":"Jaw Worm","floor":2,"turns":3},{"damage":12,"enemies":"2 Louse","floor":3,"turns":2},{"damage":15,"enemies":"Exordium Thugs","floor":4,"turns":4},{"damage":23,"enemies":"Lagavulin","floor":6,"turns":9},{"damage":6,"enemies":"3 Sentries","floor":8,"turns":3}],"seed_played":"-3099483873910727068","potions_obtained":[{"floor":4,"key":"SpeedPotion"},{"floor":5,"key":"PowerPotion"}],"is_trial":false,"path_per_floor":["M","M","M","M","?","E","R","E"],"character_chosen":"WATCHER","items_purchased":[],"campfire_rested":1,"item_purchase_floors":[],"current_hp_per_floor":[64,62,50,35,35,12,33,27,27],"gold":201,"neow_bonus":"RANDOM_COMMON_RELIC","is_daily":false,"chose_seed":false,"campfire_upgraded":0,"win_rate":0.0,"timestamp":1608627873,"path_taken":["M","?","M","M","?","E","R","E"],"items_purchased_type":[],"build_version":"2020-12-13","purchased_purges":0,"victory":false,"max_hp_per_floor":[72,72,72,72,72,72,72,72,72],"card_choices":[{"not_picked":["BowlingBash","Collect"],"picked":"JustLucky","floor":1},{"not_picked":["Consecrate","Prostrate"],"picked":"PathToVictory","floor":2},{"not_picked":["SignatureMove","Crescendo"],"picked":"JustLucky","floor":3},{"not_picked":["SandsOfTime","Perseverance"],"picked":"JustLucky","floor":4},{"not_picked":["Adaptation","Vengeance"],"picked":"DeusExMachina","floor":6}],"player_experience":1558752,"relics_obtained":[{"floor":6,"key":"CeramicFish"}],"event_choices":[{"damage_healed":0,"gold_gain":0,"player_choice":"Got Potions","damage_taken":0,"max_hp_gain":0,"max_hp_loss":0,"event_name":"Lab","floor":5,"gold_loss":0}],"is_beta":false,"boss_relics":[],"items_purged_floors":[],"is_endless":false,"potions_floor_spawned":[4],"killed_by":"3 Sentries","ascension_level":12}}