{"host":"91kqwblrqvon3fcz","time":1608679921,"event":{"mods":["Act Like it!","BaseMod","Elementarium","Hermit","Minty Spire (QoL Compilation)","Quick Restart","StSLib"],"gold_per_floor":[115,115,127,127,142,142,168,168,168,168,181,206,67,67,67,186,186,202,202,221,185,204,204,223,223,250,250,250,23,122,122,122,122,122],"floor_reached":33,"playtime":733,"items_purged":["Injury"],"score":291,"play_id":"d15cf68c-d7d6-40e7-9b62-38dc5731a364","local_time":"20201222153201","is_ascension_mode":true,"campfire_choices":[{"floor":6.0,"key":"RECALL"},{"floor":8.0,"key":"REST"},{"data":"Eruption","floor":10.0,"key":"SMITH"},{"floor":15.0,"key":"REST"},{"floor":23.0,"key":"REST"},{"floor":27.0,"key":"REST"},{"floor":32.0,"key":"REST"}],"circlet_count":0,"master_deck":["Defend_P","Defend_P","Defend_P","Defend_P","Eruption+1","Vigilance","BattleHymn","Prostrate","Prostrate","Halt","WreathOfFlame","Prostrate","Brilliance","Judgement","CrushJoints","Protect","ReachHeaven","Worship","CrushJoints","Bite","Bite","Bite","Bite","Bite"],"relics":["PureWater","NeowsBlessing","Frozen Egg 2","Sundial","Potion Belt","Golden Idol","SlaversCollar","FaceOfCleric","Lantern","PrismaticShard"],"acts_visited":["Exordium","TheCity"],"potions_floor_usage":[],"damage_taken":[{"damage":0.0,"enemies":"Cultist","floor":1.0,"turns":1.0},{"damage":0.0,"enemies":"Jaw Worm","floor":3.0,"turns":1.0},{"damage":0.0,"enemies":"Small Slimes","floor":5.0,"turns":1.0},{"damage":22.0,"enemies":"Gremlin Nob","floor":7.0,"turns":4.0},{"damage":18.0,"enemies":"Exordium Thugs","floor":11.0,"turns":5.0},{"damage":26.0,"enemies":"3 Sentries","floor":12.0,"turns":6.0},{"damage":27.0,"enemies":"The Guardian","floor":16.0,"turns":7.0},{"damage":27.0,"enemies":"2 Thieves","floor":18.0,"turns":3.0},{"damage":22.0,"enemies":"Chosen","floor":20.0,"turns":6.0},{"damage":5.0,"enemies":"Snake Plant","floor":22.0,"turns":4.0},{"damage":39.0,"enemies":"Shelled Parasite and Fungi","floor":24.0,"turns":7.0},{"damage":0.0,"enemies":"Chosen and Byrds","floor":25.0,"turns":1.0},{"damage":57,"enemies":"Automaton","floor":33,"turns":8}],"seed_played":"-7152482319677681463","potions_obtained":[{"floor":3.0,"key":"BottledMiracle"},{"floor":4.0,"key":"CultistPotion"},{"floor":4.0,"key":"Block Potion"},{"floor":7.0,"key":"Strength Potion"},{"floor":11.0,"key":"BlessingOfTheForge"},{"floor":12.0,"key":"Fire Potion"},{"floor":16.0,"key":"SkillPotion"},{"floor":24.0,"key":"SmokeBomb"}],"is_trial":false,"path_per_floor":["M","?","M","?","M","R","E","R","T","R","M","E","$","?","R","B",null,"M","?","M","$","M","R","M","M","T","R","?","$","?","?","R","B"],"character_chosen":"WATCHER","items_purchased":["Brilliance","ReachHeaven","PrismaticShard"],"campfire_rested":5,"item_purchase_floors":[13,21,29],"current_hp_per_floor":[72,72,72,72,72,72,50,71,71,71,53,27,27,27,48,21,72,45,45,24,24,20,42,4,5,5,27,27,27,27,44,53,4,4],"gold":122,"neow_bonus":"THREE_ENEMY_KILL","is_daily":false,"chose_seed":false,"campfire_upgraded":1,"win_rate":0.0,"timestamp":1608679921,"path_taken":["M","?","?","?","M","R","E","R","T","R","M","E","?","?","R","BOSS","M","?","?","?","?","R","M","M","T","R","?","$","?","?","R","BOSS"],"items_purchased_type":["Card","Card","Relic"],"build_version":"2020-12-13","purchased_purges":1,"victory":false,"max_hp_per_floor":[72,72,72,72,72,72,72,72,72,72,72,72,72,72,72,72,72,72,72,73,73,74,74,75,76,76,76,53,53,53,53,53,53,53],"card_choices":[{"not_picked":["SashWhip","FlyingSleeves"],"picked":"BattleHymn","floor":1.0},{"not_picked":["Collect","WindmillStrike"],"picked":"Prostrate","floor":3.0},{"not_picked":["FlyingSleeves","SashWhip"],"picked":"Prostrate","floor":5.0},{"not_picked":["ClearTheMind","BowlingBash"],"picked":"Halt","floor":7.0},{"not_picked":["Meditate","Indignation"],"picked":"WreathOfFlame","floor":11.0},{"not_picked":["MentalFortress+1","ClearTheMind"],"picked":"Prostrate","floor":12.0},{"not_picked":["Brilliance","MasterReality+1"],"picked":"Judgement","floor":16.0},{"not_picked":["Adaptation+1","CarveReality"],"picked":"CrushJoints","floor":18.0},{"not_picked":["Evaluate","BattleHymn+1"],"picked":"Protect","floor":20.0},{"not_picked":["FlurryOfBlows","FollowUp"],"picked":"Worship","floor":22.0},{"not_picked":["Protect","Collect+1"],"picked":"CrushJoints","floor":24.0}],"player_experience":401240,"relics_obtained":[{"floor":7.0,"key":"Frozen Egg 2"},{"floor":9.0,"key":"Sundial"},{"floor":12.0,"key":"Potion Belt"},{"floor":26.0,"key":"Lantern"}],"event_choices":[{"damage_healed":0.0,"max_hp_gain":0.0,"max_hp_loss":0.0,"gold_gain":0.0,"event_name":"Transmorgrifier","player_choice":"Ignored","floor":2.0,"gold_loss":0.0,"damage_taken":0.0},{"damage_healed":0.0,"max_hp_gain":0.0,"max_hp_loss":0.0,"gold_gain":0.0,"event_name":"Lab","player_choice":"Got Potions","floor":4.0,"gold_loss":0.0,"damage_taken":0.0},{"damage_healed":0.0,"max_hp_gain":0.0,"max_hp_loss":0.0,"gold_gain":0.0,"event_name":"Golden Idol","player_choice":"Take Wound","floor":14.0,"gold_loss":0.0,"damage_taken":0.0,"relics_obtained":["Golden Idol"],"cards_obtained":["Injury"]},{"damage_healed":0.0,"max_hp_gain":0.0,"max_hp_loss":0.0,"gold_gain":0.0,"event_name":"FaceTrader","player_choice":"Trade","floor":19.0,"gold_loss":0.0,"damage_taken":0.0,"relics_obtained":["FaceOfCleric"]},{"damage_healed":0.0,"max_hp_gain":0.0,"max_hp_loss":23.0,"gold_gain":0.0,"event_name":"Vampires","player_choice":"Became a vampire","floor":28.0,"gold_loss":0.0,"damage_taken":0.0,"cards_obtained":["Bite","Bite","Bite","Bite","Bite"]},{"damage_healed":0.0,"max_hp_gain":0.0,"max_hp_loss":0.0,"gold_gain":99.0,"event_name":"Nest","player_choice":"Stole From Cult","floor":30.0,"gold_loss":0.0,"damage_taken":0.0},{"damage_healed":17.0,"max_hp_gain":0.0,"max_hp_loss":0.0,"gold_gain":0.0,"event_name":"The Library","player_choice":"Heal","floor":31.0,"gold_loss":0.0,"damage_taken":0.0}],"is_beta":false,"boss_relics":[{"not_picked":["Fusion Hammer","Empty Cage"],"picked":"SlaversCollar"}],"items_purged_floors":[29],"is_endless":false,"potions_floor_spawned":[3,7,11,12,16,24,25],"killed_by":"Automaton","ascension_level":1}}