{"host":"l5mevpk3esucsgkj","time":1608613217,"event":{"mods":["BaseMod","BetterRewards","Downfall","Marisa£®ÏF”Í°°ƒß¿Ì…≥£©","Minty Spire (QoL Compilation)","Remilia£®¿Ÿ√◊¿Ú—«£©","Replay The Spire","Shop Mod","StSLib","The Servant 0.9.4","Youmu£®ªÍ∆«—˝√Œ£©"],"gold_per_floor":[9999,10011,10021,10035,10052,10083,10083,10083,10110,10110,10110,10110,8878,8878,8878,8878],"floor_reached":14,"playtime":1299,"items_purged":[],"score":90,"play_id":"1b5f2c0d-549a-4fc0-922e-ad94123f8230","local_time":"20201222130017","is_ascension_mode":false,"campfire_choices":[{"floor":7,"key":"REST"}],"circlet_count":0,"master_deck":["Slimebound:Strike_Slimebound","Slimebound:Strike_Slimebound","Slimebound:Strike_Slimebound","Slimebound:Tackle","Slimebound:Defend_Slimebound","Slimebound:Defend_Slimebound","Slimebound:Defend_Slimebound","Slimebound:Defend_Slimebound","Slimebound:CorrosiveSpit","Slimebound:SlimeTap","Slimebound:LeechingTouch","Slimebound:GrowthPunch+1","Slimebound:SplitLeeching","Slimebound:SplitMire","Slimebound:FinishingTackle","Slimebound:Overexert+1","Slimebound:Overexert+1","Secret Weapon","Slimebound:SplitAcid+1","Slimebound:AcidTongue","Replay:SS_fish_1"],"relics":["Slimebound:AbsorbEndCombat","Toy Ornithopter","Vajra","Lantern","Gremlin Horn","Pantograph","Girya","DollysMirror","MerchantsRug"],"acts_visited":["Exordium"],"potions_floor_usage":[6],"damage_taken":[{"damage":8,"enemies":"Cultist","floor":1,"turns":3},{"damage":4,"enemies":"2 Louse","floor":2,"turns":2},{"damage":14,"enemies":"Jaw Worm","floor":3,"turns":2},{"damage":4,"enemies":"Looter","floor":4,"turns":4},{"damage":14,"enemies":"2 Fungi Beasts","floor":5,"turns":3},{"damage":47,"enemies":"Gremlin Nob","floor":6,"turns":4},{"damage":30,"enemies":"3 Sentries","floor":14,"turns":3}],"seed_played":"4770326719383613827","potions_obtained":[{"floor":2,"key":"AttackPotion"},{"floor":3,"key":"Elixir"}],"is_trial":false,"path_per_floor":["M","M","M","M","M","E","R","?","T","T","?","?","$","E"],"character_chosen":"SLIMEBOUND","items_purchased":["Pantograph","Girya","DollysMirror","Secret Weapon","Slimebound:SplitAcid+1","Slimebound:AcidTongue","Replay:SS_fish_1","MerchantsRug"],"campfire_rested":1,"item_purchase_floors":[13,13,13,13,13,13,13,13],"current_hp_per_floor":[56,60,46,54,52,37,55,30,30,30,30,30,30,0,0,0],"gold":8878,"neow_bonus":"","is_daily":false,"chose_seed":false,"campfire_upgraded":0,"win_rate":0.0,"timestamp":1608613217,"path_taken":["M","M","?","M","M","E","R","?","T","?","?","?","$","E"],"items_purchased_type":["Relic","Relic","Relic","Card","Card","Card","Card","Relic"],"build_version":"2020-12-13","purchased_purges":0,"victory":false,"max_hp_per_floor":[60,60,60,60,60,60,60,60,60,60,60,60,60,60,60,60],"card_choices":[{"not_picked":["Slimebound:FinishingTackle","Slimebound:PressTheAttack"],"picked":"Slimebound:SlimeTap","floor":1},{"not_picked":["Slimebound:FinishingTackle","Slimebound:GoopSpray"],"picked":"Slimebound:LeechingTouch","floor":2},{"not_picked":["Slimebound:SlimeBrawl","Slimebound:ViciousTackle"],"picked":"Slimebound:GrowthPunch","floor":3},{"not_picked":["Slimebound:OozeBath","Slimebound:SamplingLick"],"picked":"Slimebound:SplitLeeching","floor":4},{"not_picked":["Slimebound:PressTheAttack","Slimebound:ComboTackle"],"picked":"Slimebound:SplitMire","floor":5},{"not_picked":["Slimebound:LeechingTouch","Slimebound:Chomp"],"picked":"Slimebound:FinishingTackle","floor":6}],"player_experience":17555,"relics_obtained":[{"floor":6,"key":"Toy Ornithopter"},{"floor":9,"key":"Lantern"},{"floor":10,"key":"Gremlin Horn"}],"event_choices":[{"damage_healed":0,"gold_gain":0,"player_choice":"Success","damage_taken":25,"relics_obtained":["Vajra"],"max_hp_gain":0,"max_hp_loss":0,"event_name":"Scrap Ooze","floor":8,"gold_loss":0},{"damage_healed":0,"gold_gain":0,"player_choice":"Grow","damage_taken":0,"max_hp_gain":0,"max_hp_loss":0,"event_name":"Living Wall","floor":12,"gold_loss":0,"cards_upgraded":["Slimebound:GrowthPunch"]}],"is_beta":false,"boss_relics":[],"items_purged_floors":[],"is_endless":false,"potions_floor_spawned":[2,3],"killed_by":"3 Sentries","ascension_level":0}}