{"host":"5qewjvycy34u7aeo","time":1608660642,"event":{"mods":["Act Like it!","Aspiration","BaseMod","Conspire","Downfall","GifTheSpireLib","Hubris","Infinite Spire","Minty Spire (QoL Compilation)","Permanent Neow","Replay The Spire","Shop Mod","StSLib","Stuff the Spire"],"gold_per_floor":[99,113,130,130,130,145,172,182,208,221,251,251,271,53,71,71,71,71],"floor_reached":16,"playtime":852,"items_purged":["Guardian:Defend_Guardian"],"score":125,"play_id":"7248e68c-d43c-455c-bed2-8098651721f9","local_time":"20201222101042","is_ascension_mode":true,"campfire_choices":[{"floor":1,"key":"RECALL"}],"circlet_count":0,"master_deck":["Guardian:Strike_Guardian","Guardian:Strike_Guardian","Guardian:Defend_Guardian","Guardian:Defend_Guardian","Guardian:Defend_Guardian","Guardian:CurlUp","Guardian:TwinSlam+1","Guardian:Gem_Blue","Guardian:BronzeOrb","Guardian:PiercingHide","Guardian:Gem_Green","Guardian:TemporalStrike","Guardian:ChargeUp","Guardian:Gem_Yellow","Guardian:Gem_Lightblue","Guardian:Gem_Purple","Guardian:TemporalStrike","Guardian:ChargeUp"],"relics":["PureWater","infinitespire:Cubic Diamond","Pen Nib","conspire:BottledYoYo","Oddly Smooth Stone"],"acts_visited":["Exordium"],"potions_floor_usage":[9,9,16,16],"damage_taken":[{"damage":0,"enemies":"Small Slimes","floor":2,"turns":3},{"damage":6,"enemies":"2 Louse","floor":3,"turns":2},{"damage":0,"enemies":"Cultist","floor":6,"turns":4},{"damage":8,"enemies":"3 Louse","floor":8,"turns":4},{"damage":13,"enemies":"Lagavulin","floor":9,"turns":8},{"damage":0,"enemies":"2 Fungi Beasts","floor":10,"turns":3},{"damage":10,"enemies":"3 Sentries","floor":11,"turns":10},{"damage":0,"enemies":"Blue Slaver","floor":13,"turns":3},{"damage":0,"enemies":"downfall:FleeingMerchant","floor":14,"turns":4},{"damage":13,"enemies":"Exordium Thugs","floor":15,"turns":4},{"damage":30,"enemies":"downfall:Defect","floor":16,"turns":6}],"seed_played":"-1754080277121757876","potions_obtained":[{"floor":3,"key":"Reflective Coating"},{"floor":8,"key":"Strength Potion"},{"floor":9,"key":"sneckomod:MuddlingPotion"},{"floor":11,"key":"Guardian:AcceleratePotion"}],"is_trial":false,"path_per_floor":["R","M","M","?","?","M","T","M","E","M","E","?","M","$","M","B"],"character_chosen":"GUARDIAN","items_purchased":["Guardian:Gem_Purple","Guardian:TemporalStrike"],"campfire_rested":0,"item_purchase_floors":[14,14],"current_hp_per_floor":[80,80,74,74,74,74,74,66,53,53,43,43,43,43,30,0,0,0],"gold":71,"neow_bonus":"REMOVE_CARD","is_daily":false,"chose_seed":false,"campfire_upgraded":0,"win_rate":0.0,"timestamp":1608660642,"path_taken":["R","M","M","?","?","M","T","?","E","M","E","?","M","$","M","BOSS"],"items_purchased_type":["Card","Card"],"build_version":"2020-12-13","purchased_purges":1,"victory":false,"max_hp_per_floor":[80,80,80,80,80,80,80,80,80,80,80,80,80,80,80,80,80,80],"card_choices":[{"not_picked":["Guardian:Recover","Guardian:ShieldCharger"],"picked":"Guardian:Gem_Blue","floor":2},{"not_picked":["Guardian:DonusPower","Guardian:Reroute","Guardian:Incinerate"],"picked":"SKIP","floor":3},{"not_picked":["Guardian:Gem_Green","Guardian:Suspension"],"picked":"Guardian:BronzeOrb","floor":6},{"not_picked":["Guardian:ShieldCharger","Guardian:Gem_Red"],"picked":"Guardian:PiercingHide","floor":8},{"not_picked":["Guardian:Recover","Guardian:GemFire"],"picked":"Guardian:Gem_Green","floor":9},{"not_picked":["Guardian:MultiBeam","Guardian:Gem_Green"],"picked":"Guardian:TemporalStrike","floor":10},{"not_picked":["Guardian:PolyBeam","Guardian:DonusPower"],"picked":"Guardian:ChargeUp","floor":11},{"not_picked":["Guardian:GuardianWhirl","Guardian:PiercingHide"],"picked":"Guardian:Gem_Yellow","floor":13},{"not_picked":["Guardian:Recover","Guardian:Gem_Blue"],"picked":"Guardian:Gem_Lightblue","floor":14},{"not_picked":["Guardian:Gem_Red","Guardian:PrismaticBarrier"],"picked":"Guardian:ChargeUp","floor":15}],"player_experience":394360,"relics_obtained":[{"floor":7,"key":"Pen Nib"},{"floor":9,"key":"conspire:BottledYoYo"},{"floor":11,"key":"Oddly Smooth Stone"}],"event_choices":[{"cards_removed":["Guardian:Strike_Guardian"],"damage_healed":0,"gold_gain":0,"player_choice":"Offered Basic","damage_taken":0,"max_hp_gain":0,"max_hp_loss":0,"event_name":"Bonfire Elementals","floor":5,"gold_loss":0}],"is_beta":false,"boss_relics":[],"items_purged_floors":[14],"is_endless":false,"potions_floor_spawned":[3,8,9,11],"killed_by":"downfall:Defect","ascension_level":2}}