{"host":"0i8dz4ityulxi1rd","time":1608619212,"event":{"mods":["BaseMod","Colored Map","Colored Powertips","Custom Start","Highlight Path","Hubris","Keyboard Shortcuts","Minty Spire (QoL Compilation)","StSLib","SuperFastMode","The Runesmith"],"gold_per_floor":[119,137,60,71,51,51,68,94,149,166,166,181,181,181],"floor_reached":13,"playtime":312,"items_purged":[],"score":174,"play_id":"6e00e556-a5ce-4dda-a464-e418c54f22c9","local_time":"20201222154012","is_ascension_mode":true,"campfire_choices":[{"data":"Chaos","floor":6,"key":"SMITH"},{"data":"Zap","floor":11,"key":"SMITH"}],"circlet_count":0,"master_deck":["AscendersBane","Strike_B","Strike_B","Strike_B","Strike_B","Defend_B","Defend_B","Defend_B","Defend_B","Zap+1","Dualcast","Turbo","Conserve Battery","Doom and Gloom","Chaos+1","Lockon","Chill","Sunder","hubris:Ukulele"],"relics":["Runesmith:UraniumAnvil","hubris:AstralHammer","hubris:SlimyHat"],"acts_visited":["Exordium"],"potions_floor_usage":[8,10,13,13],"damage_taken":[{"damage":0,"enemies":"Small Slimes","floor":1,"turns":3},{"damage":1,"enemies":"Cultist","floor":2,"turns":4},{"damage":2,"enemies":"Jaw Worm","floor":4,"turns":4},{"damage":18,"enemies":"3 Louse","floor":7,"turns":4},{"damage":36,"enemies":"Gremlin Nob","floor":8,"turns":4},{"damage":0,"enemies":"2 Fungi Beasts","floor":10,"turns":5},{"damage":3,"enemies":"Looter","floor":12,"turns":3},{"damage":20,"enemies":"Lagavulin","floor":13,"turns":4}],"seed_played":"8270056660180926690","potions_obtained":[{"floor":2,"key":"BlessingOfTheForge"},{"floor":5,"key":"DistilledChaos"},{"floor":8,"key":"SkillPotion"},{"floor":12,"key":"Fire Potion"}],"is_trial":false,"path_per_floor":["M","M","$","M","?","R","M","E","T","M","R","M","E"],"character_chosen":"DEFECT","items_purchased":["Doom and Gloom"],"campfire_rested":0,"item_purchase_floors":[3],"current_hp_per_floor":[64,63,63,61,61,61,43,7,7,7,7,4,0,0],"gold":181,"neow_bonus":"BOSS_RELIC","is_daily":false,"chose_seed":false,"campfire_upgraded":2,"win_rate":0.0,"timestamp":1608619212,"path_taken":["M","M","$","M","?","R","M","E","T","M","R","M","E"],"items_purchased_type":["Card"],"build_version":"2020-12-13","purchased_purges":0,"victory":false,"max_hp_per_floor":[71,71,71,71,71,71,71,71,71,71,71,71,71,71],"card_choices":[{"not_picked":["Hologram","Double Energy"],"picked":"Turbo","floor":1},{"not_picked":["Stack","Redo"],"picked":"Conserve Battery","floor":2},{"not_picked":["Leap","Melter"],"picked":"Chaos","floor":4},{"not_picked":["Compile Driver","Darkness"],"picked":"Lockon","floor":7},{"not_picked":["Heatsinks","Static Discharge"],"picked":"Chill","floor":8},{"not_picked":["Sweeping Beam","Cold Snap"],"picked":"Sunder","floor":10},{"not_picked":["Turbo","Compile Driver"],"picked":"hubris:Ukulele","floor":12}],"player_experience":1265652,"relics_obtained":[{"floor":8,"key":"hubris:AstralHammer"},{"floor":9,"key":"hubris:SlimyHat"}],"event_choices":[{"damage_healed":0,"gold_gain":0,"player_choice":"Bought 1 Potion","damage_taken":0,"max_hp_gain":0,"max_hp_loss":0,"event_name":"The Woman in Blue","floor":5,"gold_loss":0}],"is_beta":false,"boss_relics":[],"items_purged_floors":[],"is_endless":false,"potions_floor_spawned":[2,8,12],"killed_by":"Lagavulin","ascension_level":20}}