{"host":"Fun","time":1608655108,"event":{"mods":["BaseMod","Colored Map","Filter the Spire","Minty Spire (QoL Compilation)","Relic Stats","StSLib"],"gold_per_floor":[115,115,126,146,96,96,127,127,127,155,7,34,45,6,6,106,106,117,32,45,96,116,142,142,142,142,142,171,171,183,218,218,319,319,334,334,66,81,101,101,133,133,158,158,158,184,198,208,208,208],"floor_reached":51,"playtime":1730,"items_purged":["Strike_G"],"score":1286,"play_id":"5a38a556-4946-4e4d-96bb-3476dd7f0593","local_time":"20201222113828","is_ascension_mode":true,"campfire_choices":[{"data":"Poisoned Stab","floor":6.0,"key":"SMITH"},{"data":"Sucker Punch","floor":8.0,"key":"SMITH"},{"floor":15.0,"key":"REST"},{"floor":24.0,"key":"REST"},{"floor":27,"key":"REST"},{"data":"Neutralize","floor":29,"key":"SMITH"},{"floor":32,"key":"REST"},{"floor":40,"key":"REST"},{"floor":42,"key":"REST"},{"floor":49,"key":"REST"}],"circlet_count":0,"master_deck":["AscendersBane","Strike_G","Strike_G+1","Defend_G","Defend_G","Defend_G","Defend_G","Defend_G","Survivor","Neutralize+1","Phantasmal Killer+1","Underhanded Strike","Slice","Poisoned Stab+1","Sucker Punch+1","Dagger Spray","Crippling Poison","Blade Dance","Flechettes","Burst","Well Laid Plans+1","Deflect","Acrobatics","Cloak And Dagger","Cloak And Dagger","Backflip+1","Wraith Form v2","Dodge and Roll","Catalyst+1","Calculated Gamble+1","Madness","Madness","Venomology","PiercingWail","Backflip+1"],"relics":["Ring of the Snake","WarpedTongs","Mercury Hourglass","Pen Nib","Question Card","Membership Card","Akabeko","Philosopher\u0027s Stone","Tingsha","Potion Belt","Letter Opener","Paper Crane","Ninja Scroll","Red Mask","Runic Dome","Shuriken","Bag of Marbles","Centennial Puzzle","Blood Vial","Darkstone Periapt"],"acts_visited":["Exordium","TheCity","TheBeyond"],"potions_floor_usage":[25,33,39,47,48,50],"damage_taken":[{"damage":0.0,"enemies":"Jaw Worm","floor":1.0,"turns":4.0},{"damage":0.0,"enemies":"Small Slimes","floor":3.0,"turns":2.0},{"damage":1.0,"enemies":"2 Louse","floor":4.0,"turns":3.0},{"damage":4.0,"enemies":"3 Sentries","floor":7.0,"turns":5.0},{"damage":13.0,"enemies":"Gremlin Nob","floor":10.0,"turns":3.0},{"damage":0.0,"enemies":"3 Sentries","floor":12.0,"turns":4.0},{"damage":0.0,"enemies":"Exordium Wildlife","floor":13.0,"turns":2.0},{"damage":32.0,"enemies":"The Guardian","floor":16.0,"turns":9.0},{"damage":0.0,"enemies":"3 Byrds","floor":18.0,"turns":3.0},{"damage":16.0,"enemies":"Shell Parasite","floor":20.0,"turns":2.0},{"damage":13.0,"enemies":"Centurion and Healer","floor":22.0,"turns":3.0},{"damage":9.0,"enemies":"Gremlin Leader","floor":23.0,"turns":5.0},{"damage":0,"enemies":"Book of Stabbing","floor":25,"turns":1},{"damage":25,"enemies":"Slavers","floor":28,"turns":4},{"damage":12,"enemies":"Snecko","floor":30,"turns":5},{"damage":0,"enemies":"Masked Bandits","floor":31,"turns":2},{"damage":31,"enemies":"Champ","floor":33,"turns":14},{"damage":7,"enemies":"Orb Walker","floor":35,"turns":2},{"damage":0,"enemies":"3 Shapes","floor":38,"turns":3},{"damage":28,"enemies":"Transient","floor":39,"turns":5},{"damage":16,"enemies":"Nemesis","floor":41,"turns":5},{"damage":0,"enemies":"Reptomancer","floor":46,"turns":4},{"damage":10,"enemies":"Sphere and 2 Shapes","floor":47,"turns":4},{"damage":3,"enemies":"Writhing Mass","floor":48,"turns":3},{"damage":28,"enemies":"Awakened One","floor":50,"turns":12}],"seed_played":"3260525036746937988","potions_obtained":[{"floor":3.0,"key":"AttackPotion"},{"floor":7.0,"key":"EssenceOfSteel"},{"floor":12.0,"key":"Dexterity Potion"},{"floor":18.0,"key":"SmokeBomb"},{"floor":28,"key":"Fruit Juice"},{"floor":38,"key":"Dexterity Potion"},{"floor":41,"key":"SpeedPotion"},{"floor":47,"key":"Regen Potion"}],"is_trial":false,"path_per_floor":["M","?","M","M","?","R","E","R","T","E","$","E","M","$","R","B",null,"M","?","M","T","M","E","R","E","T","R","E","R","M","?","R","B",null,"M","?","$","M","M","R","E","R","T","?","?","E","M","M","R","B",null],"character_chosen":"THE_SILENT","items_purchased":["Membership Card","Flechettes","Shuriken","Dodge and Roll","Bag of Marbles"],"campfire_rested":7,"item_purchase_floors":[11,14,37,37,37],"current_hp_per_floor":[63,49,49,48,48,48,44,44,44,31,31,31,31,31,52,20,58,58,58,42,42,29,20,41,41,41,62,37,37,25,25,46,20,61,54,54,54,54,26,48,32,54,54,54,45,47,39,47,69,43],"gold":208,"neow_bonus":"ONE_RANDOM_RARE_CARD","is_daily":false,"chose_seed":false,"campfire_upgraded":3,"win_rate":0.0,"timestamp":1608655108,"path_taken":["M","?","M","M","?","R","E","R","T","E","$","E","M","?","R","BOSS","M","?","M","?","M","E","R","E","T","R","E","R","?","?","R","BOSS","M","?","$","M","M","R","E","R","T","?","?","E","M","M","R","BOSS"],"items_purchased_type":["Relic","Card","Relic","Card","Relic"],"build_version":"2020-12-18","purchased_purges":1,"victory":true,"max_hp_per_floor":[70,70,70,70,70,70,70,70,70,70,70,70,70,70,70,70,70,70,70,70,70,70,70,70,70,70,70,70,70,70,70,70,75,75,75,75,75,75,75,75,75,75,75,75,75,75,75,75,75,75],"relic_stats":{"Darkstone Periapt":0,"counters":[25,108],"Tingsha":[69],"Pen Nib":[28],"Letter Opener":[197],"Question Card":18,"WarpedTongs":[108],"Mercury Hourglass":[335],"Blood Vial":8,"Centennial Puzzle":[9],"Shuriken":[25],"obtain_stats":[{"Potion Belt":21,"Darkstone Periapt":46,"Tingsha":19,"Pen Nib":9,"Letter Opener":23,"Paper Crane":26,"Question Card":10,"Akabeko":12,"WarpedTongs":0,"Mercury Hourglass":7,"Blood Vial":43,"Runic Dome":34,"Centennial Puzzle":41,"Ninja Scroll":28,"Shuriken":37,"Philosopher\u0027s Stone":17,"Red Mask":31,"Bag of Marbles":37,"Membership Card":11,"Ring of the Snake":0},{"Potion Belt":10,"Darkstone Periapt":22,"Tingsha":9,"Pen Nib":4,"Letter Opener":12,"Paper Crane":13,"Question Card":5,"Akabeko":6,"WarpedTongs":0,"Mercury Hourglass":4,"Blood Vial":21,"Runic Dome":17,"Centennial Puzzle":21,"Ninja Scroll":14,"Shuriken":18,"Philosopher\u0027s Stone":8,"Red Mask":16,"Bag of Marbles":18,"Membership Card":5,"Ring of the Snake":0},{"Potion Belt":36,"Darkstone Periapt":89,"Tingsha":34,"Pen Nib":14,"Letter Opener":44,"Paper Crane":45,"Question Card":17,"Akabeko":21,"WarpedTongs":0,"Mercury Hourglass":14,"Blood Vial":85,"Runic Dome":70,"Centennial Puzzle":85,"Ninja Scroll":49,"Shuriken":72,"Philosopher\u0027s Stone":31,"Red Mask":56,"Bag of Marbles":72,"Membership Card":17,"Ring of the Snake":0}],"Ring of the Snake":[50]},"card_choices":[{"not_picked":["Accuracy","Calculated Gamble"],"picked":"Underhanded Strike","floor":1.0},{"not_picked":["PiercingWail","Outmaneuver"],"picked":"Slice","floor":3.0},{"not_picked":["Dodge and Roll","Terror"],"picked":"Poisoned Stab","floor":4.0},{"not_picked":["Expertise","Wraith Form v2"],"picked":"Sucker Punch","floor":7.0},{"not_picked":["Outmaneuver","Underhanded Strike"],"picked":"Dagger Spray","floor":10.0},{"not_picked":["Predator","Sucker Punch","Bane"],"picked":"Crippling Poison","floor":12.0},{"not_picked":["Flying Knee","Eviscerate","Accuracy"],"picked":"Blade Dance","floor":13.0},{"not_picked":["Storm of Steel","Die Die Die","Bullet Time"],"picked":"Burst","floor":16.0},{"not_picked":["Deadly Poison","Deflect","Underhanded Strike"],"picked":"Well Laid Plans+1","floor":18.0},{"not_picked":["Slice+1","Skewer+1","Dagger Throw"],"picked":"Deflect","floor":20.0},{"not_picked":["Predator+1","Backstab","Deadly Poison"],"picked":"Acrobatics","floor":22.0},{"not_picked":["PiercingWail","Blade Dance+1","Die Die Die"],"picked":"Cloak And Dagger","floor":23.0},{"not_picked":["Underhanded Strike","Bane","Tactician","Choke+1"],"picked":"SKIP","floor":28},{"not_picked":["Slice+1","Acrobatics","Blade Dance"],"picked":"Cloak And Dagger","floor":30},{"not_picked":["PiercingWail+1","Flying Knee","Expertise"],"picked":"Backflip+1","floor":31},{"not_picked":["Malaise","Night Terror","Burst"],"picked":"Wraith Form v2","floor":33},{"not_picked":["Flying Knee+1","Underhanded Strike","Bane+1","Setup+1"],"picked":"SKIP","floor":35},{"not_picked":["Slice","Deadly Poison+1","Flying Knee","Sucker Punch"],"picked":"SKIP","floor":38},{"not_picked":["Bane+1","Escape Plan","Dodge and Roll"],"picked":"Catalyst+1","floor":39},{"not_picked":["Quick Slash","Accuracy","Deflect+1"],"picked":"Calculated Gamble+1","floor":41},{"not_picked":["Prepared","Blade Dance+1","Cloak And Dagger"],"picked":"Venomology","floor":46},{"not_picked":["Deflect+1","Eviscerate","Quick Slash+1"],"picked":"PiercingWail","floor":47},{"not_picked":["Riddle With Holes","Dash","Dagger Throw"],"picked":"Backflip+1","floor":48}],"player_experience":81013,"relics_obtained":[{"floor":7.0,"key":"Mercury Hourglass"},{"floor":9.0,"key":"Pen Nib"},{"floor":10.0,"key":"Question Card"},{"floor":12.0,"key":"Akabeko"},{"floor":21.0,"key":"Potion Belt"},{"floor":23.0,"key":"Letter Opener"},{"floor":26,"key":"Paper Crane"},{"floor":28,"key":"Ninja Scroll"},{"floor":31,"key":"Red Mask"},{"floor":41,"key":"Centennial Puzzle"},{"floor":43,"key":"Blood Vial"},{"floor":46,"key":"Darkstone Periapt"}],"event_choices":[{"damage_healed":0.0,"max_hp_gain":0.0,"max_hp_loss":0.0,"gold_gain":0.0,"event_name":"Shining Light","player_choice":"Entered Light","floor":2.0,"gold_loss":0.0,"damage_taken":14.0,"cards_upgraded":["Strike_G","Phantasmal Killer"]},{"cards_removed":["Strike_G"],"damage_healed":0.0,"max_hp_gain":0.0,"max_hp_loss":0.0,"gold_gain":0.0,"event_name":"The Cleric","player_choice":"Card Removal","floor":5.0,"gold_loss":50.0,"damage_taken":0.0},{"damage_healed":0.0,"max_hp_gain":0.0,"max_hp_loss":0.0,"gold_gain":0.0,"event_name":"Addict","player_choice":"Obtained Relic","floor":19.0,"gold_loss":85.0,"damage_taken":0.0,"relics_obtained":["Tingsha"]},{"damage_healed":0,"gold_gain":0,"player_choice":"Fought Bandits","damage_taken":0,"max_hp_gain":0,"max_hp_loss":0,"event_name":"Masked Bandits","floor":31,"gold_loss":0},{"damage_healed":0,"gold_gain":0,"player_choice":"Ignored","damage_taken":0,"max_hp_gain":0,"max_hp_loss":0,"event_name":"Mysterious Sphere","floor":36,"gold_loss":0},{"cards_removed":["Strike_G"],"damage_healed":0,"gold_gain":0,"player_choice":"Removed Attack","damage_taken":0,"max_hp_gain":0,"max_hp_loss":0,"event_name":"Falling","floor":44,"gold_loss":0},{"damage_healed":0,"gold_gain":0,"player_choice":"Embrace Madness","damage_taken":9,"max_hp_gain":0,"max_hp_loss":0,"event_name":"Winding Halls","floor":45,"gold_loss":0,"cards_obtained":["Madness","Madness"]}],"is_beta":true,"boss_relics":[{"not_picked":["WristBlade","Velvet Choker"],"picked":"Philosopher\u0027s Stone"},{"not_picked":["HoveringKite","Ring of the Serpent"],"picked":"Runic Dome"}],"items_purged_floors":[37],"is_endless":false,"potions_floor_spawned":[3,7,12,13,16,18,20,25,28,38,41,47],"ascension_level":11}}