{"host":"709gjpjg43u3i5a8","time":1608598894,"event":{"mods":["BaseMod","Colored Map","Colored Powertips","Downfall","Hermit","Hubris","Infinite Spire","Marisa????????","Minty Spire (QoL Compilation)","Remilia??????","StSLib","Td1madao Mod","The Animator","The Bug Knight","The Cursed","The Disciple","The Hierophant","The Jungle","The Servant 0.9.4"],"gold_per_floor":[122,122,72,72,109,153,153,153,153,161,161],"floor_reached":10,"playtime":670,"items_purged":[],"score":64,"play_id":"69d1df7e-5842-4920-862d-b7a31208215e","local_time":"20201221180134","is_ascension_mode":false,"campfire_choices":[{"floor":7,"key":"REST"}],"circlet_count":0,"master_deck":["animator:Strike_Konosuba","animator:Defend_Konosuba","animator:Strike+1","animator:Strike","animator:Strike","animator:Defend","animator:Defend+1","animator:Kazuma","animator:Aqua","animator:Emonzaemon","animator:Megumin+2","animator:Chris"],"relics":["animator:LivingPicture","animator:TheMissingPiece","Golden Idol","Happy Flower","hubris:BottledRain"],"acts_visited":["Exordium"],"potions_floor_usage":[6],"damage_taken":[{"damage":9,"enemies":"Jaw Worm","floor":1,"turns":7},{"damage":0,"enemies":"2 Louse","floor":5,"turns":3},{"damage":28,"enemies":"Gremlin Nob","floor":6,"turns":5},{"damage":37,"enemies":"3 Sentries","floor":10,"turns":9}],"seed_played":"-8924577413831212143","potions_obtained":[{"floor":1,"key":"hexamod:EctoCoolerPotion"}],"is_trial":false,"path_per_floor":["M","?","?","?","M","E","R","?","T","E"],"character_chosen":"THE_ANIMATOR","items_purchased":[],"campfire_rested":1,"item_purchase_floors":[],"current_hp_per_floor":[63,49,49,31,33,8,29,34,34,0,0],"gold":161,"neow_bonus":"TEN_PERCENT_HP_BONUS","is_daily":false,"chose_seed":false,"campfire_upgraded":0,"win_rate":0.0,"timestamp":1608598894,"path_taken":["M","?","?","?","?","E","R","?","T","E"],"items_purchased_type":[],"build_version":"2020-12-13","purchased_purges":0,"victory":false,"max_hp_per_floor":[72,72,72,72,72,73,73,78,78,78,78],"card_choices":[{"not_picked":["animator:Yoichi","animator:Guy"],"picked":"animator:Emonzaemon","floor":1},{"not_picked":["animator:Sonic","animator:Chris"],"picked":"animator:Megumin","floor":5},{"not_picked":["animator:Viivi","animator:Shuna"],"picked":"animator:Chris","floor":6}],"player_experience":361505,"relics_obtained":[{"floor":6,"key":"Happy Flower"},{"floor":9,"key":"hubris:BottledRain"}],"event_choices":[{"damage_healed":0,"gold_gain":0,"player_choice":"Entered Light","damage_taken":14,"max_hp_gain":0,"max_hp_loss":0,"event_name":"Shining Light","floor":2,"gold_loss":0,"cards_upgraded":["animator:Strike","animator:Defend"]},{"cards_removed":["animator:Defend"],"damage_healed":0,"gold_gain":0,"player_choice":"Card Removal","damage_taken":0,"max_hp_gain":0,"max_hp_loss":0,"event_name":"The Cleric","floor":3,"gold_loss":50},{"damage_healed":0,"gold_gain":0,"player_choice":"Take Damage","damage_taken":18,"relics_obtained":["Golden Idol"],"max_hp_gain":0,"max_hp_loss":0,"event_name":"Golden Idol","floor":4,"gold_loss":0},{"damage_healed":0,"gold_gain":0,"player_choice":"Donut","damage_taken":0,"max_hp_gain":5,"max_hp_loss":0,"event_name":"Big Fish","floor":8,"gold_loss":0}],"is_beta":false,"boss_relics":[],"items_purged_floors":[],"is_endless":false,"potions_floor_spawned":[1],"killed_by":"3 Sentries","ascension_level":0}}