{"host":"8h3glbk9j4k4ylc4","time":1608649866,"event":{"mods":["AchievementEnabler","Act Like it!","BaseMod","Colored Map","Colored Powertips","Energized Spire","Gensokyo","Hallownest","Hermit","Hubris","Infinite Spire","Jorbs\u0027s Wanderer Trilogy","Lobotomy","Marisa????????","Minty Spire (QoL Compilation)","Replay The Spire","Somnambulant","StSLib","Td1madao Mod","The Bug Knight","The Judge"],"gold_per_floor":[217,236,252,19,19,19,19,19,73,73,49,91,91,91,91,469,469,513,473,473,473,196,250,250,295,295,334,334,334,334,388,388,518,518,533,533,29,29,98,118,118],"floor_reached":40,"playtime":2348,"items_purged":["Voices","Strike_MRS","Strike_MRS"],"score":512,"play_id":"ce1a9192-e9be-4d4d-9f89-ff356fc61ed6","local_time":"20201222171106","is_ascension_mode":true,"campfire_choices":[{"data":"Gensokyo:LittleGreenMen","floor":6,"key":"SMITH"},{"data":"EarthLightRay","floor":10,"key":"SMITH"},{"data":"EnergyFlow","floor":15,"key":"SMITH"},{"data":"AsteroidBelt","floor":24,"key":"SMITH"},{"floor":28,"key":"REST"},{"data":"hubris:InfiniteBlow+1","floor":32,"key":"SMITH"}],"circlet_count":0,"master_deck":["Defend_MRS+1","MasterSpark","UpSweep","MachineGunSpark","LuminesStrike","ChargingUp+1","Gensokyo:LittleGreenMen+1","LuminesStrike","EarthLightRay+1","WitchOfGreed+1","EnergyFlow+1","CollectingQuirk+1","Writhe","Gensokyo:AllTheWorldsEvil","AsteroidBelt+1","ManaConvection","SprinkleStarSeal+1","OneTimeOff","hubris:InfiniteBlow+2","DC+1","BinaryStars","MagicAbsorber+1"],"relics":["MiniHakkero","ReplayTheSpireMod:Ring of Challenge","MealTicket","Juzu Bracelet","RampagingMagicTools","War Paint","WingedGreaves","Matryoshka","Empty Cage","SimpleLauncher","Omamori","energizedSpire:OgreHead","Replay:Bandana","Mirror"],"acts_visited":["Gensokyo:Gensokyo","Gensokyo:Gensokyoer","Gensokyo:Gensokyoest"],"potions_floor_usage":[12,16,25,27,31,33,33,40,40,40],"damage_taken":[{"damage":7,"enemies":"Gensokyo:Gryphon","floor":1,"turns":3},{"damage":5,"enemies":"Gensokyo:2_Kodama","floor":2,"turns":3},{"damage":0,"enemies":"Gensokyo:3_Fairies","floor":3,"turns":3},{"damage":28,"enemies":"Gensokyo:Aya","floor":12,"turns":5},{"damage":56,"enemies":"Gensokyo:Yukari","floor":16,"turns":9},{"damage":19,"enemies":"Gensokyo:2_Gloops","floor":18,"turns":5},{"damage":36,"enemies":"Gensokyo:Reisen","floor":23,"turns":5},{"damage":1,"enemies":"Gensokyo:CosmicMonolith","floor":25,"turns":2},{"damage":32,"enemies":"Gensokyo:Slime_Group","floor":27,"turns":4},{"damage":0,"enemies":"Gensokyo:Koishi","floor":31,"turns":4},{"damage":47,"enemies":"Gensokyo:Eternal_Rivals","floor":33,"turns":9},{"damage":3,"enemies":"Gensokyo:AncientGuardian","floor":35,"turns":2},{"damage":14,"enemies":"Gensokyo:3_Boulders","floor":39,"turns":6},{"damage":68,"enemies":"Gensokyo:Kasen","floor":40,"turns":3}],"seed_played":"2790162788638492606","potions_obtained":[{"floor":3,"key":"LiquidBronze"},{"floor":12,"key":"Explosive Potion"},{"floor":12,"key":"DistilledChaos"},{"floor":16,"key":"PowerPotion"},{"floor":18,"key":"Adrenaline Potion"},{"floor":23,"key":"Doom Potion"},{"floor":25,"key":"Energy Potion"},{"floor":25,"key":"DuplicationPotion"},{"floor":27,"key":"PowerPotion"},{"floor":31,"key":"BottledSpark"},{"floor":33,"key":"Energy Potion"},{"floor":33,"key":"Energy Potion"}],"is_trial":false,"path_per_floor":["M","M","M","COS","?","R","$","?","T","R","$","E","?","?","R","B",null,"M","?","?","?","$","E","R","M","T","M","R","AVR","?","E","R","B",null,"M","?","$","?","M","E"],"character_chosen":"MARISA","items_purchased":["WitchOfGreed","AsteroidBelt","War Paint","Replay:Bandana","Mirror"],"campfire_rested":1,"item_purchase_floors":[11,22,22,37,37],"current_hp_per_floor":[68,63,63,63,63,63,63,63,63,63,75,53,53,53,53,3,75,56,56,56,56,71,39,39,44,44,18,40,40,40,46,46,5,75,72,72,75,75,63,0,0],"gold":118,"neow_bonus":"HUNDRED_GOLD","is_daily":false,"chose_seed":false,"campfire_upgraded":5,"win_rate":0.0,"timestamp":1608649866,"path_taken":["M","M","M","COS","?","R","$","?","T","R","?","E","?","?","R","BOSS","M","?","?","?","$","E","R","M","T","M","R","AVR","?","E","R","BOSS","M","?","$","?","M","E"],"items_purchased_type":["Card","Card","Relic","Relic","Relic"],"build_version":"2020-12-13","purchased_purges":3,"victory":false,"max_hp_per_floor":[75,75,75,75,75,75,75,75,75,75,75,75,75,75,75,75,75,75,75,75,75,75,75,75,75,75,75,75,75,75,75,75,75,75,75,75,75,75,75,75,75],"card_choices":[{"not_picked":["MeteoricShower","StarBarrage"],"picked":"MachineGunSpark","floor":1},{"not_picked":["EnergyFlow","GravityBeat"],"picked":"LuminesStrike","floor":2},{"not_picked":["NonDirectionalLaser","ManaConvection"],"picked":"ChargingUp","floor":3},{"not_picked":["6A","NonDirectionalLaser"],"picked":"LuminesStrike","floor":5},{"not_picked":["GasGiant","6A"],"picked":"EarthLightRay","floor":5},{"not_picked":["6A","PulseMagic"],"picked":"EnergyFlow","floor":12},{"not_picked":["MaximisePower","AbsoluteMagnitude"],"picked":"CollectingQuirk","floor":16},{"not_picked":["EventHorizon","ChargingUp","PowerUp"],"picked":"SKIP","floor":18},{"not_picked":["Acceleration","PowerUp"],"picked":"ManaConvection","floor":23},{"not_picked":["GalacticHalo","SporeBomb"],"picked":"SprinkleStarSeal+1","floor":25},{"not_picked":["LuminesStrike+1","Robbery+1"],"picked":"OneTimeOff","floor":27},{"not_picked":["MeteoricShower","ChargingUp"],"picked":"DC+1","floor":31},{"not_picked":["FinalSpark","ManaRampage"],"picked":"BinaryStars","floor":33},{"not_picked":["GrandCross","6A+1","EnergyFlow"],"picked":"SKIP","floor":35},{"not_picked":["StarBarrage","PulseMagic"],"picked":"MagicAbsorber+1","floor":39}],"player_experience":303500,"relics_obtained":[{"floor":8,"key":"ReplayTheSpireMod:Ring of Challenge"},{"floor":9,"key":"MealTicket"},{"floor":12,"key":"Juzu Bracelet"},{"floor":23,"key":"WingedGreaves"},{"floor":26,"key":"Matryoshka"},{"floor":31,"key":"Omamori"}],"event_choices":[],"is_beta":false,"boss_relics":[{"not_picked":["Abe\u0027s Treasure","Replay:Drink Me"],"picked":"RampagingMagicTools"},{"not_picked":["energizedSpire:SpiderWeb","Kintsugi"],"picked":"energizedSpire:OgreHead"}],"items_purged_floors":[22,29,37],"is_endless":false,"potions_floor_spawned":[3,12,25,27,33],"killed_by":"Gensokyo:Kasen","ascension_level":1}}