{"host":"2hea6pl5vmah38iy","time":1608632594,"event":{"mods":["AchievementEnabler","BaseMod","Colored Map","DeckTracker","Keyboard Shortcuts","Minty Spire (QoL Compilation)","Rare Cards Sparkle","StSLib","SuperFastMode","everything is the same but u backflip on backflip"],"gold_per_floor":[118,193,209,223,33,33,44,44,44,76,95,129,13,13,13,13,13],"floor_reached":16,"playtime":579,"items_purged":[],"score":275,"play_id":"75f1fb94-5657-466d-8a6e-8fc06f27cc4d","local_time":"20201222192314","is_ascension_mode":true,"campfire_choices":[{"data":"Heavy Blade","floor":6,"key":"SMITH"},{"data":"Inflame","floor":8,"key":"SMITH"},{"data":"Limit Break","floor":15,"key":"SMITH"}],"circlet_count":0,"master_deck":["AscendersBane","Strike_R","Strike_R","Strike_R","Strike_R","Strike_R","Defend_R","Defend_R","Defend_R","Defend_R","Bash","Shrug It Off","Inflame+1","Heavy Blade+1","Sword Boomerang","Carnage","Dual Wield","Limit Break+1","Burning Pact","Battle Trance","Inflame"],"relics":["Burning Blood","TungstenRod","ClockworkSouvenir","InkBottle","Letter Opener","Question Card"],"acts_visited":["Exordium"],"potions_floor_usage":[12,14,16],"damage_taken":[{"damage":6.0,"enemies":"Small Slimes","floor":1.0,"turns":4.0},{"damage":5,"enemies":"Cultist","floor":3,"turns":3},{"damage":13,"enemies":"Jaw Worm","floor":4,"turns":4},{"damage":19,"enemies":"3 Louse","floor":7,"turns":3},{"damage":20,"enemies":"3 Sentries","floor":10,"turns":6},{"damage":10,"enemies":"Looter","floor":11,"turns":2},{"damage":14,"enemies":"Gremlin Nob","floor":12,"turns":4},{"damage":7,"enemies":"Exordium Thugs","floor":14,"turns":2},{"damage":20,"enemies":"Hexaghost","floor":16,"turns":7}],"seed_played":"4646578478292201081","potions_obtained":[{"floor":3,"key":"Weak Potion"},{"floor":10,"key":"LiquidMemories"},{"floor":11,"key":"DuplicationPotion"},{"floor":12,"key":"SmokeBomb"}],"is_trial":false,"path_per_floor":["M","?","M","M","$","R","M","R","T","E","M","E","$","M","R","B"],"character_chosen":"IRONCLAD","items_purchased":["ClockworkSouvenir","Sword Boomerang","Battle Trance","Inflame"],"campfire_rested":0,"item_purchase_floors":[5,5,13,13],"current_hp_per_floor":[68,63,64,57,57,57,44,44,44,30,26,18,18,17,17,0,0],"gold":13,"neow_bonus":"ONE_RARE_RELIC","is_daily":false,"chose_seed":false,"campfire_upgraded":3,"win_rate":0.0,"timestamp":1608632594,"path_taken":["M","?","?","M","$","R","M","R","T","E","M","E","$","M","R","BOSS"],"items_purchased_type":["Relic","Card","Card","Card"],"build_version":"2020-12-13","purchased_purges":0,"victory":false,"max_hp_per_floor":[68,68,68,68,68,68,68,68,68,68,68,68,68,68,68,68,68],"card_choices":[{"not_picked":["Flex","Disarm"],"picked":"Shrug It Off","floor":1.0},{"not_picked":["Entrench","Reckless Charge"],"picked":"Inflame","floor":3},{"not_picked":["Clash","Thunderclap"],"picked":"Heavy Blade","floor":4},{"not_picked":["Wild Strike","Iron Wave"],"picked":"Carnage","floor":7},{"not_picked":["True Grit","Sword Boomerang"],"picked":"Dual Wield","floor":10},{"not_picked":["Dual Wield","Wild Strike"],"picked":"Limit Break","floor":11},{"not_picked":["Armaments","Limit Break"],"picked":"Burning Pact","floor":12}],"player_experience":438938,"relics_obtained":[{"floor":9,"key":"InkBottle"},{"floor":10,"key":"Letter Opener"},{"floor":12,"key":"Question Card"}],"event_choices":[{"damage_healed":0,"gold_gain":75,"player_choice":"Touch","damage_taken":6,"max_hp_gain":0,"max_hp_loss":0,"event_name":"FaceTrader","floor":2,"gold_loss":0}],"is_beta":false,"boss_relics":[],"items_purged_floors":[],"is_endless":false,"potions_floor_spawned":[3,10,11,12],"killed_by":"Hexaghost","ascension_level":14}}