{"host":"we8ay8el3o9pwc2d","time":1608601156,"event":{"mods":["Act Like it!","Aspiration","BaseMod","BetterRewards","Colored Map","Conspire","Elementarium","GungeonMod","Minty Spire (QoL Compilation)","StSLib","The Jungle"],"gold_per_floor":[109,124,124,157,157,184,200,200,200,215,290,290,306,325,325,422,422,433,448,229,247,247,267,287,287,287,313,313,326,345,356,356,356,356],"floor_reached":33,"playtime":3471,"items_purged":["Strike_G"],"score":353,"play_id":"b12ea1ec-3cfb-4a83-8aa3-e9269401afb1","local_time":"20201221183916","is_ascension_mode":false,"campfire_choices":[{"floor":8,"key":"REST"},{"data":"Noxious Fumes","floor":12,"key":"SMITH"},{"floor":15,"key":"RECALL"},{"floor":28,"key":"REST"},{"floor":32,"key":"REST"}],"circlet_count":0,"master_deck":["Strike_G","Strike_G","Strike_G","Strike_G","Defend_G","Defend_G","Defend_G","Defend_G","Defend_G","Survivor","Neutralize","Poisoned Stab","Deflect","Noxious Fumes+1","Slice","Poisoned Stab","Flying Knee","Backstab","Bane","Unload","Catalyst","Noxious Fumes","Sucker Punch+1"],"relics":["Ring of the Serpent","Membership Card","Matryoshka","White Beast Statue","Gremlin Horn","DemoMod:WhiteGuonStone","Anchor","Nloth\u0027s Gift","aspiration:RitualStick","CeramicFish","DemoMod:SerJunkan","DemoMod:Junk"],"acts_visited":["Exordium","TheCity"],"potions_floor_usage":[4,13,16,19,23,23,24,30,30,31,33,33],"damage_taken":[{"damage":0,"enemies":"2 Louse","floor":1,"turns":4},{"damage":0,"enemies":"Small Slimes","floor":2,"turns":3},{"damage":10,"enemies":"conspire:MimicChest","floor":4,"turns":5},{"damage":16,"enemies":"3 Sentries","floor":6,"turns":8},{"damage":1,"enemies":"Cultist","floor":7,"turns":4},{"damage":0,"enemies":"Blue Slaver","floor":10,"turns":3},{"damage":0,"enemies":"Exordium Wildlife","floor":13,"turns":3},{"damage":0,"enemies":"Exordium Thugs","floor":14,"turns":3},{"damage":6,"enemies":"Slime Boss","floor":16,"turns":8},{"damage":9,"enemies":"Chosen","floor":18,"turns":5},{"damage":4,"enemies":"2 Thieves","floor":19,"turns":3},{"damage":32,"enemies":"Sentry and Sphere","floor":21,"turns":6},{"damage":3,"enemies":"Snake Plant","floor":23,"turns":5},{"damage":7,"enemies":"Shelled Parasite and Fungi","floor":24,"turns":5},{"damage":13,"enemies":"Chosen and Byrds","floor":29,"turns":6},{"damage":1,"enemies":"Centurion and Healer","floor":30,"turns":7},{"damage":7,"enemies":"3 Cultists","floor":31,"turns":6},{"damage":45,"enemies":"Champ","floor":33,"turns":10}],"seed_played":"7928511203410091404","potions_obtained":[{"floor":2,"key":"Weak Potion"},{"floor":6,"key":"LiquidMemories"},{"floor":7,"key":"Fire Potion"},{"floor":10,"key":"Energy Potion"},{"floor":13,"key":"SkillPotion"},{"floor":14,"key":"DuplicationPotion"},{"floor":16,"key":"Fire Potion"},{"floor":19,"key":"FearPotion"},{"floor":23,"key":"Energy Potion"},{"floor":24,"key":"SteroidPotion"},{"floor":29,"key":"LiquidMemories"},{"floor":30,"key":"Swift Potion"},{"floor":31,"key":"Swift Potion"}],"is_trial":false,"path_per_floor":["M","M","?","?","?","E","M","R","T","M","?","R","M","M","R","B",null,"M","M","$","M","?","M","M","?","T","T","R","M","M","M","R","B"],"character_chosen":"THE_SILENT","items_purchased":["Membership Card","Poisoned Stab","Noxious Fumes","DemoMod:WhiteGuonStone","Anchor"],"campfire_rested":3,"item_purchase_floors":[0,0,20,20,20],"current_hp_per_floor":[62,62,59,49,49,33,32,53,53,53,42,42,47,52,52,65,70,61,57,57,31,31,28,21,7,7,7,28,15,14,7,28,0,0],"gold":356,"neow_bonus":"","is_daily":false,"chose_seed":false,"campfire_upgraded":1,"win_rate":0.0,"timestamp":1608601156,"path_taken":["M","M","?","?","?","E","M","R","T","M","?","R","M","M","R","BOSS","M","M","$","M","?","M","?","?","T","?","R","?","M","M","R","BOSS"],"items_purchased_type":["Relic","Card","Card","Relic","Relic"],"build_version":"2020-12-13","purchased_purges":1,"victory":false,"max_hp_per_floor":[70,70,70,70,70,70,70,70,70,70,70,70,70,70,70,70,70,70,70,70,70,70,70,70,70,70,70,70,70,70,70,70,70,70],"card_choices":[{"not_picked":["Backflip","Dagger Throw"],"picked":"Noxious Fumes","floor":1},{"not_picked":["Outmaneuver","conspire:PoisonWeapons"],"picked":"Slice","floor":2},{"not_picked":["Backflip","Blade Dance"],"picked":"Poisoned Stab","floor":4},{"not_picked":["Dodge and Roll","conspire:PoisonWeapons"],"picked":"Flying Knee","floor":6},{"not_picked":["Expertise","Eviscerate"],"picked":"Backstab","floor":7},{"not_picked":["Deflect","Acrobatics"],"picked":"Bane","floor":10},{"not_picked":["Deadly Poison","Choke","Quick Slash"],"picked":"SKIP","floor":13},{"not_picked":["Blade Dance","Footwork","Deadly Poison"],"picked":"SKIP","floor":14},{"not_picked":["Venomology","Storm of Steel"],"picked":"Unload","floor":16},{"not_picked":["Backstab+1","Outmaneuver"],"picked":"Catalyst","floor":18},{"not_picked":["Eviscerate","Sucker Punch","Underhanded Strike+1"],"picked":"SKIP","floor":19},{"not_picked":["Dagger Throw","Poisoned Stab","Outmaneuver"],"picked":"SKIP","floor":21},{"not_picked":["PiercingWail","Masterful Stab+1","Flying Knee"],"picked":"SKIP","floor":23},{"not_picked":["Prepared","Crippling Poison","Quick Slash"],"picked":"SKIP","floor":24},{"not_picked":["Underhanded Strike+1","Doppelganger","Slice"],"picked":"SKIP","floor":29},{"not_picked":["Deflect","Prepared"],"picked":"Sucker Punch+1","floor":30},{"not_picked":["Dagger Throw","Riddle With Holes","Storm of Steel"],"picked":"SKIP","floor":31}],"player_experience":1777969,"relics_obtained":[{"floor":4,"key":"White Beast Statue"},{"floor":6,"key":"Gremlin Horn"},{"floor":9,"key":"DemoMod:Bottle"},{"floor":26,"key":"CeramicFish"},{"floor":26,"key":"DemoMod:SerJunkan"},{"floor":27,"key":"DemoMod:Junk"}],"event_choices":[{"damage_healed":0,"gold_gain":0,"player_choice":"Success","damage_taken":3,"relics_obtained":["Matryoshka"],"max_hp_gain":0,"max_hp_loss":0,"event_name":"Scrap Ooze","floor":3,"gold_loss":0},{"damage_healed":0,"gold_gain":0,"player_choice":"Ignored","damage_taken":0,"max_hp_gain":0,"max_hp_loss":0,"event_name":"Liars Game","floor":5,"gold_loss":0},{"damage_healed":0,"gold_gain":75,"player_choice":"Gather Gold","damage_taken":11,"max_hp_gain":0,"max_hp_loss":0,"event_name":"World of Goop","floor":11,"gold_loss":0},{"damage_healed":0,"gold_gain":0,"player_choice":"Traded Relic","damage_taken":0,"relics_obtained":["Nloth\u0027s Gift"],"max_hp_gain":0,"max_hp_loss":0,"event_name":"N\u0027loth","floor":22,"relics_lost":["DemoMod:Bottle"],"gold_loss":0}],"is_beta":false,"boss_relics":[{"not_picked":["HoveringKite","Busted Crown"],"picked":"Ring of the Serpent"}],"items_purged_floors":[20],"is_endless":false,"potions_floor_spawned":[2,6,7,10,13,14,16,18,19,21,23,24,29,30,31],"killed_by":"Champ","ascension_level":0}}