{"host":"uflv0e3ja7hvnij7","time":1608639454,"event":{"mods":["BaseMod","Conspire","Hubris","Minty Spire (QoL Compilation)","Replay The Spire","StSLib","The Bug Knight"],"gold_per_floor":[12,12,29,39,314,314,324,324,392,392,59,69,69,69,69,172,172,185,199,215,232,249,284,284,302,302,302,320,336,273,305,305,407,407,421,441,441,206,146,171,190,202,202,229,245,245,255,272,272,272,272,272,23,48,48],"floor_reached":56,"playtime":4443,"items_purged":["Regret","Defend_P","Replay:AtTheReady"],"score":1345,"play_id":"926317e8-82d5-4120-ba6c-ca3f735983aa","local_time":"20201222071734","is_ascension_mode":false,"campfire_choices":[{"data":"Eruption","floor":6,"key":"SMITH"},{"data":"Vigilance","floor":8,"key":"SMITH"},{"data":"SpiritShield","floor":13,"key":"SMITH"},{"data":"Consecrate","floor":15,"key":"SMITH"},{"data":"Devotion","floor":24,"key":"SMITH"},{"floor":32,"key":"RECALL"},{"floor":46,"key":"REST"},{"data":"Parasite","floor":49,"key":"PURGE"},{"data":"Ragnarok","floor":52,"key":"SMITH"}],"circlet_count":0,"master_deck":["Strike_P+1","Strike_P+1","Defend_P+1","Eruption+1","Vigilance+1","Evaluate+1","FlurryOfBlows+1","SpiritShield+1","Consecrate+1","CutThroughFate+1","LessonLearned+1","SandsOfTime+1","Crescendo+1","Devotion+1","WindmillStrike+1","Devotion+1","Metamorphosis+1","CutThroughFate+1","FlurryOfBlows+1","FlurryOfBlows+1","ClearTheMind+1","Ragnarok+1","Wallop+1","Master of Strategy"],"relics":["PureWater","Onion Ring","Singing Bowl","Membership Card","Matryoshka","conspire:SpecialSausage","ReplayTheSpireMod:Ninjato","Omamori","Mummified Hand","Kunai","ReplayTheSpireMod:CursedCoin","Replay:Rubber Ducky","conspire:RoyalGoblet","Ring of Peace","Lantern","Pear","Bag of Preparation","Quantum Egg","ReplayTheSpireMod:ShopPack","Ginger","Whetstone"],"acts_visited":["Exordium","TheCity","TheBeyond","TheEnding"],"potions_floor_usage":[7,7,12,12,12,31,33,33,40,42,42,55,55,55],"damage_taken":[{"damage":0,"enemies":"Small Slimes","floor":1,"turns":4},{"damage":0,"enemies":"Jaw Worm","floor":3,"turns":3},{"damage":1,"enemies":"Cultist","floor":4,"turns":3},{"damage":20,"enemies":"Exordium Thugs","floor":7,"turns":6},{"damage":8,"enemies":"Large Slime","floor":12,"turns":4},{"damage":28,"enemies":"Slime Boss","floor":16,"turns":9},{"damage":6,"enemies":"2 Thieves","floor":18,"turns":4},{"damage":5,"enemies":"Shell Parasite","floor":19,"turns":4},{"damage":8,"enemies":"Centurion and Healer","floor":20,"turns":5},{"damage":1,"enemies":"Shelled Parasite and Fungi","floor":21,"turns":7},{"damage":0,"enemies":"Snecko","floor":22,"turns":2},{"damage":0,"enemies":"Gremlin Leader","floor":23,"turns":6},{"damage":2,"enemies":"Cultist and Chosen","floor":25,"turns":4},{"damage":2,"enemies":"Chosen and Byrds","floor":28,"turns":6},{"damage":5,"enemies":"Centurion and Healer","floor":29,"turns":5},{"damage":8,"enemies":"Book of Stabbing","floor":31,"turns":5},{"damage":24,"enemies":"Automaton","floor":33,"turns":5},{"damage":9,"enemies":"3 Shapes","floor":35,"turns":2},{"damage":16,"enemies":"Orb Walker","floor":36,"turns":5},{"damage":0,"enemies":"R_Hoarder","floor":40,"turns":5},{"damage":0,"enemies":"Writhing Mass","floor":41,"turns":4},{"damage":39,"enemies":"Sphere and 2 Shapes","floor":42,"turns":4},{"damage":0,"enemies":"Reptomancer","floor":44,"turns":4},{"damage":0,"enemies":"Transient","floor":45,"turns":5},{"damage":31,"enemies":"3 Darklings","floor":47,"turns":4},{"damage":0,"enemies":"Jaw Worm Horde","floor":48,"turns":2},{"damage":21,"enemies":"Time Eater","floor":50,"turns":6},{"damage":10,"enemies":"Shield and Spear","floor":54,"turns":3},{"damage":61,"enemies":"The Heart","floor":55,"turns":8}],"seed_played":"259868243191968610","potions_obtained":[{"floor":3,"key":"ColorlessPotion"},{"floor":7,"key":"PowerPotion"},{"floor":22,"key":"Strength Potion"},{"floor":23,"key":"PowerPotion"},{"floor":25,"key":"Dexterity Potion"},{"floor":28,"key":"Toxic Potion"},{"floor":31,"key":"SneckoOil"},{"floor":33,"key":"Elixir"},{"floor":35,"key":"SteroidPotion"},{"floor":40,"key":"Fruit Juice"},{"floor":41,"key":"Regen Potion"},{"floor":42,"key":"SteroidPotion"},{"floor":54,"key":"DistilledChaos"}],"is_trial":false,"path_per_floor":["M","?","M","M","?","R","M","R","T","T","$","M","R","?","R","B",null,"M","M","M","M","M","E","R","M","T","?","M","M","$","E","R","B",null,"M","M","?","$","?","E","M","M","T","E","M","R","M","M","R","B",null,"R","$","E","B",null],"character_chosen":"WATCHER","items_purchased":["Membership Card","Matryoshka","CutThroughFate","Kunai","ReplayTheSpireMod:CursedCoin","WindmillStrike","Lantern","Metamorphosis","ReplayTheSpireMod:ShopPack","Ginger","Wallop"],"campfire_rested":1,"item_purchase_floors":[11,11,11,30,30,30,38,38,53,53,53],"current_hp_per_floor":[72,72,72,71,71,71,51,51,51,51,51,45,45,50,50,22,79,73,70,64,65,65,65,65,65,65,65,65,62,62,56,56,32,93,84,70,70,70,70,85,85,58,58,58,60,93,62,64,64,43,111,111,115,107,46],"gold":48,"neow_bonus":"REMOVE_TWO","is_daily":false,"chose_seed":false,"campfire_upgraded":6,"win_rate":0.0,"timestamp":1608639454,"path_taken":["M","?","M","M","?","R","?","R","T","?","$","M","R","?","R","BOSS","M","M","M","M","M","E","R","M","T","?","?","M","$","E","R","BOSS","M","M","?","$","?","E","M","M","T","E","M","R","?","M","R","BOSS","R","$","E","BOSS"],"items_purchased_type":["Relic","Relic","Card","Relic","Relic","Card","Relic","Card","Relic","Relic","Card"],"build_version":"2020-12-13","purchased_purges":3,"victory":true,"max_hp_per_floor":[72,72,72,72,72,72,72,72,72,72,72,74,74,79,79,79,79,79,81,83,85,85,85,85,87,87,87,89,91,91,93,93,93,93,93,95,95,95,95,110,110,110,110,110,112,112,112,114,111,111,111,111,115,117,117],"card_choices":[{"not_picked":["PathToVictory","JustLucky"],"picked":"Evaluate","floor":1},{"not_picked":["Replay:AtTheReady","Evaluate"],"picked":"FlurryOfBlows","floor":3},{"not_picked":["Replay:BluntJabs","EmptyFist"],"picked":"SpiritShield","floor":4},{"not_picked":["Replay:ManipulateFuture","ThirdEye"],"picked":"Consecrate","floor":7},{"not_picked":["Weave","CrushJoints","EmptyBody"],"picked":"Singing Bowl","floor":12},{"not_picked":["MasterReality","Ragnarok"],"picked":"LessonLearned","floor":16},{"not_picked":["InnerPeace","Replay:Cycle"],"picked":"SandsOfTime","floor":18},{"not_picked":["Pray","Prostrate+1","Perseverance"],"picked":"Singing Bowl","floor":19},{"not_picked":["SashWhip","Pray+1","CrushJoints"],"picked":"Singing Bowl","floor":20},{"not_picked":["Conclude+1","EmptyBody","Tantrum+1"],"picked":"Singing Bowl","floor":21},{"not_picked":["Consecrate+1","SignatureMove+1"],"picked":"Crescendo","floor":22},{"not_picked":["FearNoEvil","CrushJoints"],"picked":"Devotion","floor":23},{"not_picked":["Crescendo","Halt+1","EmptyBody"],"picked":"Singing Bowl","floor":25},{"not_picked":["Protect","Crescendo","CrushJoints"],"picked":"Singing Bowl","floor":28},{"not_picked":["BowlingBash","Swivel","FlyingSleeves"],"picked":"Singing Bowl","floor":29},{"not_picked":["Consecrate","Halt","WaveOfTheHand+1"],"picked":"Singing Bowl","floor":31},{"not_picked":["Ragnarok","LessonLearned"],"picked":"Devotion","floor":33},{"not_picked":["Crescendo+1","FlyingSleeves+1"],"picked":"Replay:AtTheReady","floor":35},{"not_picked":["Replay:BluntJabs","Fasting2+1","JustLucky"],"picked":"Singing Bowl","floor":36},{"not_picked":["ClearTheMind+1","MasterReality"],"picked":"CutThroughFate+1","floor":40},{"not_picked":["BowlingBash","FlyingSleeves"],"picked":"FlurryOfBlows+1","floor":41},{"not_picked":["BowlingBash","Evaluate"],"picked":"FlurryOfBlows+1","floor":42},{"not_picked":["ForeignInfluence","SandsOfTime+1"],"picked":"ClearTheMind+1","floor":44},{"not_picked":["EmptyFist","SashWhip","FollowUp"],"picked":"Singing Bowl","floor":45},{"not_picked":["Swivel","Replay:Hum+1"],"picked":"Ragnarok","floor":47},{"not_picked":["EmptyFist","Crescendo+1","SandsOfTime"],"picked":"Singing Bowl","floor":48},{"not_picked":["Survey Options","Trip","Transmutation"],"picked":"Singing Bowl","floor":53},{"not_picked":["Survey Options","Flash of Steel","Blind"],"picked":"Singing Bowl","floor":53},{"not_picked":["Transmutation","ReplayTheSpireMod:Necrogeddon"],"picked":"Master of Strategy","floor":53},{"not_picked":["SashWhip+1","Crescendo","WreathOfFlame"],"picked":"Singing Bowl","floor":54}],"player_experience":265482,"relics_obtained":[{"floor":9,"key":"Onion Ring"},{"floor":10,"key":"Singing Bowl"},{"floor":23,"key":"ReplayTheSpireMod:Ninjato"},{"floor":26,"key":"Omamori"},{"floor":26,"key":"Mummified Hand"},{"floor":31,"key":"Replay:Rubber Ducky"},{"floor":37,"key":"Ring of Peace"},{"floor":40,"key":"Pear"},{"floor":43,"key":"Bag of Preparation"},{"floor":44,"key":"Quantum Egg"},{"floor":54,"key":"Whetstone"}],"event_choices":[{"damage_healed":0,"gold_gain":0,"player_choice":"Disagree","damage_taken":0,"max_hp_gain":0,"max_hp_loss":0,"event_name":"conspire:LoneGhost","floor":2,"gold_loss":0},{"damage_healed":0,"gold_gain":275,"player_choice":"Desecrate","damage_taken":0,"max_hp_gain":0,"max_hp_loss":0,"event_name":"Golden Shrine","floor":5,"gold_loss":0,"cards_obtained":["Regret"]},{"damage_healed":0,"gold_gain":0,"player_choice":"Donut","damage_taken":0,"max_hp_gain":5,"max_hp_loss":0,"event_name":"Big Fish","floor":14,"gold_loss":0},{"cards_removed":["Strike_P"],"damage_healed":0,"gold_gain":0,"player_choice":"Purged","damage_taken":0,"max_hp_gain":0,"max_hp_loss":0,"event_name":"Purifier","floor":27,"gold_loss":0},{"cards_removed":["Defend_P"],"damage_healed":0,"gold_gain":0,"player_choice":"Single Remove","damage_taken":0,"max_hp_gain":0,"max_hp_loss":0,"event_name":"Designer","floor":39,"gold_loss":60}],"is_beta":false,"boss_relics":[{"not_picked":["hubris:RunicObelisk","Astrolabe"],"picked":"conspire:SpecialSausage"},{"not_picked":["Kintsugi","hubris:BlackHole"],"picked":"conspire:RoyalGoblet"}],"items_purged_floors":[11,30,38],"is_endless":false,"potions_floor_spawned":[3,7,22,23,25,28,31,33,35,40,41,42,54],"ascension_level":0}}