{"host":"thn8o1tmql8xszd5","time":1608676289,"event":{"mods":["AchievementEnabler","Act Like it!","BaseMod","Block Reminder","Colored Map","DeckTracker","Gensokyo","Highlight Path","Minty Spire (QoL Compilation)","Permanent Neow","Quick Restart","Relic Stats","Robot Space Explorer","StSLib","The Blue Laboratory"],"gold_per_floor":[116,116,130,146,71,71,102,102,102,137,156,169,169,181,181,281,281,292,172,172,10,25,25,25,50,76,89,89,20,20,46,46,150,150,160,160,160,177,196,196,222,222,293,319,319,346,365,92,92,92,92],"floor_reached":50,"playtime":3211,"items_purged":["Pride"],"score":708,"play_id":"7b3c622d-1225-4c35-9e5b-cc6b3d5a6b8f","local_time":"20201222173129","is_ascension_mode":true,"campfire_choices":[{"data":"Envenom","floor":6,"key":"SMITH"},{"data":"A Thousand Cuts","floor":8,"key":"SMITH"},{"data":"Neutralize","floor":13,"key":"SMITH"},{"data":"Blur","floor":15,"key":"SMITH"},{"data":"Cloak And Dagger","floor":23,"key":"SMITH"},{"data":"Cloak And Dagger","floor":28,"key":"SMITH"},{"data":"Footwork","floor":30,"key":"SMITH"},{"floor":32,"key":"REST"},{"floor":40,"key":"REST"},{"data":"Adrenaline","floor":42,"key":"SMITH"},{"floor":45,"key":"REST"},{"floor":49,"key":"REST"}],"circlet_count":0,"master_deck":["Strike_G","Strike_G","Strike_G","Strike_G","Defend_G","Defend_G","Defend_G","Defend_G","Defend_G","Survivor","Neutralize+1","Dagger Spray","Backstab","Flying Knee","Envenom+1","A Thousand Cuts+1","Calculated Gamble","Blur+1","Crippling Poison","Glass Knife","Finisher+1","Cloak And Dagger+1","Cloak And Dagger+1","Footwork+1","Adrenaline+1","Accuracy+1","Decay","Cloak And Dagger+1","Cloak And Dagger+1","PiercingWail"],"relics":["Ring of the Snake","Happy Flower","Ninja Scroll","Art of War","Ornamental Fan","SacredBark","Gensokyo:SpiderMask","Gensokyo:DirgeOfMelancholy","TwistedFunnel","Question Card","PreservedInsect","Mercury Hourglass","Cursed Key","Gensokyo:EmptyGrave","Pen Nib","Blue Candle","Blood Vial","Sundial","Oddly Smooth Stone"],"acts_visited":["Exordium","Gensokyo:Gensokyo","Gensokyo:Gensokyoer"],"potions_floor_usage":[10,16,27,31,33,44,50,50],"damage_taken":[{"damage":2,"enemies":"Gensokyo:Python","floor":1,"turns":4},{"damage":0,"enemies":"Gensokyo:3_Fairies","floor":3,"turns":3},{"damage":0,"enemies":"Gensokyo:2_Kodama","floor":4,"turns":2},{"damage":12,"enemies":"Gensokyo:Aya","floor":7,"turns":6},{"damage":27,"enemies":"Gensokyo:Mamizou","floor":10,"turns":8},{"damage":0,"enemies":"Gensokyo:Kitsune","floor":11,"turns":2},{"damage":8,"enemies":"Gensokyo:CorruptedTreant","floor":12,"turns":3},{"damage":2,"enemies":"Gensokyo:Gryphon_and_Rabbit","floor":14,"turns":3},{"damage":15,"enemies":"Gensokyo:Reimu","floor":16,"turns":10},{"damage":0,"enemies":"Gensokyo:Chomper","floor":18,"turns":4},{"damage":0,"enemies":"Gensokyo:CosmicMonolith","floor":22,"turns":1},{"damage":14,"enemies":"Gensokyo:Tenshi","floor":25,"turns":5},{"damage":0,"enemies":"Gensokyo:Chomper_and_Gloop","floor":27,"turns":4},{"damage":1,"enemies":"Gensokyo:Koishi","floor":31,"turns":4},{"damage":20,"enemies":"Gensokyo:Kaguya","floor":33,"turns":7},{"damage":15,"enemies":"Gensokyo:3_Boulders","floor":35,"turns":4},{"damage":7,"enemies":"Gensokyo:AncientGuardian","floor":38,"turns":4},{"damage":15,"enemies":"Gensokyo:Sharpion","floor":39,"turns":3},{"damage":8,"enemies":"Gensokyo:Kasen","floor":41,"turns":5},{"damage":25,"enemies":"Gensokyo:Marisa","floor":44,"turns":3},{"damage":25,"enemies":"Gensokyo:Doremy","floor":46,"turns":6},{"damage":13,"enemies":"Gensokyo:Rafflesia","floor":47,"turns":4},{"damage":42,"enemies":"Gensokyo:Shinki","floor":50,"turns":5}],"seed_played":"-7359053672025757374","potions_obtained":[{"floor":3,"key":"Regen Potion"},{"floor":7,"key":"blueLaboratory:LouseDecoction"},{"floor":11,"key":"blueLaboratory:NinjaPotion"},{"floor":12,"key":"blueLaboratory:BubblePotion"},{"floor":18,"key":"LiquidMemories"},{"floor":22,"key":"blueLaboratory:ExaltedPotion"},{"floor":27,"key":"blueLaboratory:PyrophylliteBrew"},{"floor":41,"key":"DistilledChaos"},{"floor":46,"key":"blueLaboratory:Virophage"}],"is_trial":false,"path_per_floor":["M","?","M","M","$","R","E","R","T","E","M","M","R","M","R","B",null,"M","?","?","COS","M","R","$","E","T","M","R","$","R","E","R","B",null,"M","?","?","M","M","R","E","R","T","E","R","E","M","$","R","B"],"character_chosen":"THE_SILENT","items_purchased":["Envenom","Footwork","Oddly Smooth Stone","PiercingWail"],"campfire_rested":4,"item_purchase_floors":[5,29,48,48],"current_hp_per_floor":[68,68,68,68,68,68,56,56,56,44,44,36,36,34,34,19,57,57,57,57,57,57,57,57,43,43,43,43,43,43,42,63,43,63,48,38,38,31,16,65,57,57,57,32,51,28,17,17,36,0,0],"gold":92,"neow_bonus":"TRANSFORM_CARD","is_daily":false,"chose_seed":false,"campfire_upgraded":8,"win_rate":0.0,"timestamp":1608676289,"path_taken":["M","?","M","M","$","R","E","R","T","E","M","M","R","M","R","BOSS","M","?","?","COS","M","R","$","E","T","M","R","?","R","E","R","BOSS","M","?","?","M","M","R","E","R","T","E","R","E","M","$","R","BOSS"],"items_purchased_type":["Card","Card","Relic","Card"],"build_version":"2020-12-13","purchased_purges":1,"victory":false,"max_hp_per_floor":[70,70,70,70,70,70,70,70,70,70,70,70,70,70,70,70,70,70,70,70,70,70,70,70,70,70,70,70,70,70,70,70,70,70,70,70,65,65,65,65,65,65,65,65,65,65,65,65,65,65,65],"relic_stats":{"Happy Flower":[32],"counters":[23,100],"Blue Candle":[4],"PreservedInsect":274,"Pen Nib":[4],"Question Card":10,"Cursed Key":1,"Mercury Hourglass":[140],"Blood Vial":6,"Ornamental Fan":[180],"Sundial":[0],"Art of War":[9],"obtain_stats":[{"TwistedFunnel":21,"Gensokyo:DirgeOfMelancholy":20,"Happy Flower":2,"SacredBark":17,"Blue Candle":43,"Oddly Smooth Stone":48,"Gensokyo:SpiderMask":19,"PreservedInsect":26,"Pen Nib":41,"Question Card":25,"Cursed Key":34,"Mercury Hourglass":31,"Blood Vial":44,"Frozen Eye":31,"Gensokyo:EmptyGrave":37,"Ninja Scroll":7,"Ornamental Fan":10,"Sundial":46,"Art of War":9,"Ring of the Snake":0},{"TwistedFunnel":10,"Gensokyo:DirgeOfMelancholy":10,"Happy Flower":1,"SacredBark":9,"Blue Candle":19,"Oddly Smooth Stone":22,"Gensokyo:SpiderMask":10,"PreservedInsect":12,"Pen Nib":19,"Question Card":12,"Cursed Key":15,"Mercury Hourglass":14,"Blood Vial":20,"Frozen Eye":13,"Gensokyo:EmptyGrave":16,"Ninja Scroll":4,"Ornamental Fan":5,"Sundial":21,"Art of War":4,"Ring of the Snake":0},{"TwistedFunnel":45,"Gensokyo:DirgeOfMelancholy":45,"Happy Flower":4,"SacredBark":41,"Blue Candle":82,"Oddly Smooth Stone":95,"Gensokyo:SpiderMask":45,"PreservedInsect":51,"Pen Nib":82,"Question Card":51,"Cursed Key":66,"Mercury Hourglass":59,"Blood Vial":85,"Frozen Eye":55,"Gensokyo:EmptyGrave":70,"Ninja Scroll":15,"Ornamental Fan":23,"Sundial":91,"Art of War":15,"Ring of the Snake":0}],"Ring of the Snake":[45]},"card_choices":[{"not_picked":["Dagger Throw","Well Laid Plans"],"picked":"Dagger Spray","floor":1},{"not_picked":["Flying Knee","Deflect"],"picked":"Backstab","floor":3},{"not_picked":["Bane","Heel Hook"],"picked":"Flying Knee","floor":4},{"not_picked":["Backflip","Sucker Punch"],"picked":"A Thousand Cuts","floor":7},{"not_picked":["Quick Slash","Slice"],"picked":"Calculated Gamble","floor":10},{"not_picked":["Accuracy","Acrobatics"],"picked":"Blur","floor":11},{"not_picked":["Flechettes","Cloak And Dagger"],"picked":"Crippling Poison","floor":12},{"not_picked":["Sucker Punch","Tactician","Outmaneuver"],"picked":"SKIP","floor":14},{"not_picked":["Tools of the Trade","A Thousand Cuts"],"picked":"Glass Knife","floor":16},{"not_picked":["Skewer+1","Expertise"],"picked":"Finisher+1","floor":18},{"not_picked":["Dagger Spray","Setup"],"picked":"Cloak And Dagger","floor":22},{"not_picked":["Quick Slash","A Thousand Cuts","Bouncing Flask"],"picked":"SKIP","floor":25},{"not_picked":["Acrobatics","Predator","Outmaneuver+1"],"picked":"Cloak And Dagger","floor":27},{"not_picked":["Bouncing Flask","Endless Agony","Caltrops","Reflex"],"picked":"SKIP","floor":31},{"not_picked":["Storm of Steel","After Image","Phantasmal Killer"],"picked":"Adrenaline","floor":33},{"not_picked":["Dagger Spray","Deflect+1","Outmaneuver","Well Laid Plans"],"picked":"SKIP","floor":35},{"not_picked":["Deflect+1","Prepared","Bane+1","Predator+1"],"picked":"SKIP","floor":38},{"not_picked":["Poisoned Stab+1","Flying Knee","Eviscerate+1","Cloak And Dagger"],"picked":"SKIP","floor":39},{"not_picked":["Adrenaline","Reflex+1","Acrobatics"],"picked":"Accuracy+1","floor":41},{"not_picked":["Expertise","Sucker Punch+1","Prepared"],"picked":"Cloak And Dagger+1","floor":44},{"not_picked":["Tactician+1","Footwork+1","Flechettes+1"],"picked":"Cloak And Dagger+1","floor":46},{"not_picked":["Riddle With Holes+1","Deadly Poison","Dodge and Roll","Bane+1"],"picked":"SKIP","floor":47}],"player_experience":516729,"relics_obtained":[{"floor":7,"key":"Ninja Scroll"},{"floor":9,"key":"Art of War"},{"floor":10,"key":"Ornamental Fan"},{"floor":25,"key":"Question Card"},{"floor":26,"key":"PreservedInsect"},{"floor":31,"key":"Mercury Hourglass"},{"floor":41,"key":"Pen Nib"},{"floor":43,"key":"Blue Candle"},{"floor":44,"key":"Blood Vial"},{"floor":46,"key":"Sundial"}],"event_choices":[],"is_beta":false,"boss_relics":[{"not_picked":["HoveringKite","Philosopher\u0027s Stone"],"picked":"SacredBark"},{"not_picked":["Runic Dome","Snecko Eye"],"picked":"Cursed Key"}],"items_purged_floors":[48],"is_endless":false,"potions_floor_spawned":[3,7,11,12,18,22,27,41,46],"killed_by":"Gensokyo:Shinki","ascension_level":5}}