{"host":"363c1o4m0ew2jbar","time":1608607909,"event":{"mods":["AchievementEnabler","BaseMod","Better Note","Downfall","Hubris","Minty Spire (QoL Compilation)","StSLib"],"gold_per_floor":[0,10,21,196,196,228,228,153,179,179,66,78,78,98,109,204,204,204,216,216,141,193,118,144,171,191,191,191,191],"floor_reached":27,"playtime":1105,"items_purged":["Doubt","Slimebound:CorrosiveSpit"],"score":325,"play_id":"bcf8f9e0-d8e6-436b-b761-5f11dc31ecac","local_time":"20201221173149","is_ascension_mode":true,"campfire_choices":[{"floor":1,"key":"RECALL"},{"floor":8,"key":"REST"},{"data":"Slimebound:FormOfPuddle","floor":10,"key":"SMITH"},{"data":"Slimebound:Tackle","floor":18,"key":"PURGE"},{"data":"Slimebound:FirmFortitude","floor":23,"key":"PURGE"}],"circlet_count":0,"master_deck":["Slimebound:Strike_Slimebound","Slimebound:Strike_Slimebound","Slimebound:Strike_Slimebound","Slimebound:Defend_Slimebound","Slimebound:Defend_Slimebound","Slimebound:Defend_Slimebound","Slimebound:Defend_Slimebound","Slimebound:Split","hubris:EnhanceAbility","Slimebound:RejuvenatingLick","Slimebound:FormOfPuddle+1","Slimebound:MassFeed","Slimebound:PressTheAttack","Slimebound:SlimeSpikes","Slimebound:HauntingLick","Slimebound:SelfFormingGoo","Slimebound:RainOfGoop"],"relics":["Slimebound:AbsorbEndCombat","Dead Branch","downfall:HeartBlessingRed","Slimebound:ScrapOozeRelic","Philosopher\u0027s Stone","downfall:KnowingSkull","downfall:HeartBlessingBlue","Lantern","hubris:TinFlute"],"acts_visited":["Exordium","TheCity"],"potions_floor_usage":[9,16,21,25,26,26,27,27],"damage_taken":[{"damage":4,"enemies":"Cultist","floor":2,"turns":3},{"damage":10,"enemies":"Small Slimes","floor":3,"turns":4},{"damage":62,"enemies":"Gremlin Nob","floor":6,"turns":6},{"damage":21,"enemies":"3 Sentries","floor":9,"turns":7},{"damage":8,"enemies":"downfall:FleeingMerchant","floor":11,"turns":4},{"damage":3,"enemies":"2 Louse","floor":12,"turns":2},{"damage":8,"enemies":"Blue Slaver","floor":14,"turns":3},{"damage":2,"enemies":"2 Fungi Beasts","floor":15,"turns":2},{"damage":73,"enemies":"downfall:Defect","floor":16,"turns":7},{"damage":7,"enemies":"Chosen","floor":19,"turns":4},{"damage":17,"enemies":"downfall:FleeingMerchant","floor":21,"turns":4},{"damage":77,"enemies":"Gremlin Leader","floor":25,"turns":7},{"damage":18,"enemies":"Sentry and Sphere","floor":26,"turns":4},{"damage":26,"enemies":"Chosen and Byrds","floor":27,"turns":1}],"seed_played":"1477736011370258506","potions_obtained":[{"floor":6,"key":"Block Potion"},{"floor":12,"key":"sneckomod:MuddlingPotion"},{"floor":16,"key":"FearPotion"},{"floor":25,"key":"DuplicationPotion"},{"floor":26,"key":"LiquidBronze"}],"is_trial":false,"path_per_floor":["R","M","M","?","?","E","T","R","E","R","$","M","?","M","M","B",null,"R","M","?","$","T","R","T","E","M","M"],"character_chosen":"SLIMEBOUND","items_purchased":["Slimebound:SlimeSpikes"],"campfire_rested":1,"item_purchase_floors":[11],"current_hp_per_floor":[60,60,60,60,65,15,15,34,34,34,44,47,47,51,66,13,77,77,73,67,70,70,80,80,28,20,0,0,0],"gold":191,"neow_bonus":"RANDOM_COLORLESS_2","is_daily":false,"chose_seed":false,"campfire_upgraded":1,"win_rate":0.0,"timestamp":1608607909,"path_taken":["R","M","?","?","?","E","T","R","E","R","?","M","?","?","M","BOSS","R","M","?","$","?","R","T","E","M","M"],"items_purchased_type":["Card"],"build_version":"2020-12-13","purchased_purges":2,"victory":false,"max_hp_per_floor":[60,60,60,60,65,65,65,65,68,68,68,74,74,74,77,77,77,77,77,77,77,77,87,87,92,92,92,92,92],"card_choices":[{"not_picked":["Secret Weapon","Chrysalis"],"picked":"hubris:EnhanceAbility","floor":0},{"not_picked":["Slimebound:GoopSpray","Slimebound:SplitBruiser"],"picked":"Slimebound:RejuvenatingLick","floor":2},{"not_picked":["Slimebound:HungryTackle","Slimebound:DivideAndConquer"],"picked":"Slimebound:FormOfPuddle","floor":3},{"not_picked":["Slimebound:Repurpose","Slimebound:FinishingTackle"],"picked":"Slimebound:MassFeed","floor":6},{"not_picked":["Slimebound:GoopTackle","Slimebound:DivideAndConquer","Slimebound:FinishingTackle"],"picked":"SKIP","floor":9},{"not_picked":["Slimebound:LeechEnergy","Slimebound:SplitBruiser"],"picked":"Slimebound:PressTheAttack","floor":11},{"not_picked":["Slimebound:RollThrough","Slimebound:ForwardTackle"],"picked":"Slimebound:FirmFortitude","floor":12},{"not_picked":["Slimebound:Equalize","Slimebound:SplitMire"],"picked":"Slimebound:HauntingLick","floor":14},{"not_picked":["Slimebound:ComboTackle","Slimebound:SlimeBarrage","Slimebound:LeechEnergy"],"picked":"SKIP","floor":15},{"not_picked":["Slimebound:CheckThePlaybook","Slimebound:Overexert"],"picked":"Slimebound:SelfFormingGoo","floor":16},{"not_picked":["Slimebound:SamplingLick+1","Slimebound:HungryTackle","Slimebound:ComboTackle"],"picked":"SKIP","floor":19},{"not_picked":["Slimebound:LeechingTouch","Slimebound:HauntingLick","Slimebound:Schlurp+1"],"picked":"SKIP","floor":21},{"not_picked":["Slimebound:SplitBruiser+1","Slimebound:FinishingTackle"],"picked":"Slimebound:RainOfGoop","floor":25},{"not_picked":["Slimebound:SplitBruiser","Slimebound:GrowthPunch","Slimebound:DivideAndConquer"],"picked":"SKIP","floor":26}],"player_experience":1134623,"relics_obtained":[{"floor":6,"key":"Dead Branch"},{"floor":7,"key":"hexamod:BolsterEngine"},{"floor":24,"key":"Lantern"},{"floor":25,"key":"hubris:TinFlute"}],"event_choices":[{"damage_healed":0,"gold_gain":0,"player_choice":"Donut","damage_taken":0,"max_hp_gain":5,"max_hp_loss":0,"event_name":"Big Fish","floor":5,"gold_loss":0}],"is_beta":false,"boss_relics":[{"not_picked":["Slimebound:AbsorbEndCombatUpgraded","Tiny House"],"picked":"Philosopher\u0027s Stone"}],"items_purged_floors":[11,21],"is_endless":false,"potions_floor_spawned":[6,12,16,25,26],"killed_by":"Chosen and Byrds","ascension_level":3}}