{"host":"gj32n68c553yo87c","time":1608602681,"event":{"mods":["BaseMod","Downfall","Minty Spire (QoL Compilation)","Replay The Spire","StSLib","The Hierophant"],"gold_per_floor":[112,124,49,66,66,66,77,27,27,39,39,65,78,105,105,203,203,217,217,227,127,140,140,158,158,158,258,258,275,285,298,298,395,395,413,413,425,148,167,167,184,184,184,184,34,34,49,82,82,82],"floor_reached":51,"playtime":3410,"items_purged":["Strike_B","Strike_B","Clumsy","Slimebound:Icky"],"score":791,"play_id":"8f4fcd1f-c121-4521-9d5e-15e71bebb419","local_time":"20201221180441","is_ascension_mode":false,"campfire_choices":[{"data":"Blizzard","floor":6.0,"key":"SMITH"},{"data":"Coolheaded","floor":11.0,"key":"SMITH"},{"data":"Mirror Shield","floor":15.0,"key":"SMITH"},{"data":"Capacitor","floor":23.0,"key":"SMITH"},{"data":"Consume","floor":25.0,"key":"SMITH"},{"floor":28.0,"key":"REST"},{"floor":32.0,"key":"REST"},{"data":"Panic Button","floor":40,"key":"SMITH"},{"floor":42,"key":"REST"},{"floor":44,"key":"REST"},{"floor":49,"key":"REST"}],"circlet_count":0,"master_deck":["Defend_B+1","Defend_B+1","Blizzard+1","Cold Snap+1","Coolheaded+1","Cold Snap+1","Capacitor+1","Mirror Shield+1","Consume+1","Defragment+1","Panic Button+1"],"relics":["Cracked Core","WingedGreaves","Replay:Ringing Soul","War Paint","Nuclear Battery","Incense Burner","FossilizedHelix","Letter Opener","Replay:Grab Bag","ReplayTheSpireMod:Onyx Gauntlets","Painkiller Herb","Empty Cage","Kintsugi","Whetstone","Replay:Towering Pillar of Hats","Blood Vial"],"acts_visited":["Exordium","TheCity","TheBeyond"],"potions_floor_usage":[50,50],"damage_taken":[{"damage":0.0,"enemies":"Cultist","floor":1.0,"turns":3.0},{"damage":0.0,"enemies":"Jaw Worm","floor":2.0,"turns":3.0},{"damage":0.0,"enemies":"2 Louse","floor":4.0,"turns":2.0},{"damage":2.0,"enemies":"Exordium Wildlife","floor":7.0,"turns":3.0},{"damage":2.0,"enemies":"Looter","floor":10.0,"turns":4.0},{"damage":1.0,"enemies":"Lagavulin","floor":12.0,"turns":6.0},{"damage":10.0,"enemies":"2 Fungi Beasts","floor":13.0,"turns":4.0},{"damage":22.0,"enemies":"3 Sentries","floor":14.0,"turns":7.0},{"damage":20.0,"enemies":"Slime Boss","floor":16.0,"turns":11.0},{"damage":13.0,"enemies":"Chosen","floor":18.0,"turns":5.0},{"damage":4.0,"enemies":"3 Byrds","floor":20.0,"turns":5.0},{"damage":3.0,"enemies":"Sentry and Sphere","floor":22.0,"turns":7.0},{"damage":16.0,"enemies":"Cultist and Chosen","floor":24.0,"turns":8.0},{"damage":17.0,"enemies":"Colosseum Slavers","floor":27.0,"turns":4.0},{"damage":31.0,"enemies":"Colosseum Nobs","floor":27.0,"turns":6.0},{"damage":0.0,"enemies":"Snake Plant","floor":29.0,"turns":4.0},{"damage":0.0,"enemies":"3 Cultists","floor":30.0,"turns":6.0},{"damage":0.0,"enemies":"Snecko","floor":31.0,"turns":6.0},{"damage":12.0,"enemies":"Pondfish","floor":33.0,"turns":14.0},{"damage":18,"enemies":"3 Shapes","floor":35,"turns":4},{"damage":0,"enemies":"Orb Walker","floor":37,"turns":5},{"damage":0,"enemies":"Sphere and 2 Shapes","floor":39,"turns":6},{"damage":0,"enemies":"Writhing Mass","floor":41,"turns":6},{"damage":0,"enemies":"Jaw Worm Horde","floor":47,"turns":4},{"damage":0,"enemies":"Giant Head","floor":48,"turns":12},{"damage":0,"enemies":"Awakened One","floor":50,"turns":15}],"seed_played":"-3751976881429506674","potions_obtained":[{"floor":2.0,"key":"BlessingOfTheForge"},{"floor":4.0,"key":"Doom Potion"},{"floor":7.0,"key":"SteroidPotion"},{"floor":12.0,"key":"Regen Potion"},{"floor":16.0,"key":"FearPotion"},{"floor":18.0,"key":"GamblersBrew"},{"floor":27.0,"key":"Dexterity Potion"},{"floor":33.0,"key":"Adrenaline Potion"}],"is_trial":false,"path_per_floor":["M","M","$","M","$","R","M","$","T","M","R","E","M","E","R","B",null,"M","?","M","$","M","R","M","R","T","?","R","M","M","M","R","B",null,"?","?","?","T","?","T","?","T","T","T","T","?","?","E","T","B",null],"character_chosen":"DEFECT","items_purchased":["Coolheaded","Whetstone"],"campfire_rested":5,"item_purchase_floors":[8,38],"current_hp_per_floor":[75,75,75,75,75,75,73,73,73,71,71,73,63,58,58,41,84,71,74,70,70,67,67,54,54,54,6,33,33,33,36,63,51,96,78,78,78,78,78,78,78,96,96,96,96,91,91,91,91,91],"gold":82,"neow_bonus":"THREE_CARDS","is_daily":false,"chose_seed":false,"campfire_upgraded":6,"win_rate":0.0,"timestamp":1608602681,"path_taken":["M","M","?","?","$","R","M","?","T","M","R","E","M","E","R","BOSS","M","?","M","$","M","R","M","R","T","?","R","M","M","M","R","BOSS","?","?","?","T","?","T","?","T","T","T","T","?","?","E","T","BOSS"],"items_purchased_type":["Card","Relic"],"build_version":"2020-12-13","purchased_purges":4,"victory":true,"max_hp_per_floor":[75,75,75,75,75,75,75,75,75,75,75,78,78,81,81,84,84,84,87,87,87,87,87,90,90,90,90,90,90,90,93,93,93,96,96,96,96,96,96,96,96,96,96,96,96,91,91,91,91,91],"card_choices":[{"not_picked":["Compile Driver","Go for the Eyes"],"picked":"Blizzard","floor":0.0},{"not_picked":["Go for the Eyes","Fusion","Streamline"],"picked":"SKIP","floor":1.0},{"not_picked":["Self Repair","Streamline","Sweeping Beam"],"picked":"SKIP","floor":2.0},{"not_picked":["Redo","ReplayTheSpireMod:Repulse"],"picked":"Cold Snap","floor":4.0},{"not_picked":["Genetic Algorithm","Self Repair","Leap"],"picked":"SKIP","floor":7.0},{"not_picked":["Heatsinks","Beam Cell"],"picked":"Cold Snap","floor":10.0},{"not_picked":["Steam Power","Skim"],"picked":"Capacitor","floor":12.0},{"not_picked":["Self Repair","Panic Button","Stack"],"picked":"SKIP","floor":13.0},{"not_picked":["Cold Snap","Streamline"],"picked":"Mirror Shield","floor":14.0},{"not_picked":["Electrodynamics","Amplify"],"picked":"Seek","floor":16.0},{"not_picked":["White Noise","Conserve Battery","Redo"],"picked":"SKIP","floor":18.0},{"not_picked":["BasicCrystalCard","Steam+1","Cold Snap"],"picked":"SKIP","floor":20.0},{"not_picked":["Beam Cell+1","Coolheaded","Barrage+1"],"picked":"SKIP","floor":22.0},{"not_picked":["Redo","Compile Driver"],"picked":"Defragment+1","floor":24.0},{"not_picked":["Creative AI","Compile Driver","Steam"],"picked":"SKIP","floor":29.0},{"not_picked":["Sweeping Beam","Coolheaded","Ball Lightning"],"picked":"SKIP","floor":30.0},{"not_picked":["Streamline","Sweeping Beam"],"picked":"Panic Button","floor":31.0},{"not_picked":["Crystallizer+1","Hologram","Gash"],"picked":"SKIP","floor":35},{"not_picked":["Force Field+1","Panic Button","Chill"],"picked":"SKIP","floor":37},{"not_picked":["Coolheaded","Beam Cell+1","Leap"],"picked":"SKIP","floor":39},{"not_picked":["Steam","Barrage","Hologram"],"picked":"SKIP","floor":41},{"not_picked":["Go for the Eyes+1","ReplayTheSpireMod:System Scan","Conserve Battery"],"picked":"SKIP","floor":47},{"not_picked":["Steam+1","Barrage","Scrape+1"],"picked":"SKIP","floor":48}],"player_experience":37909,"relics_obtained":[{"floor":9.0,"key":"WingedGreaves"},{"floor":12.0,"key":"Replay:Ringing Soul"},{"floor":14.0,"key":"War Paint"},{"floor":26.0,"key":"Incense Burner"},{"floor":27.0,"key":"FossilizedHelix"},{"floor":27.0,"key":"Letter Opener"},{"floor":43,"key":"Replay:Towering Pillar of Hats"},{"floor":48,"key":"Blood Vial"}],"event_choices":[{"damage_healed":0.0,"max_hp_gain":0.0,"max_hp_loss":0.0,"gold_gain":0.0,"event_name":"The Library","player_choice":"Read","floor":19.0,"gold_loss":0.0,"damage_taken":0.0,"cards_obtained":["Consume"]},{"damage_healed":0.0,"max_hp_gain":0.0,"max_hp_loss":0.0,"gold_gain":0.0,"event_name":"Colosseum","player_choice":"Fight","floor":27.0,"gold_loss":0.0,"damage_taken":0.0},{"damage_healed":0.0,"max_hp_gain":0.0,"max_hp_loss":0.0,"gold_gain":0.0,"event_name":"Colosseum","player_choice":"Fought Nobs","floor":27.0,"gold_loss":0.0,"damage_taken":0.0},{"damage_healed":0,"gold_gain":0,"player_choice":"Ignored","damage_taken":0,"max_hp_gain":0,"max_hp_loss":0,"event_name":"Tomb of Lord Red Mask","floor":36,"gold_loss":0},{"damage_healed":0,"gold_gain":0,"player_choice":"Max HP","damage_taken":0,"max_hp_gain":0,"max_hp_loss":5,"event_name":"Winding Halls","floor":46,"gold_loss":0}],"is_beta":false,"boss_relics":[{"not_picked":["Black Star","Tiny House"],"picked":"Nuclear Battery"},{"not_picked":["Fusion Hammer","Replay:Wanted Poster"],"picked":"Replay:Grab Bag"},{"not_picked":["Coffee Dripper","ReplayTheSpireMod:DimensionalGlitch"],"picked":"ReplayTheSpireMod:Onyx Gauntlets"},{"not_picked":["Abe\u0027s Treasure","Replay:Bronze Core"],"picked":"Painkiller Herb"},{"not_picked":["Replay:Drink Me","SlaversCollar"],"picked":"Empty Cage"},{"not_picked":["Ring of Chaos","Snecko Eye"],"picked":"Kintsugi"}],"items_purged_floors":[3,21,38,45],"is_endless":false,"potions_floor_spawned":[2,4,7,12,16,18,27,29,31,33,35,41,48],"ascension_level":0}}