{"host":"0vd2boh2oi7jm085","time":1608635654,"event":{"mods":["BaseMod","Colored Map","Colored Powertips","Highlight Path","Minty Spire (QoL Compilation)","Quick Restart","StSLib","The IronCluck"],"gold_per_floor":[367,382,25,36,36,68,79,79,132,142,142,159,234,251,251,324,324,334,334,334,334,249,281,281,281,281,309,309,320,337,351,351,427,427,441,496,514,534,546,546,564,564,564,564,576,576,247,277,277,277,277],"floor_reached":50,"playtime":1151,"items_purged":["Decay"],"score":1062,"play_id":"54294bd4-9d90-4791-b635-dcc2497b8315","local_time":"20201222031414","is_ascension_mode":true,"campfire_choices":[{"floor":8.0,"key":"REST"},{"floor":15.0,"key":"REST"},{"floor":24.0,"key":"REST"},{"floor":28.0,"key":"REST"},{"floor":32.0,"key":"REST"},{"floor":40.0,"key":"REST"},{"floor":42.0,"key":"REST"},{"data":"Limit Break","floor":44.0,"key":"SMITH"},{"floor":49.0,"key":"REST"}],"circlet_count":0,"master_deck":["AscendersBane","Strike_R+1","Strike_R+1","Strike_R+1","Strike_R+1","Strike_R+1","Defend_R+1","Defend_R+1","Defend_R+1","Defend_R+1","Bash","Flex","Inflame","Pummel","Cleave","Blood for Blood","Twin Strike","Limit Break+1","Thunderclap+1","Anger+1","Heavy Blade","Immolate","Heavy Blade","Enlightenment","Infernal Blade"],"relics":["Burning Blood","Brimstone","HornCleat","Potion Belt","Velvet Choker","MutagenicStrength","Dream Catcher","White Beast Statue","Ornamental Fan","Lantern","Runic Cube","Ice Cream","Paper Frog","Frozen Eye","Vajra"],"acts_visited":["Exordium","TheCity","TheBeyond"],"potions_floor_usage":[],"damage_taken":[{"damage":2.0,"enemies":"Cultist","floor":1.0,"turns":4.0},{"damage":13.0,"enemies":"Small Slimes","floor":2.0,"turns":4.0},{"damage":5.0,"enemies":"2 Louse","floor":4.0,"turns":3.0},{"damage":30.0,"enemies":"Lagavulin","floor":6.0,"turns":5.0},{"damage":12.0,"enemies":"Looter","floor":7.0,"turns":2.0},{"damage":4.0,"enemies":"Blue Slaver","floor":10.0,"turns":2.0},{"damage":3.0,"enemies":"3 Louse","floor":12.0,"turns":2.0},{"damage":25.0,"enemies":"Large Slime","floor":14.0,"turns":4.0},{"damage":28.0,"enemies":"The Guardian","floor":16.0,"turns":6.0},{"damage":22.0,"enemies":"Shell Parasite","floor":18.0,"turns":3.0},{"damage":24.0,"enemies":"Slavers","floor":23.0,"turns":3.0},{"damage":0.0,"enemies":"Book of Stabbing","floor":25.0,"turns":1.0},{"damage":46.0,"enemies":"Slavers","floor":27.0,"turns":5.0},{"damage":4.0,"enemies":"2 Thieves","floor":29.0,"turns":2.0},{"damage":0.0,"enemies":"Centurion and Healer","floor":30.0,"turns":3.0},{"damage":0.0,"enemies":"Chosen and Byrds","floor":31.0,"turns":3.0},{"damage":39.0,"enemies":"Collector","floor":33.0,"turns":5.0},{"damage":0.0,"enemies":"3 Darklings","floor":35.0,"turns":2.0},{"damage":24.0,"enemies":"2 Orb Walkers","floor":36.0,"turns":3.0},{"damage":0.0,"enemies":"3 Shapes","floor":37.0,"turns":2.0},{"damage":18.0,"enemies":"Maw","floor":38.0,"turns":5.0},{"damage":4.0,"enemies":"Spire Growth","floor":39.0,"turns":3.0},{"damage":32.0,"enemies":"Sphere and 2 Shapes","floor":41.0,"turns":4.0},{"damage":29.0,"enemies":"4 Shapes","floor":45.0,"turns":2.0},{"damage":33.0,"enemies":"Nemesis","floor":48.0,"turns":3.0},{"damage":51,"enemies":"Awakened One","floor":50,"turns":3}],"seed_played":"5859169163077371714","potions_obtained":[{"floor":1.0,"key":"GamblersBrew"},{"floor":6.0,"key":"ColorlessPotion"},{"floor":7.0,"key":"SkillPotion"},{"floor":11.0,"key":"SmokeBomb"},{"floor":11.0,"key":"Strength Potion"},{"floor":16.0,"key":"BloodPotion"},{"floor":23.0,"key":"SneckoOil"},{"floor":27.0,"key":"CultistPotion"},{"floor":29.0,"key":"Explosive Potion"},{"floor":33.0,"key":"Explosive Potion"},{"floor":35.0,"key":"SteroidPotion"},{"floor":36.0,"key":"LiquidMemories"},{"floor":38.0,"key":"BloodPotion"}],"is_trial":false,"path_per_floor":["M","M","$","M","?","E","M","R","T","M","?","M","?","M","R","B",null,"M","?","?","?","?","E","R","E","T","E","R","M","M","M","R","B",null,"M","?","M","M","M","R","M","R","T","R","M","?","$","E","R","B"],"character_chosen":"IRONCLAD","items_purchased":["Inflame","Pummel","Brimstone","Cleave","Infernal Blade","Frozen Eye"],"campfire_rested":8,"item_purchase_floors":[3,3,3,3,47,47],"current_hp_per_floor":[54,47,47,48,48,24,18,40,40,42,42,45,34,15,37,15,60,44,44,44,44,44,26,48,54,54,14,36,38,44,50,72,39,66,72,54,60,48,50,72,46,68,68,68,45,45,45,18,40,0,0],"gold":277,"neow_bonus":"TWO_FIFTY_GOLD","is_daily":false,"chose_seed":false,"campfire_upgraded":1,"win_rate":0.0,"timestamp":1608635654,"path_taken":["M","M","$","M","?","E","M","R","T","M","?","?","?","M","R","BOSS","M","?","?","?","?","E","R","E","T","E","R","M","M","M","R","BOSS","M","?","M","M","M","R","M","R","T","R","M","?","$","E","R","BOSS"],"items_purchased_type":["Card","Card","Relic","Card","Card","Relic"],"build_version":"2020-12-13","purchased_purges":1,"victory":false,"max_hp_per_floor":[75,75,75,75,75,75,75,75,75,75,75,75,75,75,75,75,75,75,75,75,75,75,75,75,75,75,75,75,75,75,75,75,75,75,75,75,75,75,75,75,75,75,75,75,75,75,75,75,75,75,75],"card_choices":[{"not_picked":["Uppercut","Feel No Pain","Iron Wave"],"picked":"SKIP","floor":1.0},{"not_picked":["Rampage","Burning Pact"],"picked":"Flex","floor":2.0},{"not_picked":["Ghostly Armor","Cleave","Sever Soul"],"picked":"SKIP","floor":4.0},{"not_picked":["Havoc","Pommel Strike"],"picked":"Blood for Blood","floor":6.0},{"not_picked":["Shrug It Off","Rampage","Hemokinesis"],"picked":"SKIP","floor":7.0},{"not_picked":["Hemokinesis","Sentinel","Berserk"],"picked":"SKIP","floor":10.0},{"not_picked":["Thunderclap","Metallicize","Dark Embrace"],"picked":"SKIP","floor":12.0},{"not_picked":["Armaments","Warcry"],"picked":"Twin Strike","floor":14.0},{"not_picked":["Berserk","Barricade"],"picked":"Limit Break","floor":16.0},{"not_picked":["Headbutt","Entrench","Iron Wave+1"],"picked":"SKIP","floor":18.0},{"not_picked":["Pommel Strike","Spot Weakness"],"picked":"Thunderclap+1","floor":23.0},{"not_picked":["Shrug It Off","Offering","Power Through"],"picked":"SKIP","floor":27.0},{"not_picked":["Searing Blow","Sword Boomerang"],"picked":"Anger+1","floor":28.0},{"not_picked":["Clash","Armaments+1","Cleave"],"picked":"SKIP","floor":29.0},{"not_picked":["Anger","Battle Trance"],"picked":"Heavy Blade","floor":30.0},{"not_picked":["Perfected Strike","Bludgeon","Wild Strike"],"picked":"SKIP","floor":31.0},{"not_picked":["Impervious","Barricade"],"picked":"Immolate","floor":33.0},{"not_picked":["Bloodletting","Perfected Strike","Body Slam"],"picked":"SKIP","floor":35.0},{"not_picked":["Armaments+1","Clash","Thunderclap"],"picked":"SKIP","floor":37.0},{"not_picked":["Flex","Thunderclap","Clash"],"picked":"SKIP","floor":38.0},{"not_picked":["Cleave+1","Blood for Blood+1"],"picked":"Heavy Blade","floor":39.0},{"not_picked":["Headbutt+1","Perfected Strike","Burning Pact+1"],"picked":"SKIP","floor":41.0},{"not_picked":["Berserk","Headbutt+1","Wild Strike"],"picked":"SKIP","floor":45.0},{"not_picked":["Forethought","Thinking Ahead"],"picked":"Enlightenment","floor":46.0},{"not_picked":["Headbutt","Iron Wave","Flex"],"picked":"SKIP","floor":48.0}],"player_experience":100151,"relics_obtained":[{"floor":6.0,"key":"HornCleat"},{"floor":9.0,"key":"Potion Belt"},{"floor":23.0,"key":"White Beast Statue"},{"floor":26.0,"key":"Ornamental Fan"},{"floor":27.0,"key":"Lantern"},{"floor":36.0,"key":"Ice Cream"},{"floor":43.0,"key":"Paper Frog"},{"floor":48.0,"key":"Vajra"}],"event_choices":[{"damage_healed":0.0,"max_hp_gain":0.0,"max_hp_loss":0.0,"gold_gain":0.0,"event_name":"Golden Wing","player_choice":"Ignored","floor":5.0,"gold_loss":0.0,"damage_taken":0.0},{"damage_healed":0.0,"max_hp_gain":0.0,"max_hp_loss":0.0,"gold_gain":0.0,"event_name":"Lab","player_choice":"Got Potions","floor":11.0,"gold_loss":0.0,"damage_taken":0.0},{"damage_healed":0.0,"max_hp_gain":0.0,"max_hp_loss":0.0,"gold_gain":75.0,"event_name":"World of Goop","player_choice":"Gather Gold","floor":13.0,"gold_loss":0.0,"damage_taken":11.0},{"damage_healed":0.0,"max_hp_gain":0.0,"max_hp_loss":0.0,"gold_gain":0.0,"event_name":"Back to Basics","player_choice":"Simplicity","floor":19.0,"gold_loss":0.0,"damage_taken":0.0,"cards_upgraded":["Strike_R","Strike_R","Strike_R","Strike_R","Strike_R","Defend_R","Defend_R","Defend_R","Defend_R"]},{"damage_healed":0.0,"max_hp_gain":0.0,"max_hp_loss":0.0,"gold_gain":0.0,"event_name":"Drug Dealer","player_choice":"Inject Mutagens","floor":20.0,"gold_loss":0.0,"damage_taken":0.0,"relics_obtained":["MutagenicStrength"]},{"damage_healed":0.0,"max_hp_gain":0.0,"max_hp_loss":0.0,"gold_gain":0.0,"event_name":"Forgotten Altar","player_choice":"Smashed Altar","floor":21.0,"gold_loss":0.0,"damage_taken":0.0,"cards_obtained":["Decay"]},{"damage_healed":0.0,"max_hp_gain":0.0,"max_hp_loss":0.0,"gold_gain":0.0,"event_name":"Addict","player_choice":"Obtained Relic","floor":22.0,"gold_loss":85.0,"damage_taken":0.0,"relics_obtained":["Dream Catcher"]},{"damage_healed":0.0,"max_hp_gain":0.0,"max_hp_loss":0.0,"gold_gain":0.0,"event_name":"Mysterious Sphere","player_choice":"Fight","floor":36.0,"gold_loss":0.0,"damage_taken":0.0},{"damage_healed":0.0,"max_hp_gain":0.0,"max_hp_loss":0.0,"gold_gain":0.0,"event_name":"SensoryStone","player_choice":"Memory 1","floor":46.0,"gold_loss":0.0,"damage_taken":0.0}],"is_beta":false,"boss_relics":[{"not_picked":["Astrolabe","Black Star"],"picked":"Velvet Choker"},{"not_picked":["Sozu","Snecko Eye"],"picked":"Runic Cube"}],"items_purged_floors":[47],"is_endless":false,"potions_floor_spawned":[1,6,7,16,23,25,27,29,30,31,33,35,36,37,38,39,41,45,48],"killed_by":"Awakened One","ascension_level":18}}