{"host":"a8svnhkzvql11ago","time":1608681595,"event":{"mods":["Act Like it!","BaseMod","Better Sensory Stone","Colored Powertips","Conspire","Exacting","Highlight Path","Hubris","Magitek Elite","Minty Spire (QoL Compilation)","Replay The Spire","Shop Mod","StSLib","Transform Curses","vexMod"],"gold_per_floor":[11,21,33,49,0,20,20,20,20,47,47,47,61,76,76,172,172,192,192,202,202,213,213,213,223,223,223,223,3,33,33,33,33,33],"floor_reached":33,"playtime":3887,"items_purged":["ReplayTheSpireMod:Splinters"],"score":334,"play_id":"9273bbf4-b52a-4aea-b32c-23008b1fffb1","local_time":"20201222185955","is_ascension_mode":false,"campfire_choices":[{"floor":7,"key":"REST"},{"floor":12,"key":"REST"},{"data":"Defragment","floor":15,"key":"SMITH"},{"floor":23,"key":"REST"},{"floor":27,"key":"REST"},{"floor":32,"key":"REST"}],"circlet_count":0,"master_deck":["Strike_B","Strike_B","Strike_B","Strike_B","Defend_B","Defend_B","Defend_B","Defend_B","Zap+1","Dualcast","Ball Lightning","Coolheaded","Streamline+1","Steam","BasicCrystalCard+1","Doom and Gloom","Defragment+1","Gash","Conserve Battery","ReplayTheSpireMod:Omega Cannon+1","vexMod:UltimateCard","hubris:Lust","hubris:PowerSurge","ReplayGash+1","Loop","Strike_B","Strike_B","Strike_B","Strike_B","Defend_B","Defend_B","Defend_B","Defend_B","Zap+1","Dualcast","Ball Lightning","Coolheaded","Streamline+1","Steam","BasicCrystalCard+1","Doom and Gloom","Defragment+1","Gash","Conserve Battery","ReplayTheSpireMod:Omega Cannon+1","vexMod:UltimateCard","ReplayTheSpireMod:Splinters","hubris:Lust","hubris:PowerSurge","ReplayGash+1","Loop","Self Repair","Beam Cell+1"],"relics":["Cracked Core","conspire:IceCreamScoop","Replay:Ancient Bell","Happy Flower","Chameleon Ring","WingedGreaves","Peace Pipe","hubris:SoftwareUpdate","Guide Book","Replay:Mystery Machine"],"acts_visited":["Exordium","TheCity"],"potions_floor_usage":[14,16,33],"damage_taken":[{"damage":2,"enemies":"Cultist","floor":1,"turns":5},{"damage":3,"enemies":"Jaw Worm","floor":2,"turns":3},{"damage":5,"enemies":"Small Slimes","floor":3,"turns":4},{"damage":25,"enemies":"Exordium Thugs","floor":4,"turns":4},{"damage":12,"enemies":"Blue Slaver","floor":6,"turns":4},{"damage":5,"enemies":"3 Louse","floor":10,"turns":3},{"damage":0,"enemies":"2 Fungi Beasts","floor":13,"turns":2},{"damage":25,"enemies":"Looter","floor":14,"turns":3},{"damage":47,"enemies":"Hexaghost","floor":16,"turns":9},{"damage":8,"enemies":"Chosen","floor":18,"turns":3},{"damage":20,"enemies":"2 Thieves","floor":20,"turns":3},{"damage":39,"enemies":"Centurion and Healer","floor":22,"turns":6},{"damage":17,"enemies":"Chosen and Byrds","floor":25,"turns":5},{"damage":28,"enemies":"Book of Stabbing","floor":30,"turns":5},{"damage":73,"enemies":"Automaton","floor":33,"turns":6}],"seed_played":"-5609742210707029142","potions_obtained":[{"floor":1,"key":"SpeedPotion"},{"floor":6,"key":"Milkshake"},{"floor":10,"key":"Swift Potion"},{"floor":13,"key":"Fruit Juice"},{"floor":13,"key":"Dexterity Potion"},{"floor":14,"key":"Block Potion"},{"floor":25,"key":"Dexterity Potion"},{"floor":30,"key":"Explosive Potion"}],"is_trial":false,"path_per_floor":["M","M","M","M","$","M","R","?","T","M","?","R","M","M","R","B",null,"M","?","M","?","M","R","?","M","T","R","T","$","E","$","R","B"],"character_chosen":"DEFECT","items_purchased":["BasicCrystalCard","Guide Book"],"campfire_rested":5,"item_purchase_floors":[5,29],"current_hp_per_floor":[87,84,79,54,54,42,68,68,68,63,45,71,71,51,51,4,94,86,86,80,61,22,51,51,34,34,63,63,63,42,42,71,0,0],"gold":33,"neow_bonus":"TWENTY_PERCENT_HP_BONUS","is_daily":false,"chose_seed":false,"campfire_upgraded":1,"win_rate":0.0,"timestamp":1608681595,"path_taken":["M","?","M","M","$","M","R","?","T","M","?","R","M","M","R","BOSS","M","?","M","?","M","R","?","?","T","R","?","$","E","$","R","BOSS"],"items_purchased_type":["Card","Relic"],"build_version":"2020-12-13","purchased_purges":1,"victory":false,"max_hp_per_floor":[89,89,89,89,89,89,89,89,89,89,89,89,89,94,94,94,94,94,94,94,99,99,99,99,99,99,99,99,99,99,99,99,99,99],"card_choices":[{"not_picked":["ReplayGash","Fusion"],"picked":"Ball Lightning","floor":1},{"not_picked":["Go for the Eyes","Barrage"],"picked":"Coolheaded","floor":2},{"not_picked":["Compile Driver","Cold Snap"],"picked":"Streamline","floor":3},{"not_picked":["Turbo","Streamline"],"picked":"Steam","floor":4},{"not_picked":["Reprogram","Core Surge"],"picked":"Doom and Gloom","floor":6},{"not_picked":["Streamline","Consume"],"picked":"Defragment","floor":10},{"not_picked":["Steam Power","ReplayGash"],"picked":"Gash","floor":13},{"not_picked":["Barrage","BasicCrystalCard"],"picked":"Conserve Battery","floor":14},{"not_picked":["Core Surge","Hyperbeam"],"picked":"ReplayTheSpireMod:Omega Cannon","floor":16},{"not_picked":["ReplayTheSpireMod:Splinters","conspire:Blindness"],"picked":"vexMod:UltimateCard","floor":17},{"not_picked":["ReplayTheSpireMod:IOU","Parasite"],"picked":"ReplayTheSpireMod:Splinters","floor":17},{"not_picked":["Looming Evil","hubris:Disease"],"picked":"hubris:Lust","floor":17},{"not_picked":["Steam","Skim+1"],"picked":"hubris:PowerSurge","floor":18},{"not_picked":["Turbo","Rebound"],"picked":"ReplayGash+1","floor":20},{"not_picked":["Coolheaded","hubris:Prefetch"],"picked":"Loop","floor":22},{"not_picked":["Gash+1","Turbo"],"picked":"Self Repair","floor":25},{"not_picked":["Rebound","Hologram"],"picked":"Beam Cell+1","floor":30}],"player_experience":163624,"relics_obtained":[{"floor":9,"key":"conspire:IceCreamScoop"},{"floor":26,"key":"Peace Pipe"},{"floor":28,"key":"hubris:SoftwareUpdate"},{"floor":30,"key":"Replay:Mystery Machine"}],"event_choices":[{"damage_healed":0,"gold_gain":0,"player_choice":"Entered Light","damage_taken":18,"max_hp_gain":0,"max_hp_loss":0,"event_name":"Shining Light","floor":11,"gold_loss":0,"cards_upgraded":["BasicCrystalCard","Streamline"]},{"damage_healed":0,"gold_gain":0,"player_choice":"Ignored","damage_taken":0,"max_hp_gain":0,"max_hp_loss":0,"event_name":"Ghosts","floor":19,"gold_loss":0},{"damage_healed":0,"gold_gain":0,"player_choice":"Shed Blood","damage_taken":24,"max_hp_gain":5,"max_hp_loss":0,"event_name":"Forgotten Altar","floor":21,"gold_loss":0}],"is_beta":false,"boss_relics":[{"not_picked":["hubris:Stopwatch","Runic Pyramid"],"picked":"Replay:Ancient Bell"},{"not_picked":["ReplayFunnel","Blood Vial"],"picked":"Happy Flower"},{"not_picked":["Mercury Hourglass","Ornamental Fan"],"picked":"Chameleon Ring"},{"not_picked":["Replay:Towering Pillar of Hats","hubris:AstralHammer"],"picked":"WingedGreaves"}],"items_purged_floors":[29],"is_endless":false,"potions_floor_spawned":[1,6,13,14,25,30],"killed_by":"Automaton","ascension_level":0}}