{"host":"f0gpob8hq9vgebej","time":1608647179,"event":{"mods":["AchievementEnabler","BaseMod","Googly Eyes","Minty Spire (QoL Compilation)","Quick Restart","SuperFastMode"],"gold_per_floor":[215,225,244,261,274,274,274,300,378,396,2,35,53,1,1,75,75,85,103,121,138,148,148,148,164,164,164,164,183,193,23,23,23,23],"floor_reached":33,"playtime":1070,"items_purged":["Strike_G","Strike_G"],"score":437,"play_id":"8becb719-4874-48b9-81d0-71ed3c4d24f6","local_time":"20201222232619","is_ascension_mode":true,"campfire_choices":[{"data":"Noxious Fumes","floor":6.0,"key":"SMITH"},{"floor":15.0,"key":"REST"},{"data":"After Image","floor":23,"key":"SMITH"},{"floor":28,"key":"REST"},{"floor":32,"key":"REST"}],"circlet_count":0,"master_deck":["AscendersBane","Strike_G","Strike_G","Defend_G","Defend_G","Defend_G","Defend_G","Defend_G","Survivor","Neutralize","Noxious Fumes+1","Prepared+1","Blade Dance","Backstab","Crippling Poison","Burst","Poisoned Stab","Blade Dance","Acrobatics","PiercingWail","After Image+1","Accuracy","Reflex","Blade Dance","Setup","Calculated Gamble","Accuracy"],"relics":["Ring of the Snake","Oddly Smooth Stone","Sundial","ClockworkSouvenir","Happy Flower","Pocketwatch","Black Star","Juzu Bracelet"],"acts_visited":["Exordium","TheCity"],"potions_floor_usage":[16,19,27,27,30],"damage_taken":[{"damage":0.0,"enemies":"Small Slimes","floor":1.0,"turns":6.0},{"damage":0.0,"enemies":"Cultist","floor":2.0,"turns":5.0},{"damage":0.0,"enemies":"Jaw Worm","floor":3.0,"turns":5.0},{"damage":10.0,"enemies":"Gremlin Gang","floor":4.0,"turns":5.0},{"damage":4.0,"enemies":"Looter","floor":5.0,"turns":4.0},{"damage":19.0,"enemies":"Gremlin Nob","floor":8.0,"turns":4.0},{"damage":14.0,"enemies":"Lots of Slimes","floor":10.0,"turns":3.0},{"damage":16.0,"enemies":"3 Sentries","floor":12.0,"turns":6.0},{"damage":5.0,"enemies":"Exordium Wildlife","floor":13.0,"turns":5.0},{"damage":19,"enemies":"Slime Boss","floor":16,"turns":9},{"damage":2,"enemies":"3 Byrds","floor":18,"turns":7},{"damage":1,"enemies":"Chosen","floor":19,"turns":5},{"damage":4,"enemies":"Snake Plant","floor":20,"turns":5},{"damage":10,"enemies":"Shelled Parasite and Fungi","floor":21,"turns":8},{"damage":29,"enemies":"Snecko","floor":22,"turns":5},{"damage":0,"enemies":"Chosen and Byrds","floor":25,"turns":5},{"damage":0,"enemies":"Colosseum Slavers","floor":27,"turns":7},{"damage":20,"enemies":"Centurion and Healer","floor":29,"turns":4},{"damage":0,"enemies":"Cultist and Chosen","floor":30,"turns":8},{"damage":26,"enemies":"Collector","floor":33,"turns":5}],"seed_played":"8212666041761794362","potions_obtained":[{"floor":1.0,"key":"Swift Potion"},{"floor":4.0,"key":"Regen Potion"},{"floor":13.0,"key":"Poison Potion"},{"floor":16,"key":"Poison Potion"},{"floor":19,"key":"SpeedPotion"},{"floor":25,"key":"LiquidMemories"},{"floor":29,"key":"Block Potion"}],"is_trial":false,"path_per_floor":["M","M","M","M","M","R","?","E","T","M","$","E","M","$","R","B",null,"M","M","M","M","M","R","?","M","T","?","R","M","M","$","R","B"],"character_chosen":"THE_SILENT","items_purchased":["ClockworkSouvenir","Happy Flower","Poisoned Stab","PiercingWail","Accuracy"],"campfire_rested":3,"item_purchase_floors":[11,11,11,14,31],"current_hp_per_floor":[63,63,63,53,49,49,49,30,30,16,16,15,10,10,31,12,56,54,53,49,39,10,10,10,10,10,10,31,11,11,11,32,6,6],"gold":23,"neow_bonus":"HUNDRED_GOLD","is_daily":false,"chose_seed":false,"campfire_upgraded":2,"win_rate":0.0,"timestamp":1608647179,"path_taken":["M","M","M","M","M","R","?","E","T","M","$","E","M","?","R","BOSS","M","M","M","M","M","R","?","M","T","?","R","M","M","$","R","BOSS"],"items_purchased_type":["Relic","Relic","Card","Card","Card"],"build_version":"2020-12-13","purchased_purges":2,"victory":false,"max_hp_per_floor":[70,70,70,70,70,70,70,70,70,70,70,70,70,70,70,70,70,70,70,70,70,70,70,70,70,70,70,70,70,70,70,70,70,70],"card_choices":[{"not_picked":["Outmaneuver","Bane","Underhanded Strike"],"picked":"SKIP","floor":1.0},{"not_picked":["Setup","Deflect"],"picked":"Noxious Fumes","floor":2.0},{"not_picked":["Choke","Flying Knee"],"picked":"Prepared","floor":3.0},{"not_picked":["Flying Knee","Bouncing Flask"],"picked":"Blade Dance","floor":4.0},{"not_picked":["Bane","Infinite Blades"],"picked":"Backstab","floor":5.0},{"not_picked":["Finisher","Catalyst"],"picked":"Crippling Poison","floor":8.0},{"not_picked":["Flying Knee","Concentrate"],"picked":"Burst","floor":10.0},{"not_picked":["Riddle With Holes","Backflip"],"picked":"Blade Dance","floor":12.0},{"not_picked":["Underhanded Strike","Infinite Blades"],"picked":"Acrobatics","floor":13.0},{"not_picked":["A Thousand Cuts","Glass Knife"],"picked":"After Image","floor":16},{"not_picked":["Infinite Blades","Flying Knee","Bane"],"picked":"SKIP","floor":18},{"not_picked":["Catalyst","Dagger Throw"],"picked":"Accuracy","floor":19},{"not_picked":["Endless Agony","Outmaneuver"],"picked":"Reflex","floor":20},{"not_picked":["Storm of Steel","Terror","Bane"],"picked":"SKIP","floor":21},{"not_picked":["Endless Agony","Cloak And Dagger"],"picked":"Blade Dance","floor":22},{"not_picked":["Heel Hook","Deadly Poison","Sucker Punch"],"picked":"SKIP","floor":25},{"not_picked":["Skewer","Wraith Form v2"],"picked":"Calculated Gamble","floor":29},{"not_picked":["Dagger Throw","Underhanded Strike","Riddle With Holes"],"picked":"SKIP","floor":30}],"player_experience":198392,"relics_obtained":[{"floor":8.0,"key":"Oddly Smooth Stone"},{"floor":9.0,"key":"Sundial"},{"floor":12.0,"key":"Pocketwatch"},{"floor":26,"key":"Juzu Bracelet"}],"event_choices":[{"damage_healed":0.0,"max_hp_gain":0.0,"max_hp_loss":0.0,"gold_gain":0.0,"event_name":"Accursed Blacksmith","player_choice":"Forge","floor":7.0,"gold_loss":0.0,"damage_taken":0.0,"cards_upgraded":["Prepared"]},{"damage_healed":0,"gold_gain":0,"cards_transformed":["Strike_G"],"player_choice":"Transformed","damage_taken":0,"max_hp_gain":0,"max_hp_loss":0,"event_name":"Transmorgrifier","floor":24,"gold_loss":0,"cards_obtained":["Setup"]},{"damage_healed":0,"gold_gain":0,"player_choice":"Fight","damage_taken":0,"max_hp_gain":0,"max_hp_loss":0,"event_name":"Colosseum","floor":27,"gold_loss":0},{"damage_healed":0,"gold_gain":0,"player_choice":"Fled From Nobs","damage_taken":0,"max_hp_gain":0,"max_hp_loss":0,"event_name":"Colosseum","floor":27,"gold_loss":0}],"is_beta":false,"boss_relics":[{"not_picked":["Coffee Dripper","Sozu"],"picked":"Black Star"}],"items_purged_floors":[11,31],"is_endless":false,"potions_floor_spawned":[1,4,8,13,16,18,19,20,25,29],"killed_by":"Collector","ascension_level":13}}