{"host":"29mhc2ja7u6lu5r0","time":1608672082,"event":{"mods":["AchievementEnabler","BaseMod","Block Reminder","Colored Map","Colored Powertips","Highlight Path","Minty Spire (QoL Compilation)","Quick Restart","SuperFastMode","slay the spire mod where everything is the same but ironclad has a cowboy hat"],"gold_per_floor":[110,110,122,138,53,53,53,53,53,71,88,118,118,128,128,201,201,220,220,220,48,58,58,58,58,85,85,113,129,129,142,142,216,216,227,77,96,108,108,108,108,108],"floor_reached":41,"playtime":1905,"items_purged":["Decay"],"score":871,"play_id":"a1c1314f-ab18-4175-a5e9-5dfbc2795481","local_time":"20201223002122","is_ascension_mode":true,"campfire_choices":[{"data":"Consume","floor":6.0,"key":"SMITH"},{"data":"Chaos","floor":8.0,"key":"SMITH"},{"data":"Glacier","floor":15.0,"key":"SMITH"},{"data":"Capacitor","floor":23.0,"key":"SMITH"},{"data":"Electrodynamics","floor":25.0,"key":"SMITH"},{"data":"Machine Learning","floor":32.0,"key":"SMITH"},{"floor":40,"key":"REST"}],"circlet_count":0,"master_deck":["AscendersBane","Strike_B","Strike_B","Strike_B","Defend_B","Defend_B","Defend_B","Defend_B","Zap+1","Dualcast","Rebound","Chaos+1","Machine Learning+1","Consume+1","White Noise","Glacier+1","Electrodynamics+1","Capacitor+1","Writhe","Tempest+1","Loop+1","Echo Form","Go for the Eyes+1","Lockon"],"relics":["Cracked Core","Mercury Hourglass","Meat on the Bone","Pen Nib","Philosopher\u0027s Stone","Spirit Poop","Strawberry","Anchor","Mummified Hand","Pantograph","Question Card","SlaversCollar"],"acts_visited":["Exordium","TheCity","TheBeyond"],"potions_floor_usage":[37,37,41],"damage_taken":[{"damage":0.0,"enemies":"2 Louse","floor":1.0,"turns":3.0},{"damage":7.0,"enemies":"Jaw Worm","floor":3.0,"turns":2.0},{"damage":1.0,"enemies":"Cultist","floor":4.0,"turns":3.0},{"damage":1.0,"enemies":"3 Louse","floor":10.0,"turns":2.0},{"damage":1.0,"enemies":"2 Fungi Beasts","floor":11.0,"turns":3.0},{"damage":20.0,"enemies":"3 Sentries","floor":12.0,"turns":5.0},{"damage":5.0,"enemies":"Blue Slaver","floor":14.0,"turns":4.0},{"damage":5.0,"enemies":"Slime Boss","floor":16.0,"turns":13.0},{"damage":33.0,"enemies":"2 Thieves","floor":18.0,"turns":3.0},{"damage":20.0,"enemies":"Shell Parasite","floor":22.0,"turns":5.0},{"damage":0.0,"enemies":"Slavers","floor":28.0,"turns":2.0},{"damage":8.0,"enemies":"Snecko","floor":29.0,"turns":4.0},{"damage":18.0,"enemies":"Snake Plant","floor":31.0,"turns":3.0},{"damage":42.0,"enemies":"Champ","floor":33.0,"turns":9.0},{"damage":33.0,"enemies":"Orb Walker","floor":35.0,"turns":4.0},{"damage":23,"enemies":"3 Darklings","floor":37,"turns":3},{"damage":24,"enemies":"Transient","floor":38,"turns":6},{"damage":45,"enemies":"Spire Growth","floor":41,"turns":3}],"seed_played":"6905144426287792129","potions_obtained":[{"floor":3.0,"key":"Strength Potion"},{"floor":4.0,"key":"FearPotion"},{"floor":18.0,"key":"AttackPotion"},{"floor":22.0,"key":"Swift Potion"},{"floor":28.0,"key":"GamblersBrew"},{"floor":37,"key":"PowerPotion"}],"is_trial":false,"path_per_floor":["M","?","M","M","$","R","?","R","T","M","M","E","?","M","R","B",null,"M","?","?","$","M","R","?","R","T","?","E","M","T","M","R","B",null,"M","$","M","M","?","R","M"],"character_chosen":"DEFECT","items_purchased":["Consume","Strawberry","Lockon"],"campfire_rested":1,"item_purchase_floors":[5,21,36],"current_hp_per_floor":[64,59,52,51,51,51,44,44,44,43,42,34,51,46,46,41,64,43,43,43,50,42,42,42,42,42,42,42,46,46,40,40,35,65,44,44,33,21,21,43,0,0],"gold":108,"neow_bonus":"UPGRADE_CARD","is_daily":false,"chose_seed":false,"campfire_upgraded":6,"win_rate":0.0,"timestamp":1608672082,"path_taken":["M","?","M","M","$","R","?","R","T","M","M","E","?","M","R","BOSS","M","?","?","$","?","R","?","R","T","?","E","M","?","M","R","BOSS","M","$","M","M","?","R","M"],"items_purchased_type":["Card","Relic","Card"],"build_version":"2020-12-13","purchased_purges":1,"victory":false,"max_hp_per_floor":[71,71,71,71,71,71,71,71,71,71,71,71,71,71,71,71,71,71,71,68,75,75,75,75,75,75,75,75,75,75,75,75,75,75,75,75,75,75,75,75,75,75],"card_choices":[{"not_picked":["Sweeping Beam","Gash"],"picked":"Rebound","floor":1.0},{"not_picked":["Stack","Gash"],"picked":"Chaos","floor":3.0},{"not_picked":["Compile Driver","Undo"],"picked":"Machine Learning","floor":4.0},{"not_picked":["Darkness","Skim","Blizzard"],"picked":"SKIP","floor":10.0},{"not_picked":["Gash","Consume"],"picked":"White Noise","floor":11.0},{"not_picked":["Leap","Steam"],"picked":"Glacier","floor":12.0},{"not_picked":["Gash","Redo","Streamline"],"picked":"SKIP","floor":14.0},{"not_picked":["Biased Cognition","Reboot"],"picked":"Electrodynamics","floor":16.0},{"not_picked":["Steam","Aggregate","Recycle"],"picked":"SKIP","floor":18.0},{"not_picked":["White Noise","Chill"],"picked":"Capacitor","floor":22.0},{"not_picked":["Electrodynamics","Rip and Tear"],"picked":"Tempest+1","floor":28.0},{"not_picked":["Ball Lightning","Genetic Algorithm","Gash"],"picked":"SKIP","floor":29.0},{"not_picked":["Sweeping Beam","Beam Cell+1","Go for the Eyes"],"picked":"Loop+1","floor":31.0},{"not_picked":["Hyperbeam","Creative AI","Multi-Cast"],"picked":"Echo Form","floor":33.0},{"not_picked":["Rip and Tear","Streamline","Leap"],"picked":"Go for the Eyes+1","floor":35.0},{"not_picked":["Steam Power","Gash","Rebound","Compile Driver"],"picked":"SKIP","floor":37},{"not_picked":["Genetic Algorithm","Stack+1","BootSequence","Self Repair+1"],"picked":"SKIP","floor":38}],"player_experience":973856,"relics_obtained":[{"floor":9.0,"key":"Meat on the Bone"},{"floor":12.0,"key":"Pen Nib"},{"floor":26.0,"key":"Anchor"},{"floor":28.0,"key":"Pantograph"},{"floor":30.0,"key":"Question Card"}],"event_choices":[{"damage_healed":0.0,"max_hp_gain":0.0,"max_hp_loss":0.0,"gold_gain":0.0,"event_name":"Scrap Ooze","player_choice":"Success","floor":2.0,"gold_loss":0.0,"damage_taken":5.0,"relics_obtained":["Mercury Hourglass"]},{"cards_removed":["Strike_B"],"damage_healed":0.0,"max_hp_gain":0.0,"max_hp_loss":0.0,"gold_gain":0.0,"event_name":"Golden Wing","player_choice":"Card Removal","floor":7.0,"gold_loss":0.0,"damage_taken":7.0},{"damage_healed":17.0,"max_hp_gain":0.0,"max_hp_loss":0.0,"gold_gain":0.0,"event_name":"Mushrooms","player_choice":"Healed and dodged fight","floor":13.0,"gold_loss":0.0,"damage_taken":0.0,"cards_obtained":["Parasite"]},{"damage_healed":0.0,"max_hp_gain":0.0,"max_hp_loss":0.0,"gold_gain":0.0,"event_name":"Forgotten Altar","player_choice":"Smashed Altar","floor":19.0,"gold_loss":0.0,"damage_taken":0.0,"cards_obtained":["Decay"]},{"cards_removed":["Parasite"],"damage_healed":0.0,"max_hp_gain":0.0,"max_hp_loss":0.0,"gold_gain":0.0,"event_name":"Bonfire Elementals","player_choice":"Offered Curse","floor":20.0,"gold_loss":0.0,"damage_taken":0.0,"relics_obtained":["Spirit Poop"]},{"damage_healed":0.0,"max_hp_gain":0.0,"max_hp_loss":0.0,"gold_gain":0.0,"event_name":"Ghosts","player_choice":"Ignored","floor":24.0,"gold_loss":0.0,"damage_taken":0.0},{"damage_healed":0.0,"max_hp_gain":0.0,"max_hp_loss":0.0,"gold_gain":0.0,"event_name":"The Mausoleum","player_choice":"Opened","floor":27.0,"gold_loss":0.0,"damage_taken":0.0,"relics_obtained":["Mummified Hand"],"cards_obtained":["Writhe"]},{"damage_healed":0,"gold_gain":0,"player_choice":"Ignored","damage_taken":0,"max_hp_gain":0,"max_hp_loss":0,"event_name":"Mysterious Sphere","floor":39,"gold_loss":0}],"is_beta":false,"boss_relics":[{"not_picked":["Tiny House","Runic Pyramid"],"picked":"Philosopher\u0027s Stone"},{"not_picked":["Cursed Key","Black Star"],"picked":"SlaversCollar"}],"items_purged_floors":[36],"is_endless":false,"potions_floor_spawned":[3,4,18,22,28,31,37],"killed_by":"Spire Growth","ascension_level":20}}