{"host":"ek3xvuouaw6vk9if","time":1608611216,"event":{"mods":["BaseMod","BetterRewards","Downfall","Minty Spire (QoL Compilation)","Permanent Neow","Quick Restart","Replay The Spire","StSLib"],"gold_per_floor":[116,136,150,168,179,179,189,207,207,222,9,44,44,58,58,58,58],"floor_reached":16,"playtime":503,"items_purged":["Strike_R"],"score":157,"play_id":"2de0ae47-f662-4b22-8d97-c7fa57bf3a97","local_time":"20201221232656","is_ascension_mode":true,"campfire_choices":[{"data":"Bludgeon","floor":6,"key":"SMITH"},{"floor":15,"key":"REST"}],"circlet_count":0,"master_deck":["Strike_R","Strike_R","Strike_R","Strike_R","Defend_R","Defend_R","Defend_R","Defend_R","Bash","Bludgeon+1","ReplayTheSpireMod:Strike From Hell","Disarm","Second Wind","Clothesline","ReplayTheSpireMod:Stacked","Seeing Red","Double Tap","Disarm","CommonCold","Flame Barrier"],"relics":["Burning Blood","Chameleon Ring","Happy Flower"],"acts_visited":["Exordium"],"potions_floor_usage":[7,12,16],"damage_taken":[{"damage":1,"enemies":"Cultist","floor":1,"turns":3},{"damage":12,"enemies":"Jaw Worm","floor":2,"turns":2},{"damage":0,"enemies":"2 Louse","floor":3,"turns":3},{"damage":20,"enemies":"Large Slime","floor":4,"turns":5},{"damage":13,"enemies":"Blue Slaver","floor":5,"turns":2},{"damage":21,"enemies":"2 Fungi Beasts","floor":7,"turns":5},{"damage":12,"enemies":"Exordium Thugs","floor":8,"turns":4},{"damage":6,"enemies":"Blue Slaver","floor":10,"turns":5},{"damage":18,"enemies":"Gremlin Nob","floor":12,"turns":4},{"damage":11,"enemies":"Exordium Wildlife","floor":14,"turns":4},{"damage":43,"enemies":"Slime Boss","floor":16,"turns":7}],"seed_played":"-280281297366473419","potions_obtained":[{"floor":1,"key":"Reflective Coating"},{"floor":4,"key":"PowerPotion"},{"floor":5,"key":"Adrenaline Potion"},{"floor":10,"key":"Energy Potion"}],"is_trial":false,"path_per_floor":["M","M","M","M","M","R","M","M","T","M","$","E","?","M","R","B"],"character_chosen":"IRONCLAD","items_purchased":["Double Tap"],"campfire_rested":1,"item_purchase_floors":[11],"current_hp_per_floor":[77,71,77,63,56,56,41,35,35,35,35,23,23,18,42,0,0],"gold":58,"neow_bonus":"ONE_RANDOM_RARE_CARD","is_daily":false,"chose_seed":false,"campfire_upgraded":1,"win_rate":0.0,"timestamp":1608611216,"path_taken":["M","M","M","M","M","R","M","M","T","?","$","E","?","M","R","BOSS"],"items_purchased_type":["Card"],"build_version":"2020-12-13","purchased_purges":1,"victory":false,"max_hp_per_floor":[80,80,80,80,80,80,80,80,80,80,80,80,80,80,80,80,80],"card_choices":[{"not_picked":["Heavy Blade","Warcry"],"picked":"ReplayTheSpireMod:Strike From Hell","floor":1},{"not_picked":["Thunderclap","Run Through"],"picked":"Disarm","floor":2},{"not_picked":["Heavy Blade","Anger","Searing Blow"],"picked":"SKIP","floor":3},{"not_picked":["Thunderclap","Warcry"],"picked":"Second Wind","floor":4},{"not_picked":["Run Through","Uppercut"],"picked":"Clothesline","floor":5},{"not_picked":["ReplayTheSpireMod:Corrosion Curse","Second Wind","Sword Boomerang"],"picked":"SKIP","floor":7},{"not_picked":["Headbutt","Flex"],"picked":"ReplayTheSpireMod:Stacked","floor":8},{"not_picked":["Anger","Whirlwind"],"picked":"Seeing Red","floor":10},{"not_picked":["Rage","Evolve"],"picked":"Disarm","floor":12},{"not_picked":["True Grit","Perfected Strike"],"picked":"Flame Barrier","floor":14}],"player_experience":698589,"relics_obtained":[{"floor":9,"key":"Chameleon Ring"},{"floor":12,"key":"Happy Flower"}],"event_choices":[],"is_beta":false,"boss_relics":[],"items_purged_floors":[11],"is_endless":false,"potions_floor_spawned":[1,4,5,10],"killed_by":"Slime Boss","ascension_level":9}}