{"host":"baymyijz6sxaqj5s","time":1608642212,"event":{"mods":["AchievementEnabler","BaseMod","Colored Map","Colored Powertips","DeckTracker","KOR Keyword Fix","Keyboard Shortcuts","Minty Spire (QoL Compilation)","Quick Restart","StSLib","SuperFastMode"],"gold_per_floor":[111,129,144,98,48,48,48,48,130,150,170,170,270,284,284,388,388,407,418,431,346,346,346,346,364,415,415,425,52,70,70,70,172,172,186,198,198,218,229,229,0,0,0,16,30,44,44,44,44,44,44],"floor_reached":50,"playtime":1910,"items_purged":["Strike_R"],"score":438,"play_id":"eb0de1f8-f1bd-4859-9a0e-5414000fba66","local_time":"20201222220332","is_ascension_mode":false,"campfire_choices":[{"data":"Body Slam","floor":6,"key":"SMITH"},{"data":"Flame Barrier","floor":8,"key":"SMITH"},{"data":"Heavy Blade","floor":12,"key":"SMITH"},{"data":"Bash","floor":15,"key":"SMITH"},{"floor":23,"key":"REST"},{"data":"Armaments","floor":27,"key":"SMITH"},{"floor":32,"key":"REST"},{"floor":40,"key":"REST"},{"floor":42,"key":"REST"},{"floor":47,"key":"REST"},{"floor":49,"key":"REST"}],"circlet_count":0,"master_deck":["Strike_R","Strike_R","Strike_R","Defend_R","Defend_R","Defend_R","Bash+1","Flame Barrier+1","Body Slam+1","Heavy Blade+1","Demon Form","Body Slam+1","Armaments+1","Shame","Offering","Decay","Flame Barrier+1","Headbutt+1","Dropkick+1","Shrug It Off","Regret","Thunderclap","Seeing Red+1","Cleave","Pommel Strike"],"relics":["Black Blood","Blue Candle","Cursed Key","Bronze Scales","Gremlin Horn","Boot","Gambling Chip","Red Mask","Magic Flower"],"acts_visited":["Exordium","TheCity","TheBeyond"],"potions_floor_usage":[4,10,10,16,20,25,35,38,39,46],"damage_taken":[{"damage":13.0,"enemies":"Cultist","floor":1.0,"turns":5.0},{"damage":7,"enemies":"Small Slimes","floor":2,"turns":4},{"damage":5,"enemies":"2 Louse","floor":3,"turns":3},{"damage":11,"enemies":"Gremlin Gang","floor":10,"turns":5},{"damage":5,"enemies":"2 Fungi Beasts","floor":11,"turns":4},{"damage":11,"enemies":"Blue Slaver","floor":14,"turns":4},{"damage":104,"enemies":"Slime Boss","floor":16,"turns":19},{"damage":19,"enemies":"Spheric Guardian","floor":18,"turns":5},{"damage":13,"enemies":"3 Byrds","floor":19,"turns":5},{"damage":6,"enemies":"Snake Plant","floor":20,"turns":3},{"damage":17,"enemies":"Sentry and Sphere","floor":25,"turns":5},{"damage":8,"enemies":"Cultist and Chosen","floor":28,"turns":6},{"damage":12,"enemies":"Snake Plant","floor":30,"turns":3},{"damage":40,"enemies":"Champ","floor":33,"turns":8},{"damage":22,"enemies":"3 Darklings","floor":35,"turns":4},{"damage":7,"enemies":"Orb Walker","floor":36,"turns":3},{"damage":70,"enemies":"Transient","floor":38,"turns":5},{"damage":9,"enemies":"Maw","floor":39,"turns":8},{"damage":42,"enemies":"Writhing Mass","floor":44,"turns":4},{"damage":22,"enemies":"3 Darklings","floor":45,"turns":4},{"damage":34,"enemies":"Spire Growth","floor":46,"turns":5},{"damage":94,"enemies":"Awakened One","floor":50,"turns":8}],"seed_played":"7276529910424584883","potions_obtained":[{"floor":3,"key":"EntropicBrew"},{"floor":7,"key":"Energy Potion"},{"floor":11,"key":"ColorlessPotion"},{"floor":19,"key":"DuplicationPotion"},{"floor":20,"key":"ColorlessPotion"},{"floor":33,"key":"SkillPotion"},{"floor":35,"key":"Block Potion"},{"floor":36,"key":"Swift Potion"},{"floor":44,"key":"Weak Potion"}],"is_trial":false,"path_per_floor":["M","M","M","$","$","R","?","R","T","M","M","R","?","M","R","B",null,"M","M","M","?","?","R","T","M","T","R","M","$","M","$","R","B",null,"M","M","?","M","M","R","?","R","T","M","M","M","R","?","R","B"],"character_chosen":"IRONCLAD","items_purchased":["Body Slam","Heavy Blade","Gambling Chip"],"campfire_rested":6,"item_purchase_floors":[4,5,29],"current_hp_per_floor":[81,80,81,81,81,81,81,81,81,76,77,77,77,72,72,8,88,75,68,68,68,51,78,78,67,67,67,65,65,59,59,86,52,93,83,88,88,30,33,60,60,87,87,63,59,43,70,70,93,0,0],"gold":44,"neow_bonus":"TEN_PERCENT_HP_BONUS","is_daily":false,"chose_seed":false,"campfire_upgraded":5,"win_rate":0.0,"timestamp":1608642212,"path_taken":["M","M","M","?","$","R","?","R","T","M","?","R","?","M","R","BOSS","M","M","?","?","?","R","?","M","T","R","M","$","M","?","R","BOSS","M","M","?","M","M","R","?","R","T","M","M","M","R","?","R","BOSS"],"items_purchased_type":["Card","Card","Relic"],"build_version":"2020-12-13","purchased_purges":1,"victory":false,"max_hp_per_floor":[88,88,88,88,88,88,88,88,88,88,88,88,88,88,88,88,88,88,88,88,88,93,93,93,93,93,93,93,93,93,93,93,93,93,93,93,93,93,93,93,93,93,93,93,93,93,93,93,93,93,93],"card_choices":[{"not_picked":["Heavy Blade","Battle Trance"],"picked":"Flame Barrier","floor":1.0},{"not_picked":["Anger","Flex","Clothesline"],"picked":"SKIP","floor":2},{"not_picked":["Iron Wave","Flex","Clash"],"picked":"SKIP","floor":3},{"not_picked":["Clash","Infernal Blade","Exhume"],"picked":"SKIP","floor":10},{"not_picked":["Intimidate","Fire Breathing","Dual Wield"],"picked":"SKIP","floor":11},{"not_picked":["Wild Strike","Warcry","Headbutt"],"picked":"SKIP","floor":14},{"not_picked":["Immolate","Brutality"],"picked":"Demon Form","floor":16},{"not_picked":["Feel No Pain","Cleave"],"picked":"Body Slam+1","floor":18},{"not_picked":["Clash+1","Sword Boomerang","True Grit"],"picked":"SKIP","floor":19},{"not_picked":["Clothesline","Havoc+1"],"picked":"Armaments","floor":20},{"not_picked":["Anger+1","Clash"],"picked":"Offering","floor":25},{"not_picked":["Twin Strike","Anger"],"picked":"Flame Barrier+1","floor":28},{"not_picked":["Combust","Reckless Charge"],"picked":"Headbutt+1","floor":30},{"not_picked":["Pommel Strike+1","Perfected Strike","Body Slam"],"picked":"SKIP","floor":35},{"not_picked":["Clash","Pommel Strike+1"],"picked":"Dropkick+1","floor":36},{"not_picked":["Sentinel","Pommel Strike+1","Searing Blow+1"],"picked":"SKIP","floor":38},{"not_picked":["Anger","Combust"],"picked":"Shrug It Off","floor":39},{"not_picked":["Clothesline+1","Rampage"],"picked":"Thunderclap","floor":44},{"not_picked":["Shrug It Off+1","Dark Embrace+1"],"picked":"Seeing Red+1","floor":45},{"not_picked":["Wild Strike+1","Clothesline"],"picked":"Cleave","floor":46}],"player_experience":184349,"relics_obtained":[{"floor":9,"key":"Blue Candle"},{"floor":24,"key":"Gremlin Horn"},{"floor":26,"key":"Boot"},{"floor":43,"key":"Magic Flower"}],"event_choices":[{"damage_healed":0,"gold_gain":0,"player_choice":"Got Potions","damage_taken":0,"max_hp_gain":0,"max_hp_loss":0,"event_name":"Lab","floor":7,"gold_loss":0},{"damage_healed":0,"gold_gain":100,"player_choice":"Pray","damage_taken":0,"max_hp_gain":0,"max_hp_loss":0,"event_name":"Golden Shrine","floor":13,"gold_loss":0},{"damage_healed":0,"gold_gain":0,"player_choice":"Obtained Relic","damage_taken":0,"relics_obtained":["Bronze Scales"],"max_hp_gain":0,"max_hp_loss":0,"event_name":"Addict","floor":21,"gold_loss":85},{"damage_healed":0,"gold_gain":0,"player_choice":"Shed Blood","damage_taken":22,"max_hp_gain":5,"max_hp_loss":0,"event_name":"Forgotten Altar","floor":22,"gold_loss":0},{"cards_removed":["Defend_R"],"damage_healed":0,"gold_gain":0,"player_choice":"Removed Skill","damage_taken":0,"max_hp_gain":0,"max_hp_loss":0,"event_name":"Falling","floor":37,"gold_loss":0},{"damage_healed":0,"gold_gain":0,"player_choice":"Paid","damage_taken":0,"relics_obtained":["Red Mask"],"max_hp_gain":0,"max_hp_loss":0,"event_name":"Tomb of Lord Red Mask","floor":41,"gold_loss":229},{"damage_healed":0,"gold_gain":0,"cards_transformed":["Strike_R"],"player_choice":"Transformed","damage_taken":0,"max_hp_gain":0,"max_hp_loss":0,"event_name":"Transmorgrifier","floor":48,"gold_loss":0,"cards_obtained":["Pommel Strike"]}],"is_beta":false,"boss_relics":[{"not_picked":["Snecko Eye","SlaversCollar"],"picked":"Cursed Key"},{"not_picked":["Busted Crown","Black Star"],"picked":"Black Blood"}],"items_purged_floors":[29],"is_endless":false,"potions_floor_spawned":[3,11,19,20,33,35,36,44],"killed_by":"Awakened One","ascension_level":0}}