{"host":"63yhhrjweyj22b0v","time":1608628941,"event":{"mods":["BaseMod","Minty Spire (QoL Compilation)","Quick Restart"],"gold_per_floor":[118,118,17,17,17,17,44,44,89,89,13,13,42,61,61,185,185,205,205,305,305,220,220,145,145,145,186,186,207,220,239,239,367,367,386,400,400,400,400,400,435,435,435,768,783,783,783,7,7,7,7],"floor_reached":50,"playtime":1616,"items_purged":["Strike_P","Writhe"],"score":578,"play_id":"633784e5-2760-4796-90a2-720f1f7d36a1","local_time":"20201222032221","is_ascension_mode":false,"campfire_choices":[{"data":"Eruption","floor":6,"key":"SMITH"},{"data":"Consecrate","floor":8,"key":"SMITH"},{"data":"Ragnarok","floor":15,"key":"SMITH"},{"floor":23,"key":"REST"},{"data":"Adaptation","floor":25,"key":"SMITH"},{"data":"DeusExMachina","floor":28,"key":"SMITH"},{"floor":32,"key":"REST"},{"data":"Omniscience","floor":40,"key":"SMITH"},{"floor":42,"key":"REST"},{"data":"DevaForm","floor":47,"key":"SMITH"},{"data":"CrushJoints","floor":49,"key":"SMITH"}],"circlet_count":0,"master_deck":["Strike_P","Strike_P","Defend_P","Defend_P","Defend_P","Eruption+1","Vigilance","MentalFortress","Consecrate+1","EmptyFist","BattleHymn","Adaptation+1","Ragnarok+1","CrushJoints+1","DeusExMachina+1","Crescendo+1","BowlingBash+1","Consecrate","Omniscience+1","Prostrate","Consecrate","DevaForm+1","FlurryOfBlows+1","Violence","Prostrate","Consecrate","PathToVictory","Prostrate","Deep Breath"],"relics":["HolyWater","NeowsBlessing","Juzu Bracelet","Dream Catcher","Bronze Scales","Odd Mushroom","Enchiridion","Anchor","Toy Ornithopter","Ornamental Fan","Happy Flower","Centennial Puzzle","Shuriken","Boot"],"acts_visited":["Exordium","TheCity","TheBeyond"],"potions_floor_usage":[16,27,33,33,33,36,36,50,50,50],"damage_taken":[{"damage":0,"enemies":"Small Slimes","floor":1,"turns":1},{"damage":0,"enemies":"3 Sentries","floor":7,"turns":1},{"damage":0,"enemies":"The Mushroom Lair","floor":13,"turns":1},{"damage":0,"enemies":"2 Louse","floor":14,"turns":1},{"damage":47,"enemies":"Hexaghost","floor":16,"turns":5},{"damage":0,"enemies":"Chosen","floor":18,"turns":3},{"damage":15,"enemies":"Slavers","floor":27,"turns":3},{"damage":5,"enemies":"Spheric Guardian","floor":29,"turns":3},{"damage":18,"enemies":"Snake Plant","floor":30,"turns":3},{"damage":0,"enemies":"Centurion and Healer","floor":31,"turns":3},{"damage":24,"enemies":"Automaton","floor":33,"turns":4},{"damage":0,"enemies":"Orb Walker","floor":35,"turns":2},{"damage":12,"enemies":"3 Darklings","floor":36,"turns":3},{"damage":25,"enemies":"Giant Head","floor":41,"turns":4},{"damage":0,"enemies":"Transient","floor":45,"turns":5},{"damage":97,"enemies":"Time Eater","floor":50,"turns":4}],"seed_played":"-6696453568822242760","potions_obtained":[{"floor":7,"key":"SteroidPotion"},{"floor":13,"key":"PowerPotion"},{"floor":16,"key":"Swift Potion"},{"floor":30,"key":"PowerPotion"},{"floor":31,"key":"BlessingOfTheForge"},{"floor":33,"key":"FearPotion"},{"floor":35,"key":"Explosive Potion"}],"is_trial":false,"path_per_floor":["M","?","$","?","$","R","E","R","T","?","$","?","?","M","R","B",null,"M","?","?","?","?","R","?","R","T","E","R","M","M","M","R","B",null,"M","M","?","?","?","R","E","R","T","?","M","?","R","$","R","B"],"character_chosen":"WATCHER","items_purchased":["Consecrate","Adaptation","Shuriken","Prostrate","BlessingOfTheForge","BlessingOfTheForge","Swift Potion","Boot","Deep Breath"],"campfire_rested":3,"item_purchase_floors":[3,11,48,48,48,48,48,48,48],"current_hp_per_floor":[72,65,65,70,70,70,70,70,70,70,70,70,70,70,70,23,71,71,55,55,55,55,71,71,71,71,56,56,51,33,33,54,45,71,71,64,64,64,64,64,39,60,60,60,60,71,71,71,71,0,0],"gold":7,"neow_bonus":"THREE_ENEMY_KILL","is_daily":false,"chose_seed":false,"campfire_upgraded":8,"win_rate":0.0,"timestamp":1608628941,"path_taken":["M","?","$","?","?","R","E","R","T","?","$","?","?","M","R","BOSS","M","?","?","?","?","R","?","R","T","E","R","M","M","M","R","BOSS","M","M","?","?","?","R","E","R","T","?","M","?","R","$","R","BOSS"],"items_purchased_type":["Card","Card","Relic","Card","Potion","Potion","Potion","Relic","Card"],"build_version":"2020-12-13","purchased_purges":2,"victory":false,"max_hp_per_floor":[72,72,72,77,77,77,77,77,77,77,77,71,71,71,71,71,71,71,71,71,71,71,71,71,71,71,71,71,71,71,71,71,71,71,71,71,71,71,71,71,71,71,71,71,71,71,71,71,71,71,71],"card_choices":[{"not_picked":["BowlingBash","ClearTheMind"],"picked":"MentalFortress","floor":1},{"not_picked":["Vengeance","Swivel"],"picked":"EmptyFist","floor":7},{"not_picked":["WreathOfFlame","EmptyFist"],"picked":"Ragnarok","floor":13},{"not_picked":["Evaluate","ThirdEye"],"picked":"CrushJoints","floor":14},{"not_picked":["MasterReality","Judgement"],"picked":"DeusExMachina","floor":16},{"not_picked":["CutThroughFate","EmptyMind+1","Evaluate"],"picked":"SKIP","floor":18},{"not_picked":["JustLucky","Halt"],"picked":"Crescendo+1","floor":23},{"not_picked":["Wallop+1","WreathOfFlame"],"picked":"BowlingBash+1","floor":27},{"not_picked":["ThirdEye+1","FlyingSleeves"],"picked":"Consecrate","floor":29},{"not_picked":["WreathOfFlame+1","Fasting2"],"picked":"Omniscience","floor":30},{"not_picked":["Fasting2","EmptyBody+1"],"picked":"Prostrate","floor":31},{"not_picked":["Protect","BowlingBash"],"picked":"Consecrate","floor":32},{"not_picked":["Scrawl","Vault"],"picked":"DevaForm","floor":33},{"not_picked":["DeceiveReality+1","EmptyBody"],"picked":"FlurryOfBlows+1","floor":35},{"not_picked":["SashWhip","Study"],"picked":"WindmillStrike+1","floor":36},{"not_picked":["Chrysalis","Deep Breath"],"picked":"Violence","floor":37},{"not_picked":["BattleHymn","Collect"],"picked":"Prostrate","floor":41},{"not_picked":["BattleHymn+1","Conclude"],"picked":"Consecrate","floor":42},{"not_picked":["Weave+1","EmptyFist"],"picked":"PathToVictory","floor":45}],"player_experience":627989,"relics_obtained":[{"floor":7,"key":"Dream Catcher"},{"floor":9,"key":"Bronze Scales"},{"floor":13,"key":"Odd Mushroom"},{"floor":19,"key":"Enchiridion"},{"floor":26,"key":"Toy Ornithopter"},{"floor":27,"key":"Ornamental Fan"},{"floor":41,"key":"Happy Flower"},{"floor":43,"key":"Centennial Puzzle"}],"event_choices":[{"damage_healed":0,"gold_gain":0,"player_choice":"Success","damage_taken":7,"relics_obtained":["Juzu Bracelet"],"max_hp_gain":0,"max_hp_loss":0,"event_name":"Scrap Ooze","floor":2,"gold_loss":0},{"damage_healed":0,"gold_gain":0,"player_choice":"Donut","damage_taken":0,"max_hp_gain":5,"max_hp_loss":0,"event_name":"Big Fish","floor":4,"gold_loss":0},{"damage_healed":0,"gold_gain":0,"cards_transformed":["Defend_P"],"player_choice":"Transformed","damage_taken":0,"max_hp_gain":0,"max_hp_loss":0,"event_name":"Transmorgrifier","floor":10,"gold_loss":0,"cards_obtained":["BattleHymn"]},{"damage_healed":0,"gold_gain":0,"player_choice":"Lose Max HP","damage_taken":0,"relics_obtained":["Golden Idol"],"max_hp_gain":0,"max_hp_loss":6,"event_name":"Golden Idol","floor":12,"gold_loss":0},{"damage_healed":0,"gold_gain":0,"player_choice":"Fought Mushrooms","damage_taken":0,"max_hp_gain":0,"max_hp_loss":0,"event_name":"Mushrooms","floor":13,"gold_loss":0},{"damage_healed":0,"gold_gain":0,"player_choice":"Obtained Book","damage_taken":16,"max_hp_gain":0,"max_hp_loss":0,"event_name":"Cursed Tome","floor":19,"gold_loss":0},{"damage_healed":0,"gold_gain":100,"player_choice":"Pray","damage_taken":0,"max_hp_gain":0,"max_hp_loss":0,"event_name":"Golden Shrine","floor":20,"gold_loss":0},{"damage_healed":0,"gold_gain":0,"player_choice":"Ignored","damage_taken":0,"max_hp_gain":0,"max_hp_loss":0,"event_name":"NoteForYourself","floor":21,"gold_loss":0},{"damage_healed":0,"gold_gain":0,"player_choice":"Obtained Relic","damage_taken":0,"relics_obtained":["Anchor"],"max_hp_gain":0,"max_hp_loss":0,"event_name":"Addict","floor":22,"gold_loss":85},{"cards_removed":["Strike_P"],"damage_healed":0,"gold_gain":0,"player_choice":"Gave Gold","damage_taken":0,"max_hp_gain":0,"max_hp_loss":0,"event_name":"Beggar","floor":24,"gold_loss":75},{"damage_healed":0,"gold_gain":0,"player_choice":"Memory 1","damage_taken":0,"max_hp_gain":0,"max_hp_loss":0,"event_name":"SensoryStone","floor":37,"gold_loss":0},{"cards_removed":["WindmillStrike"],"damage_healed":0,"gold_gain":0,"player_choice":"Removed Attack","damage_taken":0,"max_hp_gain":0,"max_hp_loss":0,"event_name":"Falling","floor":38,"gold_loss":0},{"damage_healed":0,"gold_gain":0,"player_choice":"Ignored","damage_taken":0,"max_hp_gain":0,"max_hp_loss":0,"event_name":"Tomb of Lord Red Mask","floor":39,"gold_loss":0},{"damage_healed":0,"gold_gain":333,"player_choice":"Gave Idol","damage_taken":0,"max_hp_gain":0,"max_hp_loss":0,"event_name":"The Moai Head","floor":44,"relics_lost":["Golden Idol"],"gold_loss":0},{"damage_healed":18,"gold_gain":0,"player_choice":"Writhe","damage_taken":0,"max_hp_gain":0,"max_hp_loss":0,"event_name":"Winding Halls","floor":46,"gold_loss":0,"cards_obtained":["Writhe"]}],"is_beta":false,"boss_relics":[{"not_picked":["Snecko Eye","Runic Pyramid","Sozu"]},{"not_picked":["Coffee Dripper","SlaversCollar"],"picked":"HolyWater"}],"items_purged_floors":[3,48],"is_endless":false,"potions_floor_spawned":[7,13,16,30,31,33,35],"killed_by":"Time Eater","ascension_level":0}}