{"host":"0cnf9zf1gia27zti","time":1608604749,"event":{"mods":["BaseMod","BetterRewards","Card Forge","Colored Map","Colored Powertips","Conspire","Downfall","Minty Spire (QoL Compilation)","Practice Mode","Quick Restart","Replay The Spire","Robot Space Explorer","Shade Mod","Spicy Shops","StSLib"],"gold_per_floor":[111,48,68,68,88,123,123,72,141,141,141,141,141,141,141,216,216,228,246,25,41,41,41,41,41,41,60,60,79,90,107,107,178,178,188,188,207,207,219,219,219],"floor_reached":40,"playtime":12147,"items_purged":["Strike_B"],"score":807,"play_id":"ecd303cd-ec61-467c-b1be-fb51608b756f","local_time":"20201222023909","is_ascension_mode":true,"campfire_choices":[{"data":"Fusion","floor":7,"key":"SMITH"},{"data":"Redo","floor":11,"key":"SMITH"},{"data":"Dualcast","floor":13,"key":"SMITH"},{"data":"Zap","floor":15,"key":"SMITH"},{"floor":23,"key":"REST"},{"floor":25,"key":"REST"},{"data":"ReplayTheSpireMod:Calculation Training","floor":32,"key":"SMITH"}],"circlet_count":0,"master_deck":["AscendersBane","Strike_B","Defend_B","Defend_B","Defend_B+1","Defend_B","Zap+1","Dualcast+1","Panache+1","Panache","Reboot+1","Self Repair","Reinforced Body","Melter","Double Energy+1","Sweeping Beam","Redo+1","Fusion+1","Redo+1","Go for the Eyes","Zap+1","Machine Learning","Gash","ReplayTheSpireMod:Calculation Training+1","Reboot","Chill","Skim+1","ReplayGash","Steam","Hologram+1","All For One","CommonCold","Conserve Battery+1"],"relics":["Cracked Core","Hammer of Thor","Seething Fire","Anvil of the Gods","DollysMirror","Lee\u0027s Waffle","ReplayTheSpireMod:Ninjato","Anchor","Geode","Centennial Puzzle","Mirror","SacredBark","Omamori","Replay:Mystery Machine","Replay:Ancient Bell","Pen Nib","Replay:Bottled Steam","Unceasing Top"],"acts_visited":["Exordium","TheCity","TheBeyond"],"potions_floor_usage":[16,21,33,33],"damage_taken":[{"damage":0,"enemies":"Cultist","floor":1,"turns":4},{"damage":0,"enemies":"conspire:RoseBush","floor":3,"turns":5},{"damage":0,"enemies":"2 Louse","floor":5,"turns":2},{"damage":0,"enemies":"Replay:BlueRogue","floor":6,"turns":4},{"damage":0,"enemies":"The Guardian","floor":16,"turns":7},{"damage":24,"enemies":"3 Byrds","floor":18,"turns":3},{"damage":14,"enemies":"2 Thieves","floor":19,"turns":3},{"damage":26,"enemies":"conspire:HollyBat","floor":21,"turns":7},{"damage":0,"enemies":"Chosen and Byrds","floor":27,"turns":4},{"damage":6,"enemies":"Snake Plant","floor":29,"turns":3},{"damage":3,"enemies":"conspire:HollyBat","floor":30,"turns":7},{"damage":0,"enemies":"Centurion and Healer","floor":31,"turns":4},{"damage":28,"enemies":"conspire:MysteriousRune","floor":33,"turns":6},{"damage":0,"enemies":"3 Darklings","floor":35,"turns":3},{"damage":17,"enemies":"Orb Walker","floor":37,"turns":4},{"damage":22,"enemies":"Maw","floor":39,"turns":5},{"damage":55,"enemies":"Nemesis","floor":40,"turns":6}],"seed_played":"-254603438112013964","potions_obtained":[{"floor":6,"key":"LiquidMemories"},{"floor":19,"key":"Dexterity Potion"},{"floor":29,"key":"Languid Potion"},{"floor":30,"key":"Fire Potion"}],"is_trial":false,"path_per_floor":["M","$","M","$","M","E","R","$","T","?","R","?","R","?","R_BF","B",null,"M","M","$","M","$","R","$","R","T","M","?","M","M","M","R","B",null,"M","?","M","$","M","E"],"character_chosen":"DEFECT","items_purchased":["Panache","DollysMirror","Lee\u0027s Waffle","Reboot","ReplayTheSpireMod:Ninjato","Self Repair","Anchor","Reinforced Body","Melter","Sweeping Beam","Go for the Eyes","Omamori"],"campfire_rested":2,"item_purchase_floors":[0,0,0,0,0,0,0,0,0,2,8,20],"current_hp_per_floor":[78,78,78,78,78,78,78,78,78,78,78,55,55,55,55,62,74,50,43,43,24,24,47,47,70,70,77,77,78,78,78,78,50,71,78,78,68,68,53,0,0],"gold":219,"neow_bonus":"","is_daily":false,"chose_seed":false,"campfire_upgraded":5,"win_rate":0.0,"timestamp":1608604749,"path_taken":["M","$","?","$","M","E","R","$","T","?","R","?","R","?","R_BF","BOSS","M","?","$","M","$","R","$","R","T","M","?","?","?","M","R","BOSS","M","?","M","$","M","E"],"items_purchased_type":["Card","Relic","Relic","Card","Relic","Card","Relic","Card","Card","Card","Card","Relic"],"build_version":"2020-12-13","purchased_purges":1,"victory":false,"max_hp_per_floor":[78,78,78,78,78,78,78,78,78,78,78,78,78,78,78,78,78,78,78,78,78,78,78,78,78,78,78,78,78,78,78,78,78,78,78,78,78,78,78,78,78],"card_choices":[{"not_picked":["Turbo","Leap"],"picked":"Double Energy","floor":1},{"not_picked":["Hologram","Hello World"],"picked":"Redo","floor":3},{"not_picked":["Compile Driver","Aggregate"],"picked":"Fusion","floor":5},{"not_picked":["Chaos","Self Repair"],"picked":"Redo","floor":6},{"not_picked":["Core Surge","Biased Cognition"],"picked":"Machine Learning","floor":16},{"not_picked":["Sweeping Beam","Steam"],"picked":"Gash","floor":18},{"not_picked":["Turbo","Conserve Battery"],"picked":"ReplayTheSpireMod:Calculation Training","floor":19},{"not_picked":["Self Repair","Steam"],"picked":"Reboot","floor":21},{"not_picked":["ReplayTheSpireMod:Repulse","Rebound"],"picked":"Chill","floor":27},{"not_picked":["Ball Lightning","Compile Driver"],"picked":"ReplayGash","floor":29},{"not_picked":["Sweeping Beam","ReplayTheSpireMod:Omega Cannon"],"picked":"Steam","floor":30},{"not_picked":["ReplayTheSpireMod:GoodbyeWorld","Stack"],"picked":"Hologram+1","floor":31},{"not_picked":["Biased Cognition","Amplify"],"picked":"All For One","floor":33},{"not_picked":["ReplayTheSpireMod:Splinters","Normality"],"picked":"AbeCurse","floor":34},{"not_picked":["Shame","conspire:NecroticWound"],"picked":"Overencumbered","floor":34},{"not_picked":["Spreading Infection","Replay:Hysterical Blindness"],"picked":"CommonCold","floor":34},{"not_picked":["Barrage","Biased Cognition"],"picked":"Conserve Battery+1","floor":35},{"not_picked":["Compile Driver","Storm+1","Ball Lightning+1"],"picked":"SKIP","floor":37},{"not_picked":["Conserve Battery","Compile Driver+1","Barrage"],"picked":"SKIP","floor":39}],"player_experience":2358088,"relics_obtained":[{"floor":6,"key":"Centennial Puzzle"},{"floor":9,"key":"Mirror"},{"floor":26,"key":"Replay:Mystery Machine"}],"event_choices":[{"damage_healed":0,"gold_gain":0,"player_choice":"Entered Light","damage_taken":23,"max_hp_gain":0,"max_hp_loss":0,"event_name":"Shining Light","floor":12,"gold_loss":0,"cards_upgraded":["Reboot","Defend_B"]},{"damage_healed":0,"gold_gain":0,"player_choice":"0 cards matched","damage_taken":0,"max_hp_gain":0,"max_hp_loss":0,"event_name":"Match and Keep!","floor":14,"gold_loss":0,"cards_obtained":[]},{"damage_healed":0,"gold_gain":0,"cards_transformed":["Strike_B"],"player_choice":"Transformed","damage_taken":0,"max_hp_gain":0,"max_hp_loss":0,"event_name":"Transmorgrifier","floor":28,"gold_loss":0,"cards_obtained":["Skim"]}],"is_beta":false,"boss_relics":[{"not_picked":["FrozenCore","Cursed Key"],"picked":"SacredBark"},{"not_picked":["Inserter","conspire:SeveredTorchhead"],"picked":"Replay:Ancient Bell"},{"not_picked":["ReplayTheSpireMod:Lightbulb","Replay:Wax Seal"],"picked":"Pen Nib"},{"not_picked":["Pantograph","InkBottle"],"picked":"Replay:Bottled Steam"},{"not_picked":["Counterbalance","Lizard Tail"],"picked":"Unceasing Top"}],"items_purged_floors":[20],"is_endless":false,"potions_floor_spawned":[6,19,29,30],"killed_by":"Nemesis","ascension_level":15}}