{"host":"vh33hu3wddwn6yt6","time":1608661881,"event":{"mods":["AchievementEnabler","Act Like it!","Aspiration","BaseMod","Better Altar","Better Match","Better Note","Better Sensory Stone","Better Skull","Better Third Choice","BetterRewards","Hubris","Infinite Spire","Minty Spire (QoL Compilation)","Permanent Neow","Replay The Spire","Shop Mod","Spicy Shops","StSLib","SuperFastMode","The Necromancer","The Servant 0.9.4","TheBandit","Wandering Minibosses"],"gold_per_floor":[128,151,163,191,203,240,264,276,288,328,355,367,412,424,436,463,475,582,594,617,643,655,681,712,752,764,764],"floor_reached":26,"playtime":670,"items_purged":[],"score":315,"play_id":"5eb153ef-cdae-417a-afbc-ecae18720fd8","local_time":"20201222193121","is_ascension_mode":true,"campfire_choices":[{"floor":12,"key":"REST"},{"data":"MurderousAura","floor":17,"key":"SMITH"}],"circlet_count":0,"master_deck":["Strike_S","Strike_S","Strike_S","Strike_S","Defend_S","Defend_S","Defend_S","Defend_S","KidneyShot","Exchange","SpecialFormula","Gouge+1","Spin","MurderousAura+1","InstantArmor","SpecialFormula","Sabotage","InstantArmor","LightFlow","DoubleEdge","DoubleEdge","Barrier"],"relics":["Uniform","MawBank","ReplayTheSpireMod:Shallot","aspiration:TrustyKnives","ReplayFunnel","hubris:ScarierMask","MutagenicStrength","infinitespire:WardingShard"],"acts_visited":["Exordium","TheCity"],"potions_floor_usage":[4,6,10,18,23,25,26],"damage_taken":[{"damage":3,"enemies":"Small Slimes","floor":1,"turns":3},{"damage":2,"enemies":"2 Louse","floor":2,"turns":3},{"damage":17,"enemies":"infinitespire:Voidling","floor":4,"turns":5},{"damage":25,"enemies":"Gremlin Nob","floor":6,"turns":4},{"damage":8,"enemies":"3 Louse","floor":7,"turns":3},{"damage":0,"enemies":"Lagavulin","floor":10,"turns":4},{"damage":3,"enemies":"Exordium Wildlife","floor":11,"turns":4},{"damage":0,"enemies":"Replay:BlueRogue","floor":13,"turns":5},{"damage":0,"enemies":"2 Fungi Beasts","floor":16,"turns":3},{"damage":55,"enemies":"Slime Boss","floor":18,"turns":9},{"damage":0,"enemies":"Chosen","floor":20,"turns":3},{"damage":0,"enemies":"2 Thieves","floor":21,"turns":2},{"damage":0,"enemies":"Snake Plant","floor":23,"turns":2},{"damage":0,"enemies":"Cultist and Chosen","floor":24,"turns":3},{"damage":33,"enemies":"Nightmare","floor":25,"turns":7},{"damage":43,"enemies":"Snecko","floor":26,"turns":3}],"seed_played":"-1114275936296234513","potions_obtained":[{"floor":2,"key":"Energy Potion"},{"floor":4,"key":"Regen Potion"},{"floor":7,"key":"DistilledChaos"},{"floor":16,"key":"SkillPotion"},{"floor":18,"key":"BlessingOfTheForge"},{"floor":24,"key":"Adrenaline Potion"},{"floor":25,"key":"PowerPotion"}],"is_trial":false,"path_per_floor":["M","M","?","M","?","E","M","?","T","E","M","R","E","PTL","PTL","M","R","B",null,"M","M","?","M","M","NM","M"],"character_chosen":"THE_SERVANT","items_purchased":[],"campfire_rested":1,"item_purchase_floors":[],"current_hp_per_floor":[62,60,60,48,48,35,27,27,27,27,24,43,48,48,48,48,48,3,65,65,65,65,65,65,37,0,0],"gold":764,"neow_bonus":"RANDOM_COMMON_RELIC","is_daily":false,"chose_seed":false,"campfire_upgraded":1,"win_rate":0.0,"timestamp":1608661881,"path_taken":["M","M","?","M","?","E","M","?","T","E","M","R","E","PTL","PTL","?","R","BOSS","M","M","?","M","M","NM","M"],"items_purchased_type":[],"build_version":"2020-12-13","purchased_purges":0,"victory":false,"max_hp_per_floor":[65,65,65,65,65,65,65,65,65,65,65,65,65,65,65,65,65,65,65,65,65,65,65,65,65,65,65],"card_choices":[{"not_picked":["Revamp","Defy"],"picked":"SpecialFormula","floor":1},{"not_picked":["Barrier","Sabotage"],"picked":"Gouge","floor":2},{"not_picked":["ReturningBlade","Misdirection"],"picked":"Spin","floor":4},{"not_picked":["FastForward","Ricochet"],"picked":"MurderousAura","floor":6},{"not_picked":["Luminosity","BottledTime"],"picked":"InstantArmor","floor":7},{"not_picked":["Manipulate","Snipe"],"picked":"SpecialFormula","floor":10},{"not_picked":["ReturningBlade","Advance","Read"],"picked":"SKIP","floor":11},{"not_picked":["TimeWarp","Ricochet"],"picked":"Sabotage","floor":13},{"not_picked":["TimeWarp","Unruled"],"picked":"InstantArmor","floor":16},{"not_picked":["PendulumOfEternity","MurderousAura"],"picked":"LightFlow","floor":18},{"not_picked":["ShiftingGears","ReturningBlade"],"picked":"DoubleEdge","floor":20},{"not_picked":["Alleviate","FastForward","SpecialFormula+1"],"picked":"SKIP","floor":21},{"not_picked":["Defy+1","Potential"],"picked":"DoubleEdge","floor":23},{"not_picked":["TimeTheft","Potential","Manipulate+1"],"picked":"SKIP","floor":24},{"not_picked":["ReturningBlade+1","Sunlight"],"picked":"Barrier","floor":25}],"player_experience":400245,"relics_obtained":[{"floor":6,"key":"ReplayTheSpireMod:Shallot"},{"floor":10,"key":"aspiration:TrustyKnives"},{"floor":13,"key":"ReplayFunnel"},{"floor":25,"key":"infinitespire:WardingShard"}],"event_choices":[{"damage_healed":0,"gold_gain":0,"player_choice":"Grow","damage_taken":0,"max_hp_gain":0,"max_hp_loss":0,"event_name":"Living Wall","floor":3,"gold_loss":0,"cards_upgraded":["Gouge"]},{"damage_healed":0,"gold_gain":0,"player_choice":"Ignored","damage_taken":0,"max_hp_gain":0,"max_hp_loss":0,"event_name":"betterNote:BetterNote","floor":8,"gold_loss":0,"cards_obtained":["Defend_S"]},{"damage_healed":0,"gold_gain":0,"player_choice":"Inject Mutagens","damage_taken":0,"relics_obtained":["MutagenicStrength"],"max_hp_gain":0,"max_hp_loss":0,"event_name":"Drug Dealer","floor":22,"gold_loss":0}],"is_beta":false,"boss_relics":[{"not_picked":["Kintsugi","hubris:BlackHole"],"picked":"hubris:ScarierMask"}],"items_purged_floors":[],"is_endless":true,"potions_floor_spawned":[2,4,7,16,18,24,25],"killed_by":"Snecko","ascension_level":1}}