{"host":"Jackie","time":1608666207,"event":{"mods":["BaseMod","Highlight Path","Minty Spire (QoL Compilation)","Relic Stats","Slay the Relics Exporter","StSLib","Twitch Decklist"],"gold_per_floor":[110,128,143,156,171,171,204,216,216,216,11,11,39,39,39,134,134,149,149,74,89,14,55,55,55,55,95,95,111,111,132,132,227,227,240,140,171,194,210,210,233,233,301,317,341,376,401,434,434,434,434],"floor_reached":50,"playtime":3412,"items_purged":["Strike_R","Strike_R"],"score":1308,"play_id":"302b6423-faa7-4e04-9246-ccf0fa7a15ba","local_time":"20201222114327","is_ascension_mode":true,"campfire_choices":[{"data":"Carnage","floor":6.0,"key":"SMITH"},{"data":"Whirlwind","floor":10.0,"key":"SMITH"},{"data":"Spot Weakness","floor":15.0,"key":"SMITH"},{"data":"Burning Pact","floor":24.0,"key":"SMITH"},{"floor":28.0,"key":"REST"},{"data":"Rupture","floor":30.0,"key":"SMITH"},{"floor":32.0,"key":"REST"},{"floor":40.0,"key":"REST"},{"floor":49.0,"key":"REST"}],"circlet_count":0,"master_deck":["AscendersBane","Strike_R","Strike_R","Strike_R","Defend_R","Defend_R","Defend_R","Defend_R","Bash+1","Carnage+1","Whirlwind+1","Shrug It Off","Offering","Spot Weakness+1","Rupture+1","Limit Break","Disarm","Burning Pact+1","Combust","Shrug It Off+1","Barricade","True Grit+1","Power Through+1","Sword Boomerang+1","Entrench+1","Dark Shackles+1","Spot Weakness+1","Limit Break+1","Burning Pact+1"],"relics":["Burning Blood","Regal Pillow","InkBottle","OrangePellets","Sundial","Golden Idol","Snecko Eye","Mummified Hand","Toxic Egg 2","Paper Frog","Philosopher\u0027s Stone","Thread and Needle","Pear","Frozen Egg 2","Potion Belt"],"acts_visited":["Exordium","TheCity","TheBeyond"],"potions_floor_usage":[50],"damage_taken":[{"damage":7.0,"enemies":"Cultist","floor":1.0,"turns":4.0},{"damage":7.0,"enemies":"Jaw Worm","floor":2.0,"turns":3.0},{"damage":7.0,"enemies":"Small Slimes","floor":3.0,"turns":3.0},{"damage":0.0,"enemies":"3 Louse","floor":4.0,"turns":1.0},{"damage":17.0,"enemies":"Large Slime","floor":5.0,"turns":6.0},{"damage":6.0,"enemies":"Gremlin Nob","floor":7.0,"turns":2.0},{"damage":6.0,"enemies":"Exordium Wildlife","floor":8.0,"turns":2.0},{"damage":18.0,"enemies":"3 Sentries","floor":13.0,"turns":3.0},{"damage":6.0,"enemies":"Slime Boss","floor":16.0,"turns":4.0},{"damage":10.0,"enemies":"3 Byrds","floor":18.0,"turns":3.0},{"damage":18.0,"enemies":"Chosen","floor":21.0,"turns":3.0},{"damage":6.0,"enemies":"Book of Stabbing","floor":23.0,"turns":3.0},{"damage":45.0,"enemies":"Gremlin Leader","floor":27.0,"turns":5.0},{"damage":9.0,"enemies":"Snecko","floor":29.0,"turns":3.0},{"damage":14.0,"enemies":"Chosen and Byrds","floor":31.0,"turns":4.0},{"damage":36.0,"enemies":"Collector","floor":33.0,"turns":6.0},{"damage":16.0,"enemies":"3 Shapes","floor":35.0,"turns":5.0},{"damage":15.0,"enemies":"Mind Bloom Boss Battle","floor":37.0,"turns":6.0},{"damage":9.0,"enemies":"Orb Walker","floor":38.0,"turns":3.0},{"damage":12.0,"enemies":"Spire Growth","floor":39.0,"turns":4.0},{"damage":14.0,"enemies":"Jaw Worm Horde","floor":41.0,"turns":4.0},{"damage":3.0,"enemies":"3 Darklings","floor":44.0,"turns":3.0},{"damage":23.0,"enemies":"Spire Growth","floor":45.0,"turns":5.0},{"damage":7.0,"enemies":"Nemesis","floor":46.0,"turns":13.0},{"damage":23.0,"enemies":"4 Shapes","floor":47.0,"turns":6.0},{"damage":22.0,"enemies":"Reptomancer","floor":48.0,"turns":4.0},{"damage":68,"enemies":"Time Eater","floor":50,"turns":5}],"seed_played":"-5113623844389067205","potions_obtained":[{"floor":2.0,"key":"Block Potion"},{"floor":3.0,"key":"FearPotion"},{"floor":7.0,"key":"Dexterity Potion"},{"floor":16.0,"key":"DistilledChaos"},{"floor":18.0,"key":"Energy Potion"},{"floor":31.0,"key":"FearPotion"},{"floor":33.0,"key":"ElixirPotion"},{"floor":37.0,"key":"LiquidMemories"},{"floor":44.0,"key":"BlessingOfTheForge"},{"floor":48.0,"key":"PowerPotion"}],"is_trial":false,"path_per_floor":["M","M","M","M","M","R","E","M","T","R","$","?","E","?","R","B",null,"M","?","?","M","$","E","R","T","T","E","R","M","R","M","R","B",null,"M","$","?","M","M","R","M","?","T","M","M","E","M","E","R","B"],"character_chosen":"IRONCLAD","items_purchased":["Spot Weakness","OrangePellets"],"campfire_rested":4,"item_purchase_floors":[11,11],"current_hp_per_floor":[67,66,65,71,60,60,60,60,60,60,60,60,48,48,48,48,63,59,59,59,47,47,47,47,47,47,8,43,40,40,32,67,37,60,50,50,41,38,32,67,59,59,69,72,55,54,37,21,59,0,0],"gold":434,"neow_bonus":"UPGRADE_CARD","is_daily":false,"chose_seed":false,"campfire_upgraded":5,"win_rate":0.0,"timestamp":1608666207,"path_taken":["M","M","M","?","M","R","E","M","T","R","$","?","E","?","R","BOSS","M","?","?","M","?","E","R","?","T","E","R","M","R","?","R","BOSS","M","$","?","M","M","R","M","?","T","M","M","E","M","E","R","BOSS"],"items_purchased_type":["Card","Relic"],"build_version":"2020-12-18","purchased_purges":2,"victory":false,"max_hp_per_floor":[75,75,75,75,75,75,75,75,75,75,75,75,75,68,68,68,68,68,68,68,68,68,68,68,68,68,68,68,68,68,68,68,68,68,68,68,68,68,68,68,68,68,78,78,78,78,78,78,78,78,78],"relic_stats":{"OrangePellets":[20],"Regal Pillow":60,"counters":[27,113],"Sundial":[22],"Golden Idol":116,"Mummified Hand":[55],"Snecko Eye":[107,105,102,104],"obtain_stats":[{"Potion Belt":48,"Regal Pillow":7,"Pear":43,"Golden Idol":14,"Thread and Needle":37,"Frozen Egg 2":46,"Burning Blood":0,"OrangePellets":11,"Sundial":13,"Mummified Hand":23,"Snecko Eye":17,"Philosopher\u0027s Stone":34,"Toxic Egg 2":25,"InkBottle":9,"Paper Frog":27},{"Potion Belt":26,"Regal Pillow":6,"Pear":21,"Golden Idol":8,"Thread and Needle":18,"Frozen Egg 2":24,"Burning Blood":0,"OrangePellets":7,"Sundial":8,"Mummified Hand":12,"Snecko Eye":9,"Philosopher\u0027s Stone":16,"Toxic Egg 2":12,"InkBottle":7,"Paper Frog":13},{"Potion Belt":108,"Regal Pillow":19,"Pear":77,"Golden Idol":24,"Thread and Needle":66,"Frozen Egg 2":98,"Burning Blood":0,"OrangePellets":21,"Sundial":24,"Mummified Hand":37,"Snecko Eye":28,"Philosopher\u0027s Stone":55,"Toxic Egg 2":37,"InkBottle":21,"Paper Frog":42}],"Burning Blood":156,"InkBottle":[35]},"card_choices":[{"not_picked":["Headbutt","Burning Pact"],"picked":"Anger","floor":1.0},{"not_picked":["Thunderclap","Pommel Strike"],"picked":"Carnage","floor":2.0},{"not_picked":["Carnage","Twin Strike"],"picked":"Whirlwind","floor":3.0},{"not_picked":["Warcry","Flex"],"picked":"Shrug It Off","floor":4.0},{"not_picked":["Hemokinesis","Thunderclap"],"picked":"Offering","floor":5.0},{"not_picked":["Searing Blow","Shrug It Off","Rage"],"picked":"SKIP","floor":7.0},{"not_picked":["Searing Blow","Shrug It Off","Rage"],"picked":"SKIP","floor":7.0},{"not_picked":["Havoc","Heavy Blade","Reckless Charge"],"picked":"SKIP","floor":8.0},{"not_picked":["Infernal Blade","Ghostly Armor"],"picked":"Rupture","floor":13.0},{"not_picked":["Barricade","Brutality"],"picked":"Limit Break","floor":16.0},{"not_picked":["Twin Strike","Pummel"],"picked":"Disarm","floor":18.0},{"not_picked":["Flex","Body Slam","True Grit"],"picked":"SKIP","floor":21.0},{"not_picked":["Heavy Blade","Havoc"],"picked":"Burning Pact","floor":23.0},{"not_picked":["Sentinel+1","Flex+1","Iron Wave"],"picked":"SKIP","floor":27.0},{"not_picked":["Clothesline","Armaments+1"],"picked":"Combust","floor":29.0},{"not_picked":["Battle Trance+1","Sword Boomerang"],"picked":"Shrug It Off+1","floor":31.0},{"not_picked":["Offering+1","Demon Form"],"picked":"Barricade","floor":33.0},{"not_picked":["Thunderclap","Carnage+1","Pommel Strike+1"],"picked":"SKIP","floor":35.0},{"not_picked":["Wild Strike","Burning Pact+1"],"picked":"True Grit+1","floor":37.0},{"not_picked":["Clothesline+1","Body Slam"],"picked":"Power Through+1","floor":38.0},{"not_picked":["Armaments+1","Warcry+1"],"picked":"Sword Boomerang+1","floor":39.0},{"not_picked":["True Grit+1","Second Wind+1"],"picked":"Entrench+1","floor":41.0},{"not_picked":["The Bomb+1","Metamorphosis+1"],"picked":"Dark Shackles+1","floor":42.0},{"not_picked":["Infernal Blade+1","Pommel Strike"],"picked":"Spot Weakness+1","floor":44.0},{"not_picked":["Metallicize","Warcry+1","Sword Boomerang"],"picked":"SKIP","floor":45.0},{"not_picked":["Second Wind+1","Iron Wave"],"picked":"Limit Break+1","floor":46.0},{"not_picked":["Dual Wield+1","Sword Boomerang+1"],"picked":"Burning Pact+1","floor":47.0},{"not_picked":["Headbutt","Bloodletting+1","Intimidate+1"],"picked":"SKIP","floor":48.0}],"player_experience":2125188,"relics_obtained":[{"floor":7.0,"key":"Regal Pillow"},{"floor":9.0,"key":"InkBottle"},{"floor":13.0,"key":"Sundial"},{"floor":23.0,"key":"Mummified Hand"},{"floor":25.0,"key":"Toxic Egg 2"},{"floor":27.0,"key":"Paper Frog"},{"floor":37.0,"key":"Thread and Needle"},{"floor":43.0,"key":"Pear"},{"floor":46.0,"key":"Frozen Egg 2"},{"floor":48.0,"key":"Potion Belt"}],"event_choices":[{"damage_healed":0.0,"max_hp_gain":0.0,"max_hp_loss":0.0,"gold_gain":0.0,"event_name":"Liars Game","player_choice":"Ignored","floor":12.0,"gold_loss":0.0,"damage_taken":0.0},{"damage_healed":0.0,"max_hp_gain":0.0,"max_hp_loss":7.0,"gold_gain":0.0,"event_name":"Golden Idol","player_choice":"Lose Max HP","floor":14.0,"gold_loss":0.0,"damage_taken":0.0,"relics_obtained":["Golden Idol"]},{"damage_healed":0.0,"max_hp_gain":0.0,"max_hp_loss":0.0,"gold_gain":0.0,"event_name":"Vampires","player_choice":"Ignored","floor":19.0,"gold_loss":0.0,"damage_taken":0.0},{"cards_removed":["Anger"],"damage_healed":0.0,"max_hp_gain":0.0,"max_hp_loss":0.0,"gold_gain":0.0,"event_name":"Beggar","player_choice":"Gave Gold","floor":20.0,"gold_loss":75.0,"damage_taken":0.0},{"damage_healed":0.0,"max_hp_gain":0.0,"max_hp_loss":0.0,"gold_gain":0.0,"event_name":"MindBloom","player_choice":"Fight","floor":37.0,"gold_loss":0.0,"damage_taken":0.0},{"damage_healed":0.0,"max_hp_gain":0.0,"max_hp_loss":0.0,"gold_gain":0.0,"event_name":"SensoryStone","player_choice":"Memory 1","floor":42.0,"gold_loss":0.0,"damage_taken":0.0}],"is_beta":true,"boss_relics":[{"not_picked":["Runic Dome","Cursed Key"],"picked":"Snecko Eye"},{"not_picked":["Busted Crown","Black Blood"],"picked":"Philosopher\u0027s Stone"}],"items_purged_floors":[22,36],"is_endless":false,"potions_floor_spawned":[2,3,7,13,16,18,23,31,33,37,38,44,48],"killed_by":"Time Eater","ascension_level":20}}