{"host":"f6tqpspb2ou2a4h5","time":1608639261,"event":{"mods":["2.2 Compatiblity","Ascension Unlocker","BaseMod","Colored Map","DeckTracker","Hermit","Highlight Path","KOR Keyword Fix","Keyboard Shortcuts","Minty Spire (QoL Compilation)","Permanent Neow","Quick Restart","Random Character Button","StSLib","SuperFastMode","The Poker Player","everything is the same but u backflip on backflip"],"gold_per_floor":[213,223,169,185,185,185,220,220,220,230,230,244,269,32,32,32,32],"floor_reached":16,"playtime":545,"items_purged":["Strike_G"],"score":220,"play_id":"fe615f00-f861-46ab-b5c7-dac49e87a325","local_time":"20201222211421","is_ascension_mode":true,"campfire_choices":[{"floor":6.0,"key":"REST"},{"floor":11.0,"key":"REST"},{"floor":15,"key":"REST"}],"circlet_count":0,"master_deck":["AscendersBane","Strike_G","Strike_G","Strike_G","Strike_G","Defend_G","Defend_G","Defend_G+1","Defend_G","Defend_G","Survivor","Neutralize","Dagger Throw+1","Blade Dance","Accuracy","Corpse Explosion","Glass Knife","Night Terror","Blade Dance"],"relics":["Ring of the Snake","WingedGreaves","Art of War","Prayer Wheel","Bottled Lightning","DollysMirror"],"acts_visited":["Exordium"],"potions_floor_usage":[13,16],"damage_taken":[{"damage":18.0,"enemies":"Jaw Worm","floor":1.0,"turns":9.0},{"damage":1.0,"enemies":"Cultist","floor":2.0,"turns":3.0},{"damage":1.0,"enemies":"Small Slimes","floor":4.0,"turns":3.0},{"damage":8.0,"enemies":"Gremlin Nob","floor":7.0,"turns":3.0},{"damage":2.0,"enemies":"Red Slaver","floor":10.0,"turns":3.0},{"damage":3.0,"enemies":"Blue Slaver","floor":12.0,"turns":3.0},{"damage":31,"enemies":"Lagavulin","floor":13,"turns":6},{"damage":56,"enemies":"The Guardian","floor":16,"turns":10}],"seed_played":"-1995272846837295731","potions_obtained":[{"floor":1.0,"key":"EntropicBrew"},{"floor":12,"key":"LiquidMemories"},{"floor":13,"key":"LiquidMemories"}],"is_trial":false,"path_per_floor":["M","M","$","M","?","R","E","?","T","M","R","M","E","$","R","B"],"character_chosen":"THE_SILENT","items_purchased":["Dagger Throw","DollysMirror"],"campfire_rested":3,"item_purchase_floors":[3,14],"current_hp_per_floor":[41,40,40,39,19,38,30,30,30,28,47,44,13,13,32,0,0],"gold":32,"neow_bonus":"HUNDRED_GOLD","is_daily":false,"chose_seed":false,"campfire_upgraded":0,"win_rate":0.0,"timestamp":1608639261,"path_taken":["M","M","$","M","?","R","E","?","T","M","R","M","E","$","R","BOSS"],"items_purchased_type":["Card","Relic"],"build_version":"2020-12-13","purchased_purges":1,"victory":false,"max_hp_per_floor":[66,66,66,66,66,66,66,66,66,66,66,66,66,66,66,66,66],"card_choices":[{"not_picked":["Catalyst","Acrobatics","Bane"],"picked":"SKIP","floor":1.0},{"not_picked":["Distraction","Acrobatics","Bane"],"picked":"SKIP","floor":2.0},{"not_picked":["Expertise","Deflect"],"picked":"Blade Dance","floor":4.0},{"not_picked":["Flechettes","Dodge and Roll"],"picked":"Dagger Spray","floor":7.0},{"not_picked":["Poisoned Stab","Dodge and Roll"],"picked":"Accuracy","floor":10.0},{"not_picked":["Bane","Poisoned Stab"],"picked":"Corpse Explosion","floor":10.0},{"not_picked":["Skewer","Bouncing Flask"],"picked":"Glass Knife","floor":12},{"not_picked":["Flying Knee","Poisoned Stab","Outmaneuver"],"picked":"SKIP","floor":12},{"not_picked":["Dagger Throw","Deflect"],"picked":"Night Terror","floor":13}],"player_experience":35984,"relics_obtained":[{"floor":7.0,"key":"WingedGreaves"},{"floor":9.0,"key":"Prayer Wheel"},{"floor":13,"key":"Bottled Lightning"}],"event_choices":[{"damage_healed":0.0,"max_hp_gain":0.0,"max_hp_loss":0.0,"gold_gain":0.0,"event_name":"Shining Light","player_choice":"Entered Light","floor":5.0,"gold_loss":0.0,"damage_taken":20.0,"cards_upgraded":["Defend_G","Dagger Throw"]},{"cards_removed":["Dagger Spray"],"damage_healed":0.0,"max_hp_gain":0.0,"max_hp_loss":0.0,"gold_gain":0.0,"event_name":"WeMeetAgain","player_choice":"Gave Card","floor":8.0,"gold_loss":0.0,"damage_taken":0.0,"relics_obtained":["Art of War"]}],"is_beta":false,"boss_relics":[],"items_purged_floors":[14],"is_endless":false,"potions_floor_spawned":[1,12,13],"killed_by":"The Guardian","ascension_level":20}}