{"host":"j204k34h42bd6fas","time":1608675042,"event":{"mods":["Aspiration","BaseMod","Colored Map","Colored Powertips","Conspire","Hubris","Infinite Spire","Mimic Mod","Minty Spire (QoL Compilation)","Potionbrewer","Rare Cards Sparkle","Relic Stats","Replay The Spire","Say the Spire","StSLib","The Cursed","The Judge"],"gold_per_floor":[119,132,142,56,69,69,86,112,138,169,183,183,183,0,0,96,96,107,107,107,107,107,107],"floor_reached":22,"playtime":893,"items_purged":[],"score":258,"play_id":"8bd56595-072b-42c2-b66e-1ac43819bb09","local_time":"20201222171042","is_ascension_mode":true,"campfire_choices":[{"data":"Draining Mist","floor":6,"key":"SMITH"},{"floor":12,"key":"REST"},{"data":"Replay:Poison Smokescreen","floor":15,"key":"SMITH"}],"circlet_count":0,"master_deck":["Survivor","Neutralize","Backstab","Replay:Poison Smokescreen+1","Flying Knee","Footwork","Bane","Draining Mist+1","Dagger Spray","Sneak Up","Underhanded Strike","Deadly Poison","Distraction","Corpse Explosion","ReplayTheSpireMod:Speed Training","Escape Plan","hubris:Sniper","Grand Finale","Bullet Time","infinitespire:Neurotoxin","Poisoned Stab","Hidden Blade","Hidden Blade","conspire:DoublingDagger","Expertise","Bite","Bite","Bite","Bite","Bite"],"relics":["NeowsBlessing","Juzu Bracelet","infinitespire:Satchel","ReplayTheSpireMod:TigerMarble","Replay:Bottled Flurry","TwistedFunnel","Pandora\u0027s Box","Nloth\u0027s Gift","ReplayFunnel"],"acts_visited":["Exordium","TheCity"],"potions_floor_usage":[22,22,22],"damage_taken":[{"damage":0,"enemies":"Cultist","floor":1,"turns":1},{"damage":0,"enemies":"2 Louse","floor":2,"turns":1},{"damage":0,"enemies":"Jaw Worm","floor":3,"turns":1},{"damage":0,"enemies":"Large Slime","floor":5,"turns":4},{"damage":6,"enemies":"2 Fungi Beasts","floor":7,"turns":3},{"damage":21,"enemies":"Gremlin Nob","floor":8,"turns":4},{"damage":24,"enemies":"3 Sentries","floor":10,"turns":8},{"damage":3,"enemies":"Gremlin Gang","floor":11,"turns":4},{"damage":45,"enemies":"Fading Forest","floor":16,"turns":11},{"damage":46,"enemies":"Shell Parasite","floor":18,"turns":6},{"damage":27,"enemies":"conspire:MimicChest","floor":22,"turns":4}],"seed_played":"8513544140024756067","potions_obtained":[{"floor":3,"key":"SpeedPotion"},{"floor":7,"key":"ColorlessPotion"},{"floor":10,"key":"Adrenaline Potion"},{"floor":18,"key":"BlessingOfTheForge"}],"is_trial":false,"path_per_floor":["M","M","M","$","M","R","M","E","T","E","M","R","?","$","R","B",null,"M","?","T","?","?"],"character_chosen":"THE_SILENT","items_purchased":["Footwork","Bane","TwistedFunnel","Distraction"],"campfire_rested":1,"item_purchase_floors":[4,4,14,14],"current_hp_per_floor":[70,70,70,70,70,70,64,43,43,19,20,41,41,41,41,4,70,24,24,24,24,5,5],"gold":107,"neow_bonus":"THREE_ENEMY_KILL","is_daily":false,"chose_seed":false,"campfire_upgraded":2,"win_rate":0.0,"timestamp":1608675042,"path_taken":["M","M","M","$","M","R","?","E","T","E","M","R","?","$","R","BOSS","M","?","?","?","?"],"items_purchased_type":["Card","Card","Relic","Card"],"build_version":"2020-12-13","purchased_purges":0,"victory":false,"max_hp_per_floor":[70,70,70,70,70,70,70,70,70,70,70,70,70,70,70,70,70,70,70,70,49,49,49],"relic_stats":{"counters":[11,47],"Pandora\u0027s Box":["ReplayTheSpireMod:Speed Training","Escape Plan","hubris:Sniper","Grand Finale","Bullet Time","infinitespire:Neurotoxin","Poisoned Stab","Hidden Blade","Hidden Blade","conspire:DoublingDagger"],"Juzu Bracelet":2,"Nloth\u0027s Gift":0,"obtain_stats":[{"TwistedFunnel":14,"ReplayFunnel":20,"NeowsBlessing":0,"infinitespire:Satchel":9,"Pandora\u0027s Box":17,"Juzu Bracelet":8,"ReplayTheSpireMod:TigerMarble":10,"Replay:Bottled Flurry":13,"Nloth\u0027s Gift":19,"Ring of the Snake":0},{"TwistedFunnel":8,"ReplayFunnel":10,"NeowsBlessing":0,"infinitespire:Satchel":6,"Pandora\u0027s Box":9,"Juzu Bracelet":6,"ReplayTheSpireMod:TigerMarble":7,"Replay:Bottled Flurry":8,"Nloth\u0027s Gift":10,"Ring of the Snake":0},{"TwistedFunnel":26,"ReplayFunnel":43,"NeowsBlessing":0,"infinitespire:Satchel":14,"Pandora\u0027s Box":37,"Juzu Bracelet":14,"ReplayTheSpireMod:TigerMarble":22,"Replay:Bottled Flurry":26,"Nloth\u0027s Gift":43,"Ring of the Snake":0}]},"card_choices":[{"not_picked":["hubris:SlightOfHand","Slice"],"picked":"Backstab","floor":1},{"not_picked":["Bouncing Flask","Eviscerate"],"picked":"Replay:Poison Smokescreen","floor":2},{"not_picked":["Well Laid Plans","Blade Dance"],"picked":"Flying Knee","floor":3},{"not_picked":["Dagger Throw","ReplayTheSpireMod:Exploit Weakness"],"picked":"Draining Mist","floor":5},{"not_picked":["Escape Plan","Quick Slash"],"picked":"Dagger Spray","floor":7},{"not_picked":["Slice","Cloak And Dagger"],"picked":"Sneak Up","floor":8},{"not_picked":["Skewer","Choke"],"picked":"Underhanded Strike","floor":10},{"not_picked":["ReplayTheSpireMod:Tripwire","Quick Slash"],"picked":"Deadly Poison","floor":11},{"not_picked":["Malaise","Die Die Die"],"picked":"Corpse Explosion","floor":16},{"not_picked":["Endless Agony+1","Blade Dance"],"picked":"Expertise","floor":18}],"player_experience":278900,"relics_obtained":[{"floor":8,"key":"Juzu Bracelet"},{"floor":9,"key":"infinitespire:Satchel"},{"floor":10,"key":"ReplayTheSpireMod:TigerMarble"},{"floor":20,"key":"ReplayFunnel"}],"event_choices":[{"damage_healed":0,"gold_gain":0,"player_choice":"Gave Potion","damage_taken":0,"relics_obtained":["Replay:Bottled Flurry"],"max_hp_gain":0,"max_hp_loss":0,"event_name":"WeMeetAgain","floor":13,"gold_loss":0},{"damage_healed":0,"gold_gain":0,"player_choice":"Traded Relic","damage_taken":0,"relics_obtained":["Nloth\u0027s Gift"],"max_hp_gain":0,"max_hp_loss":0,"event_name":"N\u0027loth","floor":19,"relics_lost":["Ring of the Snake"],"gold_loss":0},{"damage_healed":0,"gold_gain":0,"player_choice":"Became a vampire","damage_taken":0,"max_hp_gain":0,"max_hp_loss":21,"event_name":"Vampires","floor":21,"gold_loss":0,"cards_obtained":["Bite","Bite","Bite","Bite","Bite"]}],"is_beta":false,"boss_relics":[{"not_picked":["Philosopher\u0027s Stone","Replay:Grab Bag"],"picked":"Pandora\u0027s Box"}],"items_purged_floors":[],"is_endless":false,"potions_floor_spawned":[3,7,10,18],"killed_by":"conspire:MimicChest","ascension_level":4}}