{"host":"htqwg582tjjtn9p7","time":1608644630,"event":{"mods":["2.2 Compatiblity","AchievementEnabler","Act Like it!","Aspiration","BaseMod","Better Third Choice","Colored Map","Conspire","Curses Come First","Displayed Cursed Tome","Energized Spire","Force Act Four","GifTheSpireLib","Hermit","Highlight Path","JesterMod","Mad Scientist","Minty Spire (QoL Compilation)","Pale of the Ancients","Permanent Neow","Random Character Button","Relic Stats","Replay The Spire","Robot Space Explorer","Somnambulant","Spicy Shops","Spikes Relics","StSLib","Stuff the Spire","The Blue Laboratory","The Disciple","The Dragon Tamer","The Forsaken","The Gatherer","The Judge","The Jungle","The Runesmith","The Servant 0.9.4"],"gold_per_floor":[161,161,32,47,59,59,92,92,92,122,122,135,135,135,135,207,207,224,14,0,0],"floor_reached":20,"playtime":762,"items_purged":["Strike_B","Pride"],"score":297,"play_id":"45fe1fc6-ce12-4968-b241-2437a39e0bfe","local_time":"20201222144350","is_ascension_mode":true,"campfire_choices":[{"data":"Zap","floor":6,"key":"SMITH"},{"floor":13,"key":"REST"},{"floor":15,"key":"REST"}],"circlet_count":0,"master_deck":["AscendersBane","Strike_B","Strike_B+1","Defend_B","Defend_B","Defend_B","Defend_B","Zap+1","Dualcast","Steam","BootSequence","Ball Lightning","Sweeping Beam","Loop"],"relics":["Tiny House","NlothsMask","Ancient Tea Set","Oddly Smooth Stone","Runic Pyramid","Runic Capacitor"],"acts_visited":["Exordium","TheCity"],"potions_floor_usage":[10,16,16,20,20],"damage_taken":[{"damage":0,"enemies":"conspire:RoseBush","floor":1,"turns":4},{"damage":1,"enemies":"Cultist","floor":4,"turns":3},{"damage":0,"enemies":"2 Louse","floor":5,"turns":2},{"damage":38,"enemies":"Lagavulin","floor":7,"turns":7},{"damage":20,"enemies":"3 Sentries","floor":10,"turns":8},{"damage":11,"enemies":"Gremlin Gang","floor":12,"turns":4},{"damage":51,"enemies":"Hexaghost","floor":16,"turns":12},{"damage":26,"enemies":"3 Byrds","floor":18,"turns":4},{"damage":20,"enemies":"2 Thieves","floor":20,"turns":3}],"seed_played":"-1293749320910566457","potions_obtained":[{"floor":0,"key":"Block Potion"},{"floor":4,"key":"Dexterity Potion"},{"floor":5,"key":"Adrenaline Potion"},{"floor":10,"key":"PowerPotion"},{"floor":18,"key":"Explosive Potion"}],"is_trial":false,"path_per_floor":["M","?","$","M","M","R","E","?","T","E","?","M","R","?","R","B",null,"M","$","M"],"character_chosen":"DEFECT","items_purchased":["Ball Lightning","Runic Capacitor","blueLaboratory:FruitPunch"],"campfire_rested":2,"item_purchase_floors":[3,19,19],"current_hp_per_floor":[73,73,73,72,72,72,34,27,27,7,33,22,46,38,62,11,63,37,37,19,19],"gold":0,"neow_bonus":"BOSS_RELIC","is_daily":false,"chose_seed":false,"campfire_upgraded":1,"win_rate":0.0,"timestamp":1608644630,"path_taken":["M","?","$","?","M","R","E","?","T","E","?","M","R","?","R","BOSS","M","$","?"],"items_purchased_type":["Card","Relic","Potion"],"build_version":"2020-12-13","purchased_purges":2,"victory":false,"max_hp_per_floor":[80,80,80,80,80,80,80,80,80,80,80,80,80,80,80,80,80,80,80,82,82],"relic_stats":{"counters":[9,45],"obtain_stats":[{"Tiny House":0,"Oddly Smooth Stone":10,"Runic Capacitor":19,"Cracked Core":0,"Ancient Tea Set":7,"NlothsMask":2,"Runic Pyramid":17},{"Tiny House":0,"Oddly Smooth Stone":5,"Runic Capacitor":8,"Cracked Core":0,"Ancient Tea Set":4,"NlothsMask":1,"Runic Pyramid":7},{"Tiny House":0,"Oddly Smooth Stone":23,"Runic Capacitor":43,"Cracked Core":0,"Ancient Tea Set":16,"NlothsMask":4,"Runic Pyramid":39}]},"card_choices":[{"not_picked":["Stack","Rebound"],"picked":"Steam","floor":0},{"not_picked":["Panic Button","StuffTheSpire:LoadUp"],"picked":"BootSequence","floor":1},{"not_picked":["StuffTheSpire:Plugnplay","Lockon","Melter"],"picked":"SKIP","floor":4},{"not_picked":["ReplayTheSpireMod:GoodbyeWorld","conspire:Rain"],"picked":"Sweeping Beam","floor":5},{"not_picked":["Streamline","StuffTheSpire:Plugnplay"],"picked":"Loop","floor":7},{"not_picked":["Go for the Eyes","Lockon","Double Energy"],"picked":"SKIP","floor":10},{"not_picked":["Stack","Meteor Strike","Beam Cell"],"picked":"SKIP","floor":12},{"not_picked":["Streamline","Chaos","ReplaySort"],"picked":"SKIP","floor":18}],"player_experience":1741789,"relics_obtained":[{"floor":7,"key":"Ancient Tea Set"},{"floor":10,"key":"Oddly Smooth Stone"}],"event_choices":[{"damage_healed":0,"gold_gain":0,"player_choice":"Trade","damage_taken":0,"relics_obtained":["NlothsMask"],"max_hp_gain":0,"max_hp_loss":0,"event_name":"FaceTrader","floor":2,"gold_loss":0},{"cards_removed":["Strike_B"],"damage_healed":0,"gold_gain":0,"player_choice":"Card Removal","damage_taken":7,"max_hp_gain":0,"max_hp_loss":0,"event_name":"Golden Wing","floor":8,"gold_loss":0},{"damage_healed":26,"gold_gain":0,"player_choice":"Banana","damage_taken":0,"max_hp_gain":0,"max_hp_loss":0,"event_name":"Big Fish","floor":11,"gold_loss":0},{"damage_healed":0,"gold_gain":0,"player_choice":"Damaged","damage_taken":8,"max_hp_gain":0,"max_hp_loss":0,"event_name":"Wheel of Change","floor":14,"gold_loss":0}],"is_beta":false,"boss_relics":[{"not_picked":["Black Star","SlaversCollar"],"picked":"Runic Pyramid"}],"items_purged_floors":[3,19],"is_endless":false,"potions_floor_spawned":[4,5,10,12,18],"killed_by":"2 Thieves","ascension_level":13}}