{"host":"wha9hktbkslqvblg","time":1608595572,"event":{"mods":["BaseMod","Colored Map","Minty Spire (QoL Compilation)","Relic Stats","SuperFastMode","everything is the same but u backflip on backflip"],"gold_per_floor":[110,110,121,46,46,77,77,77,102,113,143,143,143,162,162,240,240,255,265,265,284,234,234,246,246,271,289,309,328,340,290,290,369,369,379,379,379,5,18,18,32,64,64,64,64],"floor_reached":44,"playtime":928,"items_purged":["Strike_R","Strike_R","Strike_R","Strike_R+1"],"score":1000,"play_id":"9f8928de-5705-438c-90f3-71829d57311c","local_time":"20201222090612","is_ascension_mode":true,"campfire_choices":[{"data":"Flame Barrier","floor":7.0,"key":"SMITH"},{"data":"Uppercut","floor":15.0,"key":"SMITH"},{"data":"Demon Form","floor":23.0,"key":"SMITH"},{"data":"Immolate","floor":25.0,"key":"SMITH"},{"data":"Whirlwind","floor":32.0,"key":"SMITH"},{"data":"Body Slam","floor":40.0,"key":"SMITH"}],"circlet_count":0,"master_deck":["AscendersBane","Defend_R+1","Defend_R","Defend_R","Bash+1","Spot Weakness","Flame Barrier+1","Impervious+1","Whirlwind+1","Uppercut+1","Immolate+1","Demon Form+1","Pommel Strike+1","Impervious","Body Slam+1","Shrug It Off","Sword Boomerang"],"relics":["Burning Blood","NeowsBlessing","Smiling Mask","MealTicket","Art of War","Happy Flower","Sozu","Cursed Key","Membership Card","Sundial","Letter Opener"],"acts_visited":["Exordium","TheCity","TheBeyond"],"potions_floor_usage":[],"damage_taken":[{"damage":0.0,"enemies":"Small Slimes","floor":1.0,"turns":1.0},{"damage":0.0,"enemies":"Cultist","floor":3.0,"turns":1.0},{"damage":0.0,"enemies":"3 Sentries","floor":6.0,"turns":2.0},{"damage":2.0,"enemies":"Jaw Worm","floor":10.0,"turns":4.0},{"damage":6.0,"enemies":"Lagavulin","floor":11.0,"turns":5.0},{"damage":0.0,"enemies":"Blue Slaver","floor":14.0,"turns":3.0},{"damage":10.0,"enemies":"The Guardian","floor":16.0,"turns":15.0},{"damage":9.0,"enemies":"Shell Parasite","floor":18.0,"turns":4.0},{"damage":16.0,"enemies":"Spheric Guardian","floor":19.0,"turns":4.0},{"damage":27.0,"enemies":"Chosen and Byrds","floor":21.0,"turns":5.0},{"damage":20.0,"enemies":"Snake Plant","floor":24.0,"turns":4.0},{"damage":0.0,"enemies":"Snecko","floor":27.0,"turns":3.0},{"damage":7.0,"enemies":"Centurion and Healer","floor":28.0,"turns":5.0},{"damage":11.0,"enemies":"3 Cultists","floor":29.0,"turns":4.0},{"damage":8.0,"enemies":"Snecko","floor":30.0,"turns":4.0},{"damage":9.0,"enemies":"Champ","floor":33.0,"turns":9.0},{"damage":4.0,"enemies":"3 Darklings","floor":35.0,"turns":4.0},{"damage":4.0,"enemies":"3 Shapes","floor":39.0,"turns":3.0},{"damage":32.0,"enemies":"Spire Growth","floor":41.0,"turns":4.0},{"damage":28.0,"enemies":"Giant Head","floor":42.0,"turns":6.0},{"damage":16,"enemies":"Reptomancer","floor":44,"turns":3}],"seed_played":"773670131830016349","potions_obtained":[{"floor":6.0,"key":"Block Potion"},{"floor":10.0,"key":"LiquidMemories"}],"is_trial":false,"path_per_floor":["M","?","M","$","?","E","R","?","T","M","E","?","?","M","R","B",null,"M","M","?","M","$","R","M","R","T","M","M","M","M","$","R","B",null,"M","?","?","$","M","R","M","E","T","E"],"character_chosen":"IRONCLAD","items_purchased":["Membership Card","Sundial","Body Slam"],"campfire_rested":0,"item_purchase_floors":[38,38,38],"current_hp_per_floor":[74,74,75,75,52,58,58,32,32,36,36,36,36,42,42,38,66,63,53,53,32,47,47,33,33,33,39,38,33,31,46,46,43,67,69,69,69,75,75,75,49,27,27,11,11],"gold":64,"neow_bonus":"THREE_ENEMY_KILL","is_daily":false,"chose_seed":false,"campfire_upgraded":6,"win_rate":0.0,"timestamp":1608595572,"path_taken":["M","?","?","$","?","E","R","?","T","?","E","?","?","M","R","BOSS","M","?","?","?","$","R","M","R","T","M","M","?","M","$","R","BOSS","M","?","?","$","M","R","?","E","T","E"],"items_purchased_type":["Relic","Relic","Card"],"build_version":"2020-12-13","purchased_purges":4,"victory":false,"max_hp_per_floor":[75,75,75,75,75,75,75,75,75,75,75,75,75,75,75,75,75,75,75,75,75,75,75,75,75,75,75,75,75,75,75,75,75,75,75,75,75,75,75,75,75,75,75,75,75],"relic_stats":{"Sozu":6,"Happy Flower":[26],"counters":[21,93],"Sundial":[2],"MealTicket":36,"Art of War":[23],"Letter Opener":[0],"Smiling Mask":150,"Cursed Key":0,"obtain_stats":[{"Sozu":17,"NeowsBlessing":0,"Happy Flower":11,"Sundial":38,"MealTicket":8,"Art of War":9,"Membership Card":38,"Letter Opener":42,"Smiling Mask":6,"Cursed Key":34,"Burning Blood":0},{"Sozu":7,"NeowsBlessing":0,"Happy Flower":5,"Sundial":17,"MealTicket":3,"Art of War":3,"Membership Card":17,"Letter Opener":20,"Smiling Mask":3,"Cursed Key":16,"Burning Blood":0},{"Sozu":31,"NeowsBlessing":0,"Happy Flower":13,"Sundial":77,"MealTicket":4,"Art of War":4,"Membership Card":77,"Letter Opener":90,"Smiling Mask":4,"Cursed Key":73,"Burning Blood":0}],"Burning Blood":113},"card_choices":[{"not_picked":["Cleave","Headbutt","Reckless Charge"],"picked":"SKIP","floor":1.0},{"not_picked":["Reckless Charge","Bloodletting"],"picked":"Spot Weakness","floor":3.0},{"not_picked":["Body Slam","Whirlwind"],"picked":"Flame Barrier","floor":6.0},{"not_picked":["Thunderclap","True Grit","Rage"],"picked":"SKIP","floor":10.0},{"not_picked":["Perfected Strike","Sword Boomerang"],"picked":"Impervious","floor":11.0},{"not_picked":["Perfected Strike","Metallicize"],"picked":"Uppercut","floor":14.0},{"not_picked":["Double Tap","Feed"],"picked":"Immolate","floor":16.0},{"not_picked":["Intimidate","Flex","Seeing Red"],"picked":"SKIP","floor":18.0},{"not_picked":["Wild Strike","Heavy Blade","Anger"],"picked":"SKIP","floor":19.0},{"not_picked":["Warcry","Uppercut"],"picked":"Pommel Strike+1","floor":21.0},{"not_picked":["Seeing Red","Clash","Demon Form"],"picked":"SKIP","floor":24.0},{"not_picked":["Whirlwind","Disarm","Clash"],"picked":"SKIP","floor":27.0},{"not_picked":["Pommel Strike","Burning Pact","Warcry"],"picked":"SKIP","floor":28.0},{"not_picked":["Combust","Spot Weakness+1","Cleave"],"picked":"SKIP","floor":29.0},{"not_picked":["Shockwave","Warcry","Carnage"],"picked":"SKIP","floor":30.0},{"not_picked":["Bludgeon","Berserk"],"picked":"Impervious","floor":33.0},{"not_picked":["Combust","Heavy Blade","Armaments"],"picked":"SKIP","floor":35.0},{"not_picked":["Thunderclap+1","Dropkick+1"],"picked":"Shrug It Off","floor":39.0},{"not_picked":["Havoc+1","Anger+1"],"picked":"Sword Boomerang","floor":41.0},{"not_picked":["Ghostly Armor","Headbutt","Havoc"],"picked":"SKIP","floor":42.0}],"player_experience":880880,"relics_obtained":[{"floor":6.0,"key":"Smiling Mask"},{"floor":9.0,"key":"Art of War"},{"floor":11.0,"key":"Happy Flower"},{"floor":42.0,"key":"Letter Opener"}],"event_choices":[{"damage_healed":0.0,"max_hp_gain":0.0,"max_hp_loss":0.0,"gold_gain":0.0,"event_name":"Upgrade Shrine","player_choice":"Upgraded","floor":2.0,"gold_loss":0.0,"damage_taken":0.0,"cards_upgraded":["Bash"]},{"damage_healed":0.0,"max_hp_gain":0.0,"max_hp_loss":0.0,"gold_gain":0.0,"event_name":"Shining Light","player_choice":"Entered Light","floor":5.0,"gold_loss":0.0,"damage_taken":23.0,"cards_upgraded":["Strike_R","Defend_R"]},{"damage_healed":0.0,"max_hp_gain":0.0,"max_hp_loss":0.0,"gold_gain":0.0,"event_name":"Scrap Ooze","player_choice":"Success","floor":8.0,"gold_loss":0.0,"damage_taken":26.0,"relics_obtained":["MealTicket"]},{"damage_healed":0.0,"max_hp_gain":0.0,"max_hp_loss":0.0,"gold_gain":0.0,"cards_transformed":["Strike_R"],"event_name":"Living Wall","player_choice":"Change","floor":12.0,"gold_loss":0.0,"damage_taken":0.0,"cards_obtained":["Whirlwind"]},{"damage_healed":0.0,"max_hp_gain":0.0,"max_hp_loss":0.0,"gold_gain":0.0,"event_name":"Match and Keep!","player_choice":"0 cards matched","floor":13.0,"gold_loss":0.0,"damage_taken":0.0,"cards_obtained":[]},{"damage_healed":0.0,"max_hp_gain":0.0,"max_hp_loss":0.0,"gold_gain":0.0,"event_name":"Match and Keep!","player_choice":"1 cards matched","floor":20.0,"gold_loss":0.0,"damage_taken":0.0,"cards_obtained":["Demon Form"]},{"cards_removed":["Defend_R"],"damage_healed":0.0,"max_hp_gain":0.0,"max_hp_loss":0.0,"gold_gain":0.0,"event_name":"Falling","player_choice":"Removed Skill","floor":36.0,"gold_loss":0.0,"damage_taken":0.0},{"damage_healed":0.0,"max_hp_gain":0.0,"max_hp_loss":0.0,"gold_gain":0.0,"event_name":"Accursed Blacksmith","player_choice":"Forge","floor":37.0,"gold_loss":0.0,"damage_taken":0.0,"cards_upgraded":["Impervious"]}],"is_beta":false,"boss_relics":[{"not_picked":["Calling Bell","Runic Pyramid"],"picked":"Sozu"},{"not_picked":["Black Star","Busted Crown"],"picked":"Cursed Key"}],"items_purged_floors":[4,22,31,38],"is_endless":false,"potions_floor_spawned":[6,10,19,21,24,27,29,42],"killed_by":"Reptomancer","ascension_level":20}}