{"host":"a61r67bv2jut9r88","time":1608611919,"event":{"mods":["AchievementEnabler","BaseMod","Downfall","Marisa£®ÏF”Í°°ƒß¿Ì…≥£©","Minty Spire (QoL Compilation)","Replay The Spire","Shop Mod","StSLib","SuperFastMode","The Bug Knight","The Cursed","The Servant 0.9.4"],"gold_per_floor":[114,132,57,72,87,120,120,137,161,161,336,349,349,369,369,474,474,488,507,14,89,104,104,129,141,167,167,167,184,184,201,201,296,296,308,308,57,0,0,0,0],"floor_reached":40,"playtime":1855,"items_purged":["Defend_S","Doubt"],"score":558,"play_id":"c1ede32d-8780-44c6-8545-b69091f12e8e","local_time":"20201222123839","is_ascension_mode":false,"campfire_choices":[{"floor":7.0,"key":"REST"},{"data":"ShatteredReality","floor":10.0,"key":"SMITH"},{"floor":15.0,"key":"DIG"},{"floor":23.0,"key":"REST"},{"floor":28.0,"key":"REST"},{"floor":30.0,"key":"REST"},{"floor":32.0,"key":"REST"}],"circlet_count":0,"master_deck":["Strike_S","Defend_S+1","Defend_S","KidneyShot","Exchange","Defy+1","Potential","ShatteredReality+1","BottledTime+1","ReturningBlade","TimeWarp","Comet+1","Clumsy","Revamp+1","Dilation","Defend_G"],"relics":["Uniform","TungstenRod","Broom","Pen Nib","Kintsugi","ReplayTheSpireMod:Ninjato","Nunchaku","Happy Flower","Gremlin Food","HornCleat","Fusion Hammer","Onion Ring","Red Mask"],"acts_visited":["Exordium","TheCity","TheBeyond"],"potions_floor_usage":[35,40],"damage_taken":[{"damage":7.0,"enemies":"2 Louse","floor":1.0,"turns":3.0},{"damage":2.0,"enemies":"Small Slimes","floor":2.0,"turns":4.0},{"damage":0.0,"enemies":"Cultist","floor":4.0,"turns":4.0},{"damage":4.0,"enemies":"Exordium Thugs","floor":5.0,"turns":4.0},{"damage":11.0,"enemies":"Lagavulin","floor":6.0,"turns":8.0},{"damage":0.0,"enemies":"Gremlin Gang","floor":8.0,"turns":4.0},{"damage":1.0,"enemies":"Large Slime","floor":12.0,"turns":7.0},{"damage":3.0,"enemies":"Blue Slaver","floor":14.0,"turns":3.0},{"damage":25.0,"enemies":"Fading Forest","floor":16.0,"turns":11.0},{"damage":20.0,"enemies":"Shell Parasite","floor":18.0,"turns":6.0},{"damage":9.0,"enemies":"Spheric Guardian","floor":19.0,"turns":3.0},{"damage":16.0,"enemies":"Snake Plant","floor":22.0,"turns":4.0},{"damage":18.0,"enemies":"Slavers","floor":24.0,"turns":4.0},{"damage":0.0,"enemies":"3 Cultists","floor":25.0,"turns":3.0},{"damage":4.0,"enemies":"Cultist and Chosen","floor":29.0,"turns":4.0},{"damage":4.0,"enemies":"Centurion and Healer","floor":31.0,"turns":4.0},{"damage":15.0,"enemies":"Pondfish","floor":33.0,"turns":7.0},{"damage":1,"enemies":"Orb Walker","floor":35,"turns":4},{"damage":71,"enemies":"Reptomancer","floor":40,"turns":3}],"seed_played":"-1534518387219019331","potions_obtained":[{"floor":0.0,"key":"EssenceOfSteel"},{"floor":0.0,"key":"DistilledChaos"},{"floor":0.0,"key":"SpeedPotion"},{"floor":6.0,"key":"Elixir"},{"floor":8.0,"key":"Elixir"},{"floor":22.0,"key":"hexamod:EctoCoolerPotion"},{"floor":31.0,"key":"Strength Potion"},{"floor":33.0,"key":"Swift Potion"},{"floor":35,"key":"Fire Potion"}],"is_trial":false,"path_per_floor":["M","M","$","M","M","E","R","M","T","R","?","M","?","M","R","B",null,"M","M","$","?","M","R","E","M","T","?","R","M","R","M","R","B",null,"M","?","$","?","?","E"],"character_chosen":"THE_SERVANT","items_purchased":["ReplayTheSpireMod:Ninjato","Nunchaku","Onion Ring"],"campfire_rested":5,"item_purchase_floors":[20,20,37],"current_hp_per_floor":[58,56,56,56,52,41,60,60,60,60,60,59,59,56,56,57,65,45,36,36,31,15,34,16,16,16,16,35,31,50,46,65,50,65,64,64,64,64,64,0,0],"gold":0,"neow_bonus":"THREE_SMALL_POTIONS","is_daily":false,"chose_seed":false,"campfire_upgraded":1,"win_rate":0.0,"timestamp":1608611919,"path_taken":["M","M","$","M","M","E","R","M","T","R","?","M","?","M","R","BOSS","M","?","$","?","?","R","E","M","T","?","R","M","R","M","R","BOSS","M","?","?","?","?","E"],"items_purchased_type":["Relic","Relic","Relic"],"build_version":"2020-12-13","purchased_purges":2,"victory":false,"max_hp_per_floor":[65,65,65,65,65,65,65,65,65,65,65,65,65,65,65,65,65,65,65,65,65,65,65,65,65,65,65,65,65,65,65,65,65,65,65,65,65,65,65,65,65],"card_choices":[{"not_picked":["TimeWarp","Revamp"],"picked":"Defy","floor":1.0},{"not_picked":["Rearm","Solidify"],"picked":"Potential","floor":2.0},{"not_picked":["Shuttle","Gouge","ShatteredReality"],"picked":"SKIP","floor":4.0},{"not_picked":["DoubleEdge","InstantArmor","FanOfKnives"],"picked":"SKIP","floor":5.0},{"not_picked":["Read","Rearm"],"picked":"ShatteredReality","floor":6.0},{"not_picked":["ShatteredReality","RealityMarble"],"picked":"BottledTime","floor":8.0},{"not_picked":["Rewind","ShiftingGears","Duplication"],"picked":"SKIP","floor":12.0},{"not_picked":["Sabotage","Starlight"],"picked":"Comet","floor":14.0},{"not_picked":["Revamp","Spin","GearUp+1"],"picked":"SKIP","floor":18.0},{"not_picked":["ShatteredReality","TimeWarp+1","BestPractice"],"picked":"SKIP","floor":19.0},{"not_picked":["GearUp","FastForward+1","TimeWarp+1"],"picked":"SKIP","floor":22.0},{"not_picked":["Spin","Desolation","Revamp"],"picked":"SKIP","floor":24.0},{"not_picked":["Read","PendulumOfEternity"],"picked":"Revamp+1","floor":25.0},{"not_picked":["Read","Foresight","Defy"],"picked":"SKIP","floor":29.0},{"not_picked":["FanOfKnives+1","Rewind","ReturningBlade"],"picked":"SKIP","floor":31.0},{"not_picked":["Sunlight","FloweringNight"],"picked":"Dilation","floor":33.0},{"not_picked":["Unruled+1","Ricochet","Defy+1"],"picked":"SKIP","floor":35}],"player_experience":416148,"relics_obtained":[{"floor":6.0,"key":"TungstenRod"},{"floor":9.0,"key":"Broom"},{"floor":15.0,"key":"Pen Nib"},{"floor":24.0,"key":"Happy Flower"},{"floor":26.0,"key":"Gremlin Food"}],"event_choices":[{"damage_healed":0.0,"max_hp_gain":0.0,"max_hp_loss":0.0,"gold_gain":175.0,"event_name":"Liars Game","player_choice":"AGREE","floor":11.0,"gold_loss":0.0,"damage_taken":0.0,"cards_obtained":["Doubt"]},{"damage_healed":0.0,"max_hp_gain":0.0,"max_hp_loss":0.0,"gold_gain":0.0,"event_name":"Match and Keep!","player_choice":"3 cards matched","floor":13.0,"gold_loss":0.0,"damage_taken":0.0,"cards_obtained":["ReturningBlade","KidneyShot","TimeWarp"]},{"damage_healed":0.0,"max_hp_gain":0.0,"max_hp_loss":0.0,"gold_gain":75.0,"event_name":"FaceTrader","player_choice":"Touch","floor":21.0,"gold_loss":0.0,"damage_taken":6.0},{"cards_removed":["Clumsy"],"damage_healed":0,"gold_gain":0,"player_choice":"Took Card","damage_taken":0,"max_hp_gain":0,"max_hp_loss":0,"event_name":"NoteForYourself","floor":36,"gold_loss":0,"cards_obtained":["Defend_G"]},{"damage_healed":0,"gold_gain":0,"player_choice":"Paid","damage_taken":0,"relics_obtained":["Red Mask"],"max_hp_gain":0,"max_hp_loss":0,"event_name":"Tomb of Lord Red Mask","floor":38,"gold_loss":57},{"damage_healed":0,"gold_gain":0,"player_choice":"Forge","damage_taken":0,"max_hp_gain":0,"max_hp_loss":0,"event_name":"Accursed Blacksmith","floor":39,"gold_loss":0,"cards_upgraded":["Comet"]}],"is_beta":false,"boss_relics":[{"not_picked":["Black Star","Snecko Eye"],"picked":"Kintsugi"},{"not_picked":["Replay:Grab Bag","Replay:Drink Me"],"picked":"Fusion Hammer"}],"items_purged_floors":[3,20],"is_endless":false,"potions_floor_spawned":[4,6,8,14,22,31,33,35],"killed_by":"Reptomancer","ascension_level":0}}