{"host":"6h0diz2ap0m56grs","time":1608669079,"event":{"mods":["2.2 Compatiblity","BaseMod","Colored Map","Marisa????????","Minty Spire (QoL Compilation)","Quick Restart","Replay The Spire","Shop Mod","StSLib","The Servant 0.9.4"],"gold_per_floor":[113,132,187,187,43,77,121,155,155,193,193,236,315,390,390,518,518,536,536,536,207,232,267,267,267,267,301,339,391,438,438,438,570,570,585,612,945,980,980,1015,1024,1063,1063,1072,1072,1055,185,195,195,195],"floor_reached":51,"playtime":1611,"items_purged":["Parasite"],"score":1519,"play_id":"ac426dbd-0473-472b-9f4b-fcbbbb8ca1bc","local_time":"20201222143119","daily_mods":["SealedDeck","Heirloom","Time Dilation","Flight"],"is_ascension_mode":true,"campfire_choices":[{"data":"Replay:Poison Smokescreen","floor":11,"key":"SMITH"},{"data":"Leg Sweep","floor":15,"key":"SMITH"},{"data":"Dodge and Roll","floor":24,"key":"SMITH"},{"data":"Dodge and Roll","floor":25,"key":"SMITH"},{"data":"Footwork","floor":32,"key":"SMITH"},{"data":"Footwork","floor":41,"key":"SMITH"},{"data":"Riddle With Holes","floor":44,"key":"SMITH"},{"data":"Backflip","floor":49,"key":"SMITH"}],"circlet_count":0,"master_deck":["Dodge and Roll+1","Dodge and Roll+1","Backflip+1","Underhanded Strike","Dash+1","Crippling Poison+1","Predator","Leg Sweep+1","Replay:Poison Smokescreen+1","Riddle With Holes+1","Replay:Poison Smokescreen+1","Wraith Form v2+1","Catalyst+1","Replay:Poison Smokescreen+1","Footwork+1","A Thousand Cuts+1","Night Terror+1","Footwork+1","Crippling Poison+1","Sneak Up+1","ReplayTheSpireMod:Tripwire+1","PiercingWail+1","Noxious Fumes+1","Sadistic Nature+1","Fluid Movement+1"],"relics":["Snecko Eye","Ring of Chaos","replay:Trail_Library","Gambling Chip","Basket Of Snakes","Toxic Egg 2","Golden Egg","Centennial Puzzle","Anchor","Tiny Chest","Sozu","Enchiridion","Vajra","MerchantsRug","Ancient Tea Set","Orichalcum","Lantern","Mummified Hand","InkBottle","Runic Dome","Pen Nib","Divine Protection","TwistedFunnel","FossilizedHelix","Pear","Chemical X"],"acts_visited":["Exordium","TheCity","TheBeyond"],"potions_floor_usage":[50,50],"damage_taken":[{"damage":0,"enemies":"Jaw Worm","floor":1,"turns":1},{"damage":0,"enemies":"2 Louse","floor":2,"turns":1},{"damage":0,"enemies":"3 Sentries","floor":6,"turns":5},{"damage":0,"enemies":"Lagavulin","floor":7,"turns":3},{"damage":0,"enemies":"Gremlin Nob","floor":8,"turns":2},{"damage":0,"enemies":"3 Sentries","floor":10,"turns":2},{"damage":0,"enemies":"Gremlin Nob","floor":12,"turns":2},{"damage":0,"enemies":"Gremlin Nob","floor":13,"turns":1},{"damage":0,"enemies":"Slime Boss","floor":16,"turns":6},{"damage":0,"enemies":"Shell Parasite","floor":18,"turns":2},{"damage":0,"enemies":"Slavers","floor":23,"turns":2},{"damage":0,"enemies":"Replay:Snechameleon","floor":27,"turns":2},{"damage":0,"enemies":"Gremlin Leader","floor":28,"turns":2},{"damage":0,"enemies":"Slavers","floor":29,"turns":2},{"damage":0,"enemies":"Book of Stabbing","floor":30,"turns":2},{"damage":0,"enemies":"Champ","floor":33,"turns":5},{"damage":0,"enemies":"Orb Walker","floor":35,"turns":2},{"damage":0,"enemies":"3 Shapes","floor":36,"turns":2},{"damage":0,"enemies":"Writhing Mass","floor":38,"turns":2},{"damage":0,"enemies":"Giant Head","floor":40,"turns":4},{"damage":0,"enemies":"R_Hoarder","floor":42,"turns":3},{"damage":0,"enemies":"4 Shapes","floor":48,"turns":2},{"damage":0,"enemies":"Donu and Deca","floor":50,"turns":6}],"seed_played":"6227708664674015294","potions_obtained":[{"floor":1,"key":"Flashbang"},{"floor":2,"key":"Fire Potion"},{"floor":8,"key":"SteroidPotion"},{"floor":12,"key":"EssenceOfSteel"}],"is_trial":true,"path_per_floor":["M","M","?","?","$","E","E","E","T","E","R","E","?","?","R","B",null,"M","?","?","$","T","E","R","R","T","E","E","E","E","?","R","B",null,"M","M","?","M","T","E","R","E","T","R","?","$","$","M","R","B",null],"character_chosen":"THE_SILENT","items_purchased":["Guide Book","Catalyst+1","Vajra","MerchantsRug","TwistedFunnel","Noxious Fumes","FossilizedHelix","Pear","Chemical X","Sadistic Nature"],"campfire_rested":0,"item_purchase_floors":[5,21,21,21,46,46,47,47,47,47],"current_hp_per_floor":[70,70,70,53,53,53,53,53,53,53,53,53,53,42,42,42,70,70,70,54,54,54,54,54,54,54,54,54,54,54,54,54,54,70,70,70,70,70,70,84,84,84,84,84,84,81,91,91,91,91],"gold":195,"neow_bonus":"","is_daily":false,"chose_seed":false,"campfire_upgraded":8,"win_rate":0.0,"timestamp":1608669079,"path_taken":["M","M","?","?","$","E","E","E","T","E","R","E","?","?","R","BOSS","M","?","?","$","?","E","R","R","T","E","E","E","E","?","R","BOSS","M","?","?","M","?","E","R","E","T","R","?","$","$","M","R","BOSS"],"items_purchased_type":["Relic","Card","Relic","Relic","Relic","Card","Relic","Relic","Relic","Card"],"build_version":"2020-12-13","purchased_purges":1,"victory":true,"max_hp_per_floor":[70,70,70,70,70,70,70,70,70,70,70,70,70,70,70,70,70,70,70,70,70,70,70,70,70,70,70,70,70,70,70,70,70,70,70,70,70,70,70,84,84,84,84,84,84,81,91,91,91,91],"card_choices":[{"not_picked":["Blade Dance","PiercingWail","Slice"],"picked":"SKIP","floor":1},{"not_picked":["Deadly Poison","Deflect","Glass Knife"],"picked":"SKIP","floor":2},{"not_picked":["Deadly Poison","Slice","Blur"],"picked":"SKIP","floor":6},{"not_picked":["Poisoned Stab","Heel Hook"],"picked":"Riddle With Holes","floor":7},{"not_picked":["Dodge and Roll+1","PiercingWail+1","Bane"],"picked":"SKIP","floor":8},{"not_picked":["Backflip+1","Underhanded Strike","Blade Dance+1"],"picked":"SKIP","floor":10},{"not_picked":["Slice","Flying Knee"],"picked":"Wraith Form v2","floor":12},{"not_picked":["Hidden Blade+1","Setup+1","Cloak And Dagger+1"],"picked":"SKIP","floor":18},{"not_picked":["ReplayTheSpireMod:Scrap Shanks","Infinite Blades","Endless Agony"],"picked":"SKIP","floor":23},{"not_picked":["Sucker Punch","Dodge and Roll+1","Masterful Stab+1"],"picked":"SKIP","floor":27},{"not_picked":["Flying Knee","Sucker Punch","Outmaneuver+1","Blade Dance+1"],"picked":"SKIP","floor":28},{"not_picked":["Reflex+1","Cloak And Dagger+1","Prepared+1"],"picked":"Footwork","floor":29},{"not_picked":["Well Laid Plans+1","Underhanded Strike","Dagger Spray"],"picked":"A Thousand Cuts","floor":30},{"not_picked":["Die Die Die","Atom Bomb","Poison Darts+1"],"picked":"Night Terror+1","floor":33},{"not_picked":["Slice+1","Underhanded Strike","Sucker Punch+1","Flying Knee"],"picked":"SKIP","floor":35},{"not_picked":["Hidden Blade+1","Flying Knee","Predator+1"],"picked":"Footwork","floor":36},{"not_picked":["Dagger Spray","Backflip+1","Expertise+1"],"picked":"Crippling Poison+1","floor":38},{"not_picked":["Blade Dance+1","Grand Finale","Quick Slash+1","Slice"],"picked":"SKIP","floor":40},{"not_picked":["Deadly Poison+1","Hidden Blade+1","Eviscerate"],"picked":"ReplayTheSpireMod:Tripwire+1","floor":42},{"not_picked":["Leg Sweep+1","Slice"],"picked":"Fluid Movement+1","floor":48}],"player_experience":131678,"relics_obtained":[{"floor":6,"key":"Basket Of Snakes"},{"floor":7,"key":"Toxic Egg 2"},{"floor":8,"key":"Golden Egg"},{"floor":9,"key":"Gremlin Horn"},{"floor":10,"key":"Centennial Puzzle"},{"floor":12,"key":"Anchor"},{"floor":20,"key":"Enchiridion"},{"floor":22,"key":"Ancient Tea Set"},{"floor":23,"key":"Orichalcum"},{"floor":26,"key":"Lantern"},{"floor":27,"key":"Question Card"},{"floor":28,"key":"Mummified Hand"},{"floor":29,"key":"CeramicFish"},{"floor":30,"key":"InkBottle"},{"floor":39,"key":"Pen Nib"},{"floor":40,"key":"Mango"},{"floor":42,"key":"Divine Protection"},{"floor":43,"key":"Pantograph"}],"event_choices":[{"damage_healed":0,"gold_gain":55,"player_choice":"Gained Gold","damage_taken":0,"max_hp_gain":0,"max_hp_loss":0,"event_name":"Golden Wing","floor":3,"gold_loss":0},{"damage_healed":0,"gold_gain":0,"player_choice":"Take Damage","damage_taken":17,"relics_obtained":["Golden Idol"],"max_hp_gain":0,"max_hp_loss":0,"event_name":"Golden Idol","floor":4,"gold_loss":0},{"damage_healed":0,"gold_gain":0,"player_choice":"Searched \u00273\u0027 times","damage_taken":0,"relics_obtained":["Tiny Chest"],"max_hp_gain":0,"max_hp_loss":0,"event_name":"Dead Adventurer","floor":13,"gold_loss":0},{"damage_healed":0,"gold_gain":75,"player_choice":"Gather Gold","damage_taken":11,"max_hp_gain":0,"max_hp_loss":0,"event_name":"World of Goop","floor":14,"gold_loss":0},{"damage_healed":0,"gold_gain":0,"player_choice":"Ignored","damage_taken":0,"max_hp_gain":0,"max_hp_loss":0,"event_name":"Vampires","floor":19,"gold_loss":0},{"damage_healed":0,"gold_gain":0,"player_choice":"Obtained Book","damage_taken":16,"max_hp_gain":0,"max_hp_loss":0,"event_name":"Cursed Tome","floor":20,"gold_loss":0},{"damage_healed":0,"gold_gain":0,"player_choice":"Ignored","damage_taken":0,"max_hp_gain":0,"max_hp_loss":0,"event_name":"N\u0027loth","floor":31,"gold_loss":0},{"damage_healed":0,"gold_gain":333,"player_choice":"Gave Idol","damage_taken":0,"max_hp_gain":0,"max_hp_loss":0,"event_name":"The Moai Head","floor":37,"relics_lost":["Golden Idol"],"gold_loss":0},{"cards_removed":["Underhanded Strike"],"damage_healed":0,"gold_gain":0,"player_choice":"Removed Attack","damage_taken":0,"max_hp_gain":0,"max_hp_loss":0,"event_name":"Falling","floor":45,"gold_loss":0}],"is_beta":false,"boss_relics":[{"not_picked":["Snecko Scales","Replay:Drink Me"],"picked":"Sozu"},{"not_picked":["Tiny House","Black Star"],"picked":"Runic Dome"}],"items_purged_floors":[46],"is_endless":false,"potions_floor_spawned":[1,2,8,12,27,30,35,40,42],"ascension_level":1}}