{"host":"91kqwblrqvon3fcz","time":1608678536,"event":{"mods":["Act Like it!","BaseMod","Elementarium","Hermit","Minty Spire (QoL Compilation)","Quick Restart","StSLib"],"gold_per_floor":[113,125,125,300,311,311,311],"floor_reached":6,"playtime":149,"items_purged":[],"score":38,"play_id":"791cc0cb-8d2c-41e3-892c-315c926c9aab","local_time":"20201222150856","is_ascension_mode":true,"campfire_choices":[],"circlet_count":0,"master_deck":["Strike_P","Strike_P","Strike_P","Strike_P","Defend_P","Defend_P","Defend_P","Defend_P","Eruption","Vigilance","Bandage Up","JustLucky","ThirdEye","Regret","Doubt","Nirvana"],"relics":["PureWater","Darkstone Periapt"],"acts_visited":["Exordium"],"potions_floor_usage":[],"damage_taken":[{"damage":1.0,"enemies":"Jaw Worm","floor":1.0,"turns":3.0},{"damage":0.0,"enemies":"Small Slimes","floor":2.0,"turns":3.0},{"damage":1.0,"enemies":"2 Louse","floor":5.0,"turns":3.0},{"damage":39,"enemies":"Gremlin Nob","floor":6,"turns":5}],"seed_played":"-8074924231890677586","potions_obtained":[{"floor":1.0,"key":"AttackPotion"},{"floor":5.0,"key":"BottledMiracle"}],"is_trial":false,"path_per_floor":["M","M","?","?","M","E"],"character_chosen":"WATCHER","items_purchased":[],"campfire_rested":0,"item_purchase_floors":[],"current_hp_per_floor":[71,72,78,84,84,45,45],"gold":311,"neow_bonus":"RANDOM_COLORLESS","is_daily":false,"chose_seed":false,"campfire_upgraded":0,"win_rate":0.0,"timestamp":1608678536,"path_taken":["M","M","?","?","M","E"],"items_purchased_type":[],"build_version":"2020-12-13","purchased_purges":0,"victory":false,"max_hp_per_floor":[72,72,78,84,84,84,84],"card_choices":[{"not_picked":["Deep Breath","Panacea"],"picked":"Bandage Up","floor":0.0},{"not_picked":["FollowUp","WheelKick"],"picked":"JustLucky","floor":1.0},{"not_picked":["WaveOfTheHand","FlyingSleeves"],"picked":"ThirdEye","floor":2.0},{"not_picked":["Halt","EmptyBody"],"picked":"Nirvana","floor":5.0}],"player_experience":399641,"relics_obtained":[],"event_choices":[{"damage_healed":0.0,"max_hp_gain":0.0,"max_hp_loss":0.0,"gold_gain":0.0,"event_name":"Big Fish","player_choice":"Box","floor":3.0,"gold_loss":0.0,"damage_taken":0.0,"relics_obtained":["Darkstone Periapt"],"cards_obtained":["Regret"]},{"damage_healed":0.0,"max_hp_gain":0.0,"max_hp_loss":0.0,"gold_gain":175.0,"event_name":"Liars Game","player_choice":"AGREE","floor":4.0,"gold_loss":0.0,"damage_taken":0.0,"cards_obtained":["Doubt"]}],"is_beta":false,"boss_relics":[],"items_purged_floors":[],"is_endless":false,"potions_floor_spawned":[1,5],"killed_by":"Gremlin Nob","ascension_level":1}}