{"host":"2hea6pl5vmah38iy","time":1608623867,"event":{"mods":["AchievementEnabler","BaseMod","Colored Map","DeckTracker","Keyboard Shortcuts","Minty Spire (QoL Compilation)","Rare Cards Sparkle","StSLib","SuperFastMode","everything is the same but u backflip on backflip"],"gold_per_floor":[17,17,34,51,51,51,51,51,77,96,130,130,146,171,171,244,244,264,282,292,302,302,322,322,322],"floor_reached":24,"playtime":6720,"items_purged":[],"score":357,"play_id":"5a712b9c-d5a6-4dfc-86f6-beb372f4b31d","local_time":"20201222165747","is_ascension_mode":true,"campfire_choices":[{"data":"Barricade","floor":6.0,"key":"SMITH"},{"data":"Entrench","floor":8.0,"key":"SMITH"},{"floor":12.0,"key":"REST"},{"data":"Body Slam","floor":15.0,"key":"SMITH"}],"circlet_count":0,"master_deck":["AscendersBane","Strike_R","Strike_R","Strike_R","Strike_R+1","Defend_R","Defend_R","Defend_R","Defend_R","Bash+1","Barricade+1","Twin Strike","Entrench+1","Offering","Ghostly Armor","Body Slam+1","Brutality","Evolve"],"relics":["Burning Blood","Akabeko","Boot","Bag of Preparation","Sozu"],"acts_visited":["Exordium","TheCity"],"potions_floor_usage":[23],"damage_taken":[{"damage":2.0,"enemies":"2 Louse","floor":1.0,"turns":4.0},{"damage":19.0,"enemies":"Small Slimes","floor":3.0,"turns":5.0},{"damage":6.0,"enemies":"Cultist","floor":4.0,"turns":3.0},{"damage":8.0,"enemies":"3 Louse","floor":10.0,"turns":3.0},{"damage":25.0,"enemies":"3 Sentries","floor":11.0,"turns":9.0},{"damage":11.0,"enemies":"Looter","floor":13.0,"turns":2.0},{"damage":16.0,"enemies":"Gremlin Nob","floor":14.0,"turns":3.0},{"damage":9.0,"enemies":"Slime Boss","floor":16.0,"turns":8.0},{"damage":7.0,"enemies":"Spheric Guardian","floor":18.0,"turns":3.0},{"damage":19,"enemies":"Chosen","floor":19,"turns":3},{"damage":10,"enemies":"Snake Plant","floor":20,"turns":6},{"damage":17,"enemies":"Centurion and Healer","floor":21,"turns":8},{"damage":48,"enemies":"Sentry and Sphere","floor":23,"turns":8},{"damage":0,"enemies":"Slavers","floor":24,"turns":2}],"seed_played":"-877455122229884821","potions_obtained":[{"floor":4.0,"key":"Explosive Potion"},{"floor":11.0,"key":"BloodPotion"},{"floor":13.0,"key":"DuplicationPotion"},{"floor":16.0,"key":"Fire Potion"}],"is_trial":false,"path_per_floor":["M","?","M","M","?","R","?","R","T","M","E","R","M","E","R","B",null,"M","M","M","M","?","M","E"],"character_chosen":"IRONCLAD","items_purchased":[],"campfire_rested":1,"item_purchase_floors":[],"current_hp_per_floor":[72,72,59,59,44,44,44,44,44,42,23,45,40,30,30,27,63,62,49,45,34,34,7,7,7],"gold":322,"neow_bonus":"THREE_RARE_CARDS","is_daily":false,"chose_seed":false,"campfire_upgraded":3,"win_rate":0.0,"timestamp":1608623867,"path_taken":["M","?","M","M","?","R","?","R","T","M","E","R","M","E","R","BOSS","M","M","M","M","?","M","E"],"items_purchased_type":[],"build_version":"2020-12-13","purchased_purges":0,"victory":false,"max_hp_per_floor":[75,75,75,75,75,75,75,75,75,75,75,75,75,75,75,75,75,75,75,75,75,75,75,75,75],"card_choices":[{"not_picked":["Reaper","Impervious"],"picked":"Barricade","floor":0.0},{"not_picked":["Clothesline","Sever Soul","Evolve"],"picked":"SKIP","floor":1.0},{"not_picked":["Armaments","Shrug It Off"],"picked":"Entrench","floor":3.0},{"not_picked":["Heavy Blade","Rupture","Cleave"],"picked":"SKIP","floor":4.0},{"not_picked":["Bloodletting","Cleave","Pommel Strike"],"picked":"SKIP","floor":10.0},{"not_picked":["Pommel Strike","Twin Strike"],"picked":"Offering","floor":11.0},{"not_picked":["Thunderclap","Wild Strike"],"picked":"Ghostly Armor","floor":13.0},{"not_picked":["Armaments","Juggernaut"],"picked":"Body Slam","floor":14.0},{"not_picked":["Demon Form","Fiend Fire"],"picked":"Brutality","floor":16.0},{"not_picked":["Ghostly Armor","Combust","Reckless Charge"],"picked":"SKIP","floor":18.0},{"not_picked":["Iron Wave","Inflame"],"picked":"Evolve","floor":19},{"not_picked":["Flex","Heavy Blade","Fire Breathing"],"picked":"SKIP","floor":20},{"not_picked":["Intimidate","Infernal Blade","Anger"],"picked":"SKIP","floor":21},{"not_picked":["Heavy Blade","Pummel","Thunderclap+1"],"picked":"SKIP","floor":23}],"player_experience":429108,"relics_obtained":[{"floor":9.0,"key":"Akabeko"},{"floor":11.0,"key":"Boot"},{"floor":14.0,"key":"Bag of Preparation"}],"event_choices":[{"damage_healed":0.0,"max_hp_gain":0.0,"max_hp_loss":0.0,"gold_gain":0.0,"cards_transformed":["Strike_R"],"event_name":"Living Wall","player_choice":"Change","floor":2.0,"gold_loss":0.0,"damage_taken":0.0,"cards_obtained":["Twin Strike"]},{"damage_healed":0.0,"max_hp_gain":0.0,"max_hp_loss":0.0,"gold_gain":0.0,"event_name":"Shining Light","player_choice":"Entered Light","floor":5.0,"gold_loss":0.0,"damage_taken":15.0,"cards_upgraded":["Strike_R","Bash"]},{"damage_healed":0.0,"max_hp_gain":0.0,"max_hp_loss":0.0,"gold_gain":0.0,"event_name":"The Woman in Blue","player_choice":"Bought 0 Potions","floor":7.0,"gold_loss":0.0,"damage_taken":0.0},{"damage_healed":0,"gold_gain":0,"player_choice":"Ignored","damage_taken":0,"max_hp_gain":0,"max_hp_loss":0,"event_name":"Vampires","floor":22,"gold_loss":0}],"is_beta":false,"boss_relics":[{"not_picked":["Empty Cage","Mark of Pain"],"picked":"Sozu"}],"items_purged_floors":[],"is_endless":false,"potions_floor_spawned":[4,11,13,16,19,21,23],"killed_by":"Slavers","ascension_level":14}}