{"host":"0hb9w7uizu7y13wj","time":1608657246,"event":{"mods":["Act Like it!","Aspiration","BaseMod","BetterRewards","Colored Map","Conspire","Downfall","Energized Spire","FTL Soundtrack","Friendly Minions","Halation","Hubris","Infinite Spire","Minty Spire (QoL Compilation)","Quick Restart","Replay The Spire","StSLib","Synergy Search","The Factory","The Hierophant","The Jungle","The Poker Player","Trackpad","everything is the same but u backflip on backflip","vexMod"],"gold_per_floor":[110,110,110,385,402,402,432,432,481,506,516,532,532,557,557,557,557],"floor_reached":16,"playtime":342,"items_purged":[],"score":193,"play_id":"c5943462-b766-4dd6-b4f6-fbb403708f1f","local_time":"20201222171406","is_ascension_mode":true,"campfire_choices":[{"data":"Zap","floor":6,"key":"SMITH"},{"floor":13,"key":"REST"},{"floor":15,"key":"REST"}],"circlet_count":0,"master_deck":["Strike_B","Strike_B","Strike_B","Strike_B","Defend_B","Defend_B","Defend_B","Defend_B","Zap+1","Dualcast","Tempest","infinitespire:NeuralNetwork","Regret","Defragment+1","hubris:PowerSurge","Redo","Biased Cognition"],"relics":["Cracked Core","NeowsBlessing","Shovel","trackpad:IceCube","hubris:Metronome","Tiny Chest"],"acts_visited":["Exordium"],"potions_floor_usage":[14,16,16],"damage_taken":[{"damage":0,"enemies":"Jaw Worm","floor":1,"turns":1},{"damage":0,"enemies":"Cultist","floor":5,"turns":1},{"damage":0,"enemies":"Gremlin Nob","floor":7,"turns":1},{"damage":17,"enemies":"Lagavulin","floor":10,"turns":5},{"damage":0,"enemies":"Small Slimes","floor":11,"turns":2},{"damage":4,"enemies":"Blue Slaver","floor":12,"turns":3},{"damage":16,"enemies":"Gremlin Nob","floor":14,"turns":3},{"damage":68,"enemies":"Fading Forest","floor":16,"turns":11}],"seed_played":"-6382375424674378892","potions_obtained":[{"floor":7,"key":"Elixir"},{"floor":11,"key":"Toxic Potion"},{"floor":14,"key":"Strength Potion"}],"is_trial":false,"path_per_floor":["M","?","?","?","M","R","E","?","T","E","M","M","R","E","R","B"],"character_chosen":"DEFECT","items_purchased":[],"campfire_rested":2,"item_purchase_floors":[],"current_hp_per_floor":[68,71,51,51,51,51,51,51,51,34,34,30,53,37,60,0,0],"gold":557,"neow_bonus":"THREE_ENEMY_KILL","is_daily":false,"chose_seed":false,"campfire_upgraded":1,"win_rate":0.0,"timestamp":1608657246,"path_taken":["M","?","?","?","?","R","E","?","T","E","M","M","R","E","R","BOSS"],"items_purchased_type":[],"build_version":"2020-12-13","purchased_purges":0,"victory":false,"max_hp_per_floor":[75,78,78,78,78,78,78,78,78,78,78,78,78,78,78,78,78],"card_choices":[{"not_picked":["Time Bomb","Gash"],"picked":"Tempest","floor":1},{"not_picked":["infinitespire:FutureSight","infinitespire:UltimateForm"],"picked":"infinitespire:NeuralNetwork","floor":3},{"not_picked":["Gash","Skim","Beam Cell"],"picked":"SKIP","floor":5},{"not_picked":["Force Field","Double Energy"],"picked":"Defragment","floor":7},{"not_picked":["Undo","Beam Cell"],"picked":"hubris:PowerSurge","floor":10},{"not_picked":["ReplayGash","Sweeping Beam","Steam"],"picked":"SKIP","floor":11},{"not_picked":["Barrage","ReplayTheSpireMod:Repulse"],"picked":"Redo","floor":12},{"not_picked":["conspire:SharedLibrary","Steam"],"picked":"Biased Cognition","floor":14}],"player_experience":900842,"relics_obtained":[{"floor":7,"key":"Shovel"},{"floor":9,"key":"trackpad:IceCube"},{"floor":10,"key":"hubris:Metronome"},{"floor":14,"key":"Tiny Chest"}],"event_choices":[{"damage_healed":0,"gold_gain":275,"player_choice":"Desecrate","damage_taken":0,"max_hp_gain":0,"max_hp_loss":0,"event_name":"Golden Shrine","floor":4,"gold_loss":0,"cards_obtained":["Regret"]}],"is_beta":false,"boss_relics":[],"items_purged_floors":[],"is_endless":false,"potions_floor_spawned":[7,11,14],"killed_by":"Fading Forest","ascension_level":7}}