{"host":"hfvpa4llnnjpeawn","time":1608657814,"event":{"mods":["2.2 Compatiblity","AchievementEnabler","Act Like it!","Aspiration","Bard","BaseMod","Beaked The Cultist","Better Sensory Stone","Better Skull","Better Third Choice","BetterRewards","CapriCore","Conspire","Downfall","Elementarium","Energized Spire","Hubris","Infinite Spire","Jorbs\u0027s Wanderer Trilogy","Minty Spire (QoL Compilation)","Replay The Spire","Shade Mod","Spicy Shops","StSLib","The Bladedancer","The Factory","The Gatherer","The Jungle","Waifu the Spire","Wandering Minibosses"],"gold_per_floor":[360,48,13,26,26,58,76,76,103,103,3,20,33,47,47,142,142,142,142,22,22,22,22,22,22,22,22,22,22,22,22,22,22,22,22,22,22,22,22,22,22,22,22,22,22,22,22,22,22,22,22],"floor_reached":50,"playtime":2263,"items_purged":[],"score":562,"play_id":"00415512-ac2f-4641-ac58-5cae2916700c","local_time":"20201222122334","is_ascension_mode":false,"campfire_choices":[{"floor":8,"key":"REST"},{"floor":15,"key":"REST"},{"floor":23,"key":"REST"},{"data":"infinitespire:Menacing","floor":27,"key":"SMITH"},{"data":"Alpha","floor":29,"key":"SMITH"},{"floor":40,"key":"REST"},{"floor":46,"key":"RECALL"},{"floor":49,"key":"REST"}],"circlet_count":0,"master_deck":["Strike_P+1","Strike_P+1","Strike_P+1","Strike_P+1","Defend_P+1","Defend_P+1","Defend_P+1","Defend_P+1","Eruption+1","Vigilance+1","stsjorbsmod:SpiritShield_Cull+1","champ:Strike+1","WreathOfFlame+1","Blasphemy+1","BattleHymn+1","FlurryOfBlows+1","Ghostly+1","PathToVictory+1","Weave+1","CutThroughFate+1","Alpha+1","TalkToTheHand+1","infinitespire:Menacing+1","EmptyFist+1","FlurryOfBlows+1","JustLucky+1","Protect+1","JustLucky+1","ConjureBlade+1","Ragnarok+1"],"relics":["PureWater","conspire:GiftBox","Replay:Mystery Machine","Dream Catcher","hubris:Towel","Ectoplasm","conspire:SpecialSausage","Elementarium:HuntersSling","Ancient Tea Set","ReplayTheSpireMod:Shallot","Replay:Bottled Flurry","Elementarium:ElementariumTrophy","beaked:SacredDeck","Mark of the Bloom","Strawberry"],"acts_visited":["Exordium","Exordium","TheBeyond"],"potions_floor_usage":[6,6,12,16,30,30,31,33,35,42,42,50],"damage_taken":[{"damage":1,"enemies":"2 Louse","floor":1,"turns":2},{"damage":2,"enemies":"Jaw Worm","floor":4,"turns":2},{"damage":33,"enemies":"Lagavulin","floor":6,"turns":5},{"damage":0,"enemies":"Small Slimes","floor":7,"turns":3},{"damage":0,"enemies":"Blue Slaver","floor":12,"turns":2},{"damage":0,"enemies":"2 Fungi Beasts","floor":13,"turns":3},{"damage":15,"enemies":"Exordium Thugs","floor":14,"turns":4},{"damage":12,"enemies":"Slime Boss","floor":16,"turns":4},{"damage":24,"enemies":"Elementarium:VoidCorruption","floor":18,"turns":4},{"damage":3,"enemies":"Elementarium:Cyclone","floor":22,"turns":3},{"damage":3,"enemies":"Elementarium:FIRE_NOBILITY","floor":24,"turns":3},{"damage":4,"enemies":"Elementarium:3_ELEMENTALS","floor":30,"turns":3},{"damage":0,"enemies":"Elementarium:VOID_CORRUPTION_AND_TAR_GOLEM","floor":31,"turns":5},{"damage":0,"enemies":"Elementarium:GolemEmperor","floor":33,"turns":6},{"damage":27,"enemies":"3 Darklings","floor":35,"turns":5},{"damage":11,"enemies":"Orb Walker","floor":37,"turns":5},{"damage":8,"enemies":"Spire Growth","floor":38,"turns":4},{"damage":0,"enemies":"Transient","floor":42,"turns":1},{"damage":14,"enemies":"Jaw Worm Horde","floor":45,"turns":4},{"damage":0,"enemies":"Maw","floor":48,"turns":6},{"damage":100008,"enemies":"Donu and Deca","floor":50,"turns":5}],"seed_played":"-8818306444779465442","potions_obtained":[{"floor":1,"key":"Languid Potion"},{"floor":4,"key":"Regen Potion"},{"floor":7,"key":"AttackPotion"},{"floor":12,"key":"Death Potion"},{"floor":13,"key":"Reflective Coating"},{"floor":22,"key":"Block Potion"},{"floor":30,"key":"Block Potion"},{"floor":31,"key":"Swift Potion"},{"floor":33,"key":"EssenceOfSteel"},{"floor":35,"key":"BlessingOfTheForge"},{"floor":37,"key":"Dexterity Potion"},{"floor":48,"key":"Block Potion"}],"is_trial":false,"path_per_floor":["M","$","?","M","?","E","M","R","T","?","?","M","M","M","R","B",null,"M","AVR","?","?","M","R","E","?","T","R","$","R","M","M","R","B",null,"M","?","M","M","$","R","?","M","T","?","M","R","AVR","M","R","B"],"character_chosen":"WATCHER","items_purchased":["conspire:GiftBox"],"campfire_rested":5,"item_purchase_floors":[2],"current_hp_per_floor":[71,71,72,70,70,46,46,67,67,67,67,67,67,52,72,60,72,48,48,48,48,45,66,63,63,63,63,63,63,59,59,31,31,72,45,45,34,26,26,47,47,47,47,47,33,33,33,33,33,0,0],"gold":22,"neow_bonus":"TWO_FIFTY_GOLD","is_daily":false,"chose_seed":false,"campfire_upgraded":2,"win_rate":0.0,"timestamp":1608657814,"path_taken":["M","$","?","M","?","E","M","R","T","?","?","M","M","M","R","BOSS","M","AVR","?","?","M","R","E","?","T","R","?","R","M","?","R","BOSS","M","?","?","?","$","R","?","M","T","?","M","R","AVR","M","R","BOSS"],"items_purchased_type":["Relic"],"build_version":"2020-12-13","purchased_purges":0,"victory":false,"max_hp_per_floor":[72,72,72,72,72,72,72,72,72,72,72,72,72,72,72,72,72,72,72,72,72,72,72,72,72,72,72,72,72,72,72,72,72,72,72,72,72,72,72,72,72,72,79,79,79,79,79,79,79,79,79],"card_choices":[{"not_picked":["ClearTheMind","Replay:Hum"],"picked":"WreathOfFlame","floor":1},{"not_picked":["MasterReality","Ragnarok"],"picked":"Blasphemy","floor":2},{"not_picked":["Evaluate","WaveOfTheHand","ThirdEye"],"picked":"SKIP","floor":4},{"not_picked":["FollowUp","SashWhip"],"picked":"BattleHymn","floor":6},{"not_picked":["ClearTheMind","Wallop"],"picked":"FlurryOfBlows","floor":7},{"not_picked":["Prostrate","WindmillStrike","Wallop"],"picked":"SKIP","floor":12},{"not_picked":["Replay:Vibes","Perseverance"],"picked":"PathToVictory","floor":13},{"not_picked":["EmptyMind","WheelKick"],"picked":"Weave","floor":14},{"not_picked":["FlurryOfBlows","Halt"],"picked":"CutThroughFate","floor":15},{"not_picked":["DevaForm","Brilliance"],"picked":"Alpha","floor":16},{"not_picked":["WindmillStrike+1","Protect"],"picked":"TalkToTheHand","floor":18},{"not_picked":["Indignation","ClearTheMind","Replay:Anticipation"],"picked":"SKIP","floor":22},{"not_picked":["PathToVictory","SashWhip"],"picked":"EmptyFist","floor":23},{"not_picked":["CutThroughFate","FollowUp"],"picked":"FlurryOfBlows+1","floor":24},{"not_picked":["CutThroughFate+1","MentalFortress+1","Replay:Cycle+1"],"picked":"SKIP","floor":30},{"not_picked":["Study+1","Sanctity","Replay:ManipulateFuture"],"picked":"SKIP","floor":31},{"not_picked":["Evaluate","Replay:Battleflow+1"],"picked":"JustLucky+1","floor":32},{"not_picked":["LessonLearned","Scrawl"],"picked":"Alpha","floor":33},{"not_picked":["SignatureMove+1","Vengeance"],"picked":"Protect+1","floor":35},{"not_picked":["CarveReality","FlyingSleeves"],"picked":"ConjureBlade","floor":37},{"not_picked":["PathToVictory+1","FlyingSleeves+1"],"picked":"Ragnarok","floor":38},{"not_picked":["SashWhip+1","WreathOfFlame+1","Replay:BluntJabs"],"picked":"SKIP","floor":42},{"not_picked":["WreathOfFlame+1","CrushJoints+1","CarveReality"],"picked":"SKIP","floor":45},{"not_picked":["Wallop","Fasting2+1","Protect"],"picked":"SKIP","floor":48}],"player_experience":321776,"relics_obtained":[{"floor":6,"key":"Replay:Mystery Machine"},{"floor":9,"key":"Dream Catcher"},{"floor":24,"key":"Ancient Tea Set"},{"floor":26,"key":"Replay:Bottled Flurry"},{"floor":43,"key":"Strawberry"}],"event_choices":[{"damage_healed":18,"gold_gain":0,"player_choice":"Healed","damage_taken":0,"max_hp_gain":0,"max_hp_loss":0,"event_name":"The Cleric","floor":3,"gold_loss":35},{"damage_healed":0,"gold_gain":0,"player_choice":"Argue","damage_taken":0,"max_hp_gain":0,"max_hp_loss":0,"event_name":"conspire:LoneGhost","floor":11,"gold_loss":0},{"damage_healed":0,"gold_gain":0,"player_choice":"Sling","damage_taken":0,"relics_obtained":["Elementarium:HuntersSling"],"max_hp_gain":0,"max_hp_loss":0,"event_name":"Elementarium:BigGameHunter","floor":20,"gold_loss":120},{"damage_healed":0,"gold_gain":0,"player_choice":"Open","damage_taken":0,"relics_obtained":["ReplayTheSpireMod:Shallot"],"max_hp_gain":0,"max_hp_loss":0,"event_name":"Elementarium:TarCoveredCasket","floor":25,"gold_loss":0,"cards_obtained":["Elementarium:StickyTar"]},{"damage_healed":0,"gold_gain":0,"cards_transformed":["Alpha"],"player_choice":"Transformed","damage_taken":0,"max_hp_gain":0,"max_hp_loss":0,"event_name":"Transmorgrifier","floor":36,"gold_loss":0,"cards_obtained":["JustLucky"]},{"damage_healed":0,"gold_gain":0,"player_choice":"Upgrade","damage_taken":0,"relics_obtained":["Mark of the Bloom"],"max_hp_gain":0,"max_hp_loss":0,"event_name":"MindBloom","floor":41,"gold_loss":0,"cards_upgraded":["Strike_P","Strike_P","Strike_P","Strike_P","Defend_P","Defend_P","Defend_P","Defend_P","Vigilance","stsjorbsmod:SpiritShield_Cull","champ:Strike","WreathOfFlame","Blasphemy","BattleHymn","FlurryOfBlows","Ghostly","PathToVictory","Weave","CutThroughFate","TalkToTheHand","EmptyFist","JustLucky","ConjureBlade","Ragnarok"]},{"cards_removed":["Elementarium:StickyTar"],"damage_healed":0,"gold_gain":0,"player_choice":"Purged","damage_taken":0,"max_hp_gain":0,"max_hp_loss":0,"event_name":"Purifier","floor":44,"gold_loss":0}],"is_beta":false,"boss_relics":[{"not_picked":["energizedSpire:SpiderWeb","Honey Jar"],"picked":"Ectoplasm"},{"not_picked":["aspiration:FutureDiary","energizedSpire:BlackCloud"],"picked":"beaked:SacredDeck"}],"items_purged_floors":[],"is_endless":false,"potions_floor_spawned":[1,4,7,12,13,22,30,31,33,35,37,48],"killed_by":"Donu and Deca","ascension_level":0}}