{"host":"867cnhxguf2bzj4x","time":1608630634,"event":{"mods":["BaseMod","GifTheSpireLib","Hermit","Minty Spire (QoL Compilation)","StSLib","The Bug Knight","The Cursed","The Hierophant","The Servant 0.9.4"],"gold_per_floor":[113,127,141,141,158,190,190,204,229,229,229,229],"floor_reached":11,"playtime":354,"items_purged":[],"score":75,"play_id":"7533a16c-0e72-4e42-a07a-5ec5fdf2604f","local_time":"20201222105034","is_ascension_mode":false,"campfire_choices":[{"floor":7,"key":"REST"},{"floor":10,"key":"REST"}],"circlet_count":0,"master_deck":["HollowMod:NailStrikeStart","HollowMod:NailStrikeStart","HollowMod:NailStrikeStart","HollowMod:NailStrikeStart","HollowMod:QuickDashStart","HollowMod:QuickDashStart","HollowMod:QuickDashStart","HollowMod:QuickDashStart","HollowMod:FocusHealStart","HollowMod:PogoStrike","HollowMod:InfectedCysts","HollowMod:TaintedHusks","HollowMod:FallenFury","HollowMod:InfectedCysts","HollowMod:CloakDash"],"relics":["HollowMod:VesselMask","NeowsBlessing","Potion Belt","Art of War"],"acts_visited":["Exordium"],"potions_floor_usage":[11],"damage_taken":[{"damage":0,"enemies":"Cultist","floor":1,"turns":1},{"damage":0,"enemies":"Jaw Worm","floor":2,"turns":1},{"damage":0,"enemies":"2 Louse","floor":3,"turns":1},{"damage":20,"enemies":"Looter","floor":5,"turns":3},{"damage":47,"enemies":"HollowMod:MossKnight","floor":6,"turns":6},{"damage":25,"enemies":"2 Fungi Beasts","floor":8,"turns":3},{"damage":55,"enemies":"Gremlin Nob","floor":11,"turns":3}],"seed_played":"-6198689140945516338","potions_obtained":[{"floor":5,"key":"Ancient Potion"},{"floor":6,"key":"Ancient Potion"},{"floor":8,"key":"LiquidMemories"}],"is_trial":false,"path_per_floor":["M","M","M","?","M","E","R","M","T","R","E"],"character_chosen":"THE_BUGKNIGHT","items_purchased":[],"campfire_rested":2,"item_purchase_floors":[],"current_hp_per_floor":[75,75,75,75,55,18,40,15,15,37,0,0],"gold":229,"neow_bonus":"THREE_ENEMY_KILL","is_daily":false,"chose_seed":false,"campfire_upgraded":0,"win_rate":0.0,"timestamp":1608630634,"path_taken":["M","?","M","?","M","E","R","M","T","R","E"],"items_purchased_type":[],"build_version":"2020-12-13","purchased_purges":0,"victory":false,"max_hp_per_floor":[75,75,75,75,75,75,75,75,75,75,75,75],"card_choices":[{"not_picked":["HollowMod:NewLittleFool","HollowMod:LifebloodCocoon"],"picked":"HollowMod:InfectedCysts","floor":1},{"not_picked":["HollowMod:SiblingsSouls","HollowMod:SiblingsShadow","HollowMod:DesolateDive"],"picked":"SKIP","floor":2},{"not_picked":["HollowMod:DashSlash","HollowMod:SiblingsSouls"],"picked":"HollowMod:TaintedHusks","floor":3},{"not_picked":["HollowMod:RecoilStrike","HollowMod:HowlingWraiths"],"picked":"HollowMod:InfectedCysts","floor":5},{"not_picked":["HollowMod:BlackTendrils","HollowMod:DashSlash"],"picked":"HollowMod:CloakDash","floor":6},{"not_picked":["HollowMod:HeavyBlow","HollowMod:GrimmsGift","HollowMod:Grubsong"],"picked":"SKIP","floor":8}],"player_experience":84346,"relics_obtained":[{"floor":6,"key":"Potion Belt"},{"floor":9,"key":"Art of War"}],"event_choices":[{"damage_healed":0,"gold_gain":0,"player_choice":"1 cards matched","damage_taken":0,"max_hp_gain":0,"max_hp_loss":0,"event_name":"Match and Keep!","floor":4,"gold_loss":0,"cards_obtained":["HollowMod:FallenFury"]}],"is_beta":false,"boss_relics":[],"items_purged_floors":[],"is_endless":false,"potions_floor_spawned":[5,6,8],"killed_by":"Gremlin Nob","ascension_level":0}}