{"host":"jksa5rawk3m4gilz","time":1608632202,"event":{"mods":["BaseMod","Colored Map","Highlight Path","Minty Spire (QoL Compilation)","Quick Restart"],"gold_per_floor":[111,111,111,111,111,154,177,177,202,202,53,92,112,62,62,152,152,172,172,172,15,29,69,69,69,69],"floor_reached":25,"playtime":744,"items_purged":["Strike_P"],"score":454,"play_id":"be6a5019-09df-40fc-a0bd-cc4a0954174e","local_time":"20201222111642","is_ascension_mode":true,"campfire_choices":[{"floor":10,"key":"REST"},{"data":"Eruption","floor":15,"key":"SMITH"},{"floor":24,"key":"REST"}],"circlet_count":0,"master_deck":["AscendersBane","Strike_P+1","Strike_P","Defend_P+1","Defend_P","Defend_P","Defend_P","Eruption+1","Vigilance","JustLucky","CutThroughFate","FearNoEvil","JustLucky","ThirdEye","Crescendo","Alpha","Magnetism+1","MentalFortress+1","Fasting2+1"],"relics":["PureWater","NeowsBlessing","Mummified Hand","Golden Idol","Dream Catcher","Smiling Mask","Art of War","Oddly Smooth Stone","The Courier","SlaversCollar","Enchiridion","Frozen Egg 2","Pen Nib"],"acts_visited":["Exordium","TheCity"],"potions_floor_usage":[12,16,23,25],"damage_taken":[{"damage":0,"enemies":"Jaw Worm","floor":1,"turns":1},{"damage":0,"enemies":"Lagavulin","floor":6,"turns":1},{"damage":0,"enemies":"Small Slimes","floor":7,"turns":1},{"damage":0,"enemies":"Gremlin Nob","floor":12,"turns":3},{"damage":0,"enemies":"2 Louse","floor":13,"turns":1},{"damage":18,"enemies":"The Guardian","floor":16,"turns":14},{"damage":8,"enemies":"2 Thieves","floor":18,"turns":4},{"damage":6,"enemies":"Shell Parasite","floor":22,"turns":3},{"damage":29,"enemies":"Book of Stabbing","floor":23,"turns":7},{"damage":26,"enemies":"Slavers","floor":25,"turns":1}],"seed_played":"4048727793633618617","potions_obtained":[{"floor":1,"key":"Swift Potion"},{"floor":7,"key":"Fire Potion"},{"floor":13,"key":"StancePotion"},{"floor":22,"key":"Dexterity Potion"},{"floor":23,"key":"SkillPotion"}],"is_trial":false,"path_per_floor":["M","?","T","?","?","E","M","T","T","R","$","E","M","$","R","B",null,"M","?","T","$","M","E","R","E"],"character_chosen":"WATCHER","items_purchased":["Oddly Smooth Stone","Magnetism+1"],"campfire_rested":2,"item_purchase_floors":[11,21],"current_hp_per_floor":[65,65,65,51,33,33,33,33,33,54,54,54,54,54,54,36,63,55,39,39,39,33,4,25,0,0],"gold":69,"neow_bonus":"THREE_ENEMY_KILL","is_daily":false,"chose_seed":false,"campfire_upgraded":1,"win_rate":0.0,"timestamp":1608632202,"path_taken":["M","?","?","?","?","E","M","?","T","R","$","E","?","$","R","BOSS","M","?","?","$","M","E","R","E"],"items_purchased_type":["Relic","Card"],"build_version":"2020-12-13","purchased_purges":1,"victory":false,"max_hp_per_floor":[72,72,72,72,72,72,72,72,72,72,72,72,72,72,72,72,72,72,72,72,72,72,72,72,72,72],"card_choices":[{"not_picked":["Pray","ClearTheMind"],"picked":"JustLucky","floor":1},{"not_picked":["Meditate","Evaluate","FollowUp"],"picked":"SKIP","floor":6},{"not_picked":["FlurryOfBlows","Indignation"],"picked":"FearNoEvil","floor":7},{"not_picked":["Protect","PathToVictory"],"picked":"JustLucky","floor":10},{"not_picked":["Omniscience","Adaptation"],"picked":"ThirdEye","floor":12},{"not_picked":["WheelKick","Consecrate"],"picked":"Crescendo","floor":13},{"not_picked":["Brilliance","MasterReality"],"picked":"Alpha","floor":16},{"not_picked":["Pray","EmptyBody","CrushJoints"],"picked":"SKIP","floor":18},{"not_picked":["FollowUp","SandsOfTime"],"picked":"MentalFortress+1","floor":22},{"not_picked":["FollowUp","MasterReality+1"],"picked":"Fasting2+1","floor":23}],"player_experience":2050822,"relics_obtained":[{"floor":3,"key":"Mummified Hand"},{"floor":6,"key":"Dream Catcher"},{"floor":8,"key":"Smiling Mask"},{"floor":9,"key":"Art of War"},{"floor":12,"key":"The Courier"},{"floor":19,"key":"Enchiridion"},{"floor":20,"key":"Frozen Egg 2"},{"floor":23,"key":"Pen Nib"}],"event_choices":[{"damage_healed":0,"gold_gain":0,"cards_transformed":["Strike_P"],"player_choice":"Change","damage_taken":0,"max_hp_gain":0,"max_hp_loss":0,"event_name":"Living Wall","floor":2,"gold_loss":0,"cards_obtained":["CutThroughFate"]},{"damage_healed":0,"gold_gain":0,"player_choice":"Entered Light","damage_taken":14,"max_hp_gain":0,"max_hp_loss":0,"event_name":"Shining Light","floor":4,"gold_loss":0,"cards_upgraded":["Strike_P","Defend_P"]},{"damage_healed":0,"gold_gain":0,"player_choice":"Take Damage","damage_taken":18,"relics_obtained":["Golden Idol"],"max_hp_gain":0,"max_hp_loss":0,"event_name":"Golden Idol","floor":5,"gold_loss":0},{"damage_healed":0,"gold_gain":0,"player_choice":"Obtained Book","damage_taken":16,"max_hp_gain":0,"max_hp_loss":0,"event_name":"Cursed Tome","floor":19,"gold_loss":0}],"is_beta":false,"boss_relics":[{"not_picked":["Fusion Hammer","Philosopher\u0027s Stone"],"picked":"SlaversCollar"}],"items_purged_floors":[14],"is_endless":false,"potions_floor_spawned":[1,7,13,22,23],"killed_by":"Slavers","ascension_level":13}}