{"host":"5fasz840ryq7obdf","time":1608638086,"event":{"mods":["AchievementEnabler","BaseMod","Bestiary","Better Altar","Better Skull","Better Third Choice","BetterRewards","Block Reminder","Colored Powertips","Curses Come First","Minty Spire (QoL Compilation)","Quick Restart","Relic Stats","Shop Mod","Spicy Shops","StSLib"],"gold_per_floor":[115,133,283,297,597,622,622,648,648,667,697,697,714,639,639,717,717,732,732,68,68,116,143,143,202,202,217,167,167,213,274,274,379,379,391,391,43,43,86,86,119,163,163,176,206,222,250,250,250,250,250,250,32,64,64],"floor_reached":56,"playtime":7073,"items_purged":["Strike_P","Regret","Strike_P","Defend_P"],"score":2738,"play_id":"ca89e066-58a5-432b-91e6-f809d06a9c07","local_time":"20201222115446","is_ascension_mode":true,"campfire_choices":[{"data":"Eruption","floor":7.0,"key":"SMITH"},{"data":"CrushJoints","floor":12,"key":"SMITH"},{"data":"Ragnarok","floor":15,"key":"SMITH"},{"data":"Adaptation","floor":29,"key":"SMITH"},{"floor":32,"key":"REST"},{"floor":40,"key":"REST"},{"floor":49,"key":"RECALL"},{"data":"TalkToTheHand","floor":52,"key":"SMITH"}],"circlet_count":0,"master_deck":["AscendersBane","Defend_P+1","Eruption+1","Vigilance+1","CrushJoints+1","Wireheading","Thinking Ahead+1","Wireheading","ThirdEye+1","Sadistic Nature","Blind+1","TalkToTheHand+1","FearNoEvil","Crescendo+1","FlurryOfBlows","Ragnarok+1","Adaptation+1","EmptyBody+1","CutThroughFate","Crescendo+1","Wish+1","Evaluate+1","Swivel+1","SandsOfTime","WaveOfTheHand+1","Indignation+1","Ghostly+1","Ghostly+1","Ghostly+1","Consecrate","Meditate+1","ThirdEye+1","Vault+1","Vault+1","Devotion+1","Weave+1","FollowUp+1","Protect+1","Fasting2","WheelKick","Sanctity+1","Parasite","Prostrate+1","Alpha+1","WreathOfFlame+1","Secret Technique+1","Trip+1","PanicButton+1","Protect+1","JustLucky"],"relics":["PureWater","Toxic Egg 2","Letter Opener","Gremlin Horn","Meat on the Bone","Ice Cream","Oddly Smooth Stone","Lee\u0027s Waffle","Old Coin","HornCleat","Tiny Chest","Pantograph","Mummified Hand","Runic Pyramid","betterThird:NestCultRelic","Mango","Ancient Tea Set","Centennial Puzzle","War Paint","Singing Bowl","Ornamental Fan","Astrolabe","Lizard Tail","Kunai","The Courier","Damaru","Sundial","Girya","Turnip","Yang"],"acts_visited":["Exordium","TheCity","TheBeyond","TheEnding"],"potions_floor_usage":[8,8,30,39,44],"damage_taken":[{"damage":2.0,"enemies":"2 Louse","floor":1.0,"turns":2.0},{"damage":7.0,"enemies":"Jaw Worm","floor":2.0,"turns":4.0},{"damage":0.0,"enemies":"Small Slimes","floor":4.0,"turns":2.0},{"damage":17.0,"enemies":"Gremlin Nob","floor":6.0,"turns":4.0},{"damage":13,"enemies":"3 Sentries","floor":8,"turns":3},{"damage":3,"enemies":"2 Fungi Beasts","floor":10,"turns":3},{"damage":4,"enemies":"Gremlin Nob","floor":11,"turns":3},{"damage":0,"enemies":"Red Slaver","floor":13,"turns":3},{"damage":9,"enemies":"The Guardian","floor":16,"turns":5},{"damage":0,"enemies":"Spheric Guardian","floor":18,"turns":3},{"damage":12,"enemies":"Chosen","floor":22,"turns":3},{"damage":15,"enemies":"Book of Stabbing","floor":23,"turns":3},{"damage":15,"enemies":"Gremlin Leader","floor":25,"turns":4},{"damage":0,"enemies":"3 Cultists","floor":27,"turns":4},{"damage":0,"enemies":"Cultist and Chosen","floor":30,"turns":4},{"damage":14,"enemies":"Book of Stabbing","floor":31,"turns":5},{"damage":2,"enemies":"Collector","floor":33,"turns":5},{"damage":16,"enemies":"Orb Walker","floor":35,"turns":3},{"damage":26,"enemies":"3 Darklings","floor":39,"turns":5},{"damage":18,"enemies":"Reptomancer","floor":41,"turns":5},{"damage":16,"enemies":"Writhing Mass","floor":42,"turns":6},{"damage":0,"enemies":"Maw","floor":44,"turns":6},{"damage":21,"enemies":"Nemesis","floor":45,"turns":4},{"damage":10,"enemies":"3 Darklings","floor":46,"turns":3},{"damage":0,"enemies":"Giant Head","floor":47,"turns":5},{"damage":15,"enemies":"Time Eater","floor":50,"turns":6},{"damage":33,"enemies":"Shield and Spear","floor":54,"turns":4},{"damage":41,"enemies":"The Heart","floor":55,"turns":12}],"seed_played":"-3482728798310985135","potions_obtained":[{"floor":2.0,"key":"CultistPotion"},{"floor":4.0,"key":"SkillPotion"},{"floor":6.0,"key":"DuplicationPotion"},{"floor":11,"key":"SkillPotion"},{"floor":22,"key":"Energy Potion"},{"floor":31,"key":"PowerPotion"},{"floor":39,"key":"Ancient Potion"},{"floor":45,"key":"StancePotion"}],"is_trial":false,"path_per_floor":["M","M","?","M","?","E","R","E","T","M","E","R","M","?","R","B",null,"M","?","$","T","M","E","?","E","T","M","?","R","M","E","R","B",null,"M","T","$","?","M","R","E","M","T","M","E","M","E","?","R","B",null,"R","$","E","B",null],"character_chosen":"WATCHER","items_purchased":["Toxic Egg 2","Letter Opener","Gremlin Horn","CrushJoints","Wireheading","Thinking Ahead+1","Wireheading","ThirdEye+1","Meat on the Bone","Ice Cream","Oddly Smooth Stone","Lee\u0027s Waffle","Sadistic Nature","Blind+1","TalkToTheHand","Swivel+1","Mango","Ancient Tea Set","SandsOfTime","Kunai","Fasting2","Turnip","Protect+1"],"campfire_rested":2,"item_purchase_floors":[0,0,0,0,0,0,0,0,0,0,0,0,0,0,0,20,20,20,20,37,37,53,53],"current_hp_per_floor":[73,66,66,66,66,49,49,48,48,45,41,41,41,41,41,57,71,71,71,85,85,73,58,44,29,29,29,29,29,29,27,40,42,44,28,28,28,28,14,27,21,19,19,31,24,26,26,16,16,26,43,43,43,22,18],"gold":64,"neow_bonus":"","is_daily":false,"chose_seed":false,"campfire_upgraded":5,"win_rate":0.0,"timestamp":1608638086,"path_taken":["M","M","?","M","?","E","R","E","T","?","E","R","M","?","R","BOSS","M","?","$","?","M","E","?","E","T","M","?","R","?","E","R","BOSS","M","?","$","?","M","R","E","M","T","?","E","M","E","?","R","BOSS","R","$","E","BOSS"],"items_purchased_type":["Relic","Relic","Relic","Card","Card","Card","Card","Card","Relic","Relic","Relic","Relic","Card","Card","Card","Card","Relic","Relic","Card","Relic","Card","Relic","Card"],"build_version":"2020-12-13","purchased_purges":4,"victory":true,"max_hp_per_floor":[75,75,75,75,75,75,75,75,75,75,75,75,75,75,75,75,75,75,75,89,89,89,89,44,44,44,44,44,44,44,44,44,44,44,44,44,44,44,44,44,44,46,46,46,48,48,48,48,48,48,48,48,48,48,48],"relic_stats":{"Lee\u0027s Waffle":56,"Gremlin Horn":[21,21],"Singing Bowl":4,"counters":[130,563],"Astrolabe":["Devotion","Weave","FollowUp"],"Yang":[305],"Letter Opener":[708],"War Paint":["The Bomb","Vigilance","Swivel","Vigilance","EmptyBody","Protect","Defend_P","Vigilance"],"Centennial Puzzle":[102],"Lizard Tail":0,"Mummified Hand":[98],"Ornamental Fan":[252],"Sundial":[0],"Pantograph":108,"Tiny Chest":2,"Turnip":[2],"Kunai":[18],"obtain_stats":[{"Ice Cream":47,"Gremlin Horn":0,"CeramicFish":34,"Vajra":43,"Whetstone":31,"Boot":47,"Sling":5,"Old Coin":5,"Blood Vial":24,"Centennial Puzzle":39,"Lizard Tail":36,"HornCleat":43,"DollysMirror":36,"Sundial":42,"Strawberry":24,"Philosopher\u0027s Stone":34,"MealTicket":11,"Prayer Wheel":31,"HandDrill":0,"Kunai":0,"Toxic Egg 2":8,"Girya":47,"Happy Flower":38,"Blue Candle":31,"Astrolabe":17,"Oddly Smooth Stone":6,"Eternal Feather":8,"Pen Nib":6,"Letter Opener":6,"War Paint":44,"Question Card":17,"Akabeko":9,"Bird Faced Urn":0,"Bronze Scales":37,"Molten Egg 2":14,"Black Star":17,"Unceasing Top":23,"Meat on the Bone":0,"Darkstone Periapt":25,"Regal Pillow":25,"Lantern":9,"Singing Bowl":23,"Mango":43,"Yang":0,"Incense Burner":17,"Bag of Preparation":47,"Empty Cage":17,"Ancient Tea Set":20,"Nunchaku":4,"Dream Catcher":29,"TheAbacus":20,"Mummified Hand":26,"Gambling Chip":8,"Pantograph":34,"Toolbox":0,"Tiny Chest":8,"Red Mask":44,"Runic Pyramid":17,"Potion Belt":0,"Lee\u0027s Waffle":0,"NeowsBlessing":0,"Damaru":22,"PreservedInsect":47,"betterThird:NestCultRelic":19,"The Courier":41,"Omamori":40,"Orichalcum":9,"MawBank":28,"Mercury Hourglass":28,"Calling Bell":34,"Anchor":22,"Ornamental Fan":28,"Bloody Idol":21,"HolyWater":34,"Turnip":40,"Art of War":26,"Bag of Marbles":46,"Membership Card":0,"PureWater":0,"TungstenRod":0,"Toy Ornithopter":11},{"Ice Cream":71,"Gremlin Horn":102,"CeramicFish":40,"Vajra":70,"Whetstone":62,"Boot":71,"Sling":76,"Old Coin":105,"Blood Vial":35,"Centennial Puzzle":42,"Lizard Tail":120,"HornCleat":44,"DollysMirror":41,"Sundial":70,"Strawberry":12,"Philosopher\u0027s Stone":16,"MealTicket":30,"Prayer Wheel":89,"HandDrill":23,"Kunai":47,"Toxic Egg 2":29,"Girya":127,"Happy Flower":18,"Blue Candle":15,"Astrolabe":32,"Oddly Smooth Stone":77,"Eternal Feather":52,"Pen Nib":27,"Letter Opener":3,"War Paint":45,"Question Card":55,"Akabeko":4,"Bird Faced Urn":23,"Bronze Scales":92,"Molten Egg 2":6,"Black Star":82,"Unceasing Top":85,"Meat on the Bone":23,"Darkstone Periapt":59,"Regal Pillow":36,"Lantern":52,"Singing Bowl":35,"Mango":20,"Yang":73,"Incense Burner":55,"Bag of Preparation":71,"Empty Cage":7,"Ancient Tea Set":112,"Nunchaku":1,"Dream Catcher":38,"TheAbacus":57,"Mummified Hand":12,"Gambling Chip":4,"Pantograph":40,"Toolbox":73,"Tiny Chest":107,"Red Mask":20,"Runic Pyramid":111,"Potion Belt":23,"Lee\u0027s Waffle":102,"NeowsBlessing":0,"Damaru":34,"PreservedInsect":21,"betterThird:NestCultRelic":112,"The Courier":122,"Omamori":20,"Orichalcum":29,"MawBank":60,"Mercury Hourglass":14,"Calling Bell":40,"Anchor":57,"Ornamental Fan":87,"Bloody Idol":57,"HolyWater":63,"Turnip":43,"Art of War":36,"Bag of Marbles":71,"Membership Card":23,"PureWater":0,"TungstenRod":47,"Toy Ornithopter":53},{"Ice Cream":312,"Gremlin Horn":444,"CeramicFish":163,"Vajra":307,"Whetstone":265,"Boot":312,"Sling":329,"Old Coin":452,"Blood Vial":136,"Centennial Puzzle":171,"Lizard Tail":507,"HornCleat":183,"DollysMirror":168,"Sundial":307,"Strawberry":43,"Philosopher\u0027s Stone":59,"MealTicket":111,"Prayer Wheel":377,"HandDrill":89,"Kunai":199,"Toxic Egg 2":107,"Girya":541,"Happy Flower":65,"Blue Candle":52,"Astrolabe":123,"Oddly Smooth Stone":333,"Eternal Feather":215,"Pen Nib":100,"Letter Opener":3,"War Paint":188,"Question Card":227,"Akabeko":12,"Bird Faced Urn":89,"Bronze Scales":392,"Molten Egg 2":20,"Black Star":347,"Unceasing Top":360,"Meat on the Bone":89,"Darkstone Periapt":245,"Regal Pillow":142,"Lantern":215,"Singing Bowl":136,"Mango":77,"Yang":320,"Incense Burner":227,"Bag of Preparation":312,"Empty Cage":27,"Ancient Tea Set":476,"Nunchaku":1,"Dream Catcher":152,"TheAbacus":235,"Mummified Hand":43,"Gambling Chip":12,"Pantograph":163,"Toolbox":320,"Tiny Chest":459,"Red Mask":77,"Runic Pyramid":473,"Potion Belt":89,"Lee\u0027s Waffle":444,"NeowsBlessing":0,"Damaru":133,"PreservedInsect":82,"betterThird:NestCultRelic":476,"The Courier":517,"Omamori":77,"Orichalcum":107,"MawBank":250,"Mercury Hourglass":50,"Calling Bell":163,"Anchor":235,"Ornamental Fan":368,"Bloody Idol":235,"HolyWater":272,"Turnip":176,"Art of War":142,"Bag of Marbles":312,"Membership Card":89,"PureWater":0,"TungstenRod":199,"Toy Ornithopter":219}],"Meat on the Bone":120},"card_choices":[{"not_picked":["Wallop","ThirdEye+1"],"picked":"FearNoEvil","floor":1.0},{"not_picked":["EmptyMind+1","Fasting2"],"picked":"Crescendo+1","floor":2.0},{"not_picked":["PathToVictory+1","EmptyFist"],"picked":"FlurryOfBlows","floor":4.0},{"not_picked":["Pray+1","ThirdEye+1"],"picked":"Ragnarok","floor":6.0},{"not_picked":["FollowUp","SignatureMove"],"picked":"Adaptation","floor":8},{"not_picked":["Halt+1","Wireheading"],"picked":"EmptyBody+1","floor":10},{"not_picked":["JustLucky","FlyingSleeves"],"picked":"CutThroughFate","floor":11},{"not_picked":["Wireheading","ThirdEye+1"],"picked":"Crescendo+1","floor":13},{"not_picked":["Alpha+1","Brilliance"],"picked":"Wish+1","floor":16},{"not_picked":["FollowUp","EmptyBody+1"],"picked":"Evaluate+1","floor":18},{"not_picked":["Tantrum","FlyingSleeves"],"picked":"WaveOfTheHand+1","floor":22},{"not_picked":["CarveReality","PathToVictory+1"],"picked":"Indignation+1","floor":23},{"not_picked":["Prostrate+1","FlyingSleeves"],"picked":"Consecrate","floor":25},{"not_picked":["Crescendo+1","ClearTheMind+1"],"picked":"Meditate+1","floor":27},{"not_picked":["Crescendo+1","EmptyFist"],"picked":"ThirdEye+1","floor":30},{"not_picked":["ClearTheMind+1","EmptyFist"],"picked":"Vault+1","floor":31},{"not_picked":["DevaForm","DeusExMachina+1"],"picked":"Vault+1","floor":33},{"not_picked":["ThirdEye+1","WindmillStrike"],"picked":"Protect+1","floor":35},{"not_picked":["CutThroughFate","BowlingBash"],"picked":"WheelKick","floor":39},{"not_picked":["ClearTheMind+1","SashWhip"],"picked":"Sanctity+1","floor":41},{"not_picked":["Wallop","FlyingSleeves","SashWhip"],"picked":"Singing Bowl","floor":42},{"not_picked":["Protect+1","Wireheading"],"picked":"Prostrate+1","floor":44},{"not_picked":["Crescendo+1","ReachHeaven","Indignation+1"],"picked":"Singing Bowl","floor":45},{"not_picked":["BattleHymn","Protect+1"],"picked":"Alpha+1","floor":46},{"not_picked":["Vengeance+1","Swivel+1"],"picked":"WreathOfFlame+1","floor":47},{"not_picked":["Violence+1","Impatience+1"],"picked":"Secret Technique+1","floor":48},{"not_picked":["Impatience+1","Swift Strike"],"picked":"Trip+1","floor":48},{"not_picked":["Flash of Steel","Mayhem"],"picked":"PanicButton+1","floor":48},{"not_picked":["Vengeance+1","Wireheading"],"picked":"JustLucky","floor":54}],"player_experience":920839,"relics_obtained":[{"floor":6.0,"key":"HornCleat"},{"floor":8,"key":"Tiny Chest"},{"floor":9,"key":"Pantograph"},{"floor":11,"key":"Mummified Hand"},{"floor":23,"key":"Centennial Puzzle"},{"floor":25,"key":"War Paint"},{"floor":26,"key":"Singing Bowl"},{"floor":31,"key":"Ornamental Fan"},{"floor":36,"key":"Lizard Tail"},{"floor":41,"key":"The Courier"},{"floor":43,"key":"Damaru"},{"floor":45,"key":"Sundial"},{"floor":47,"key":"Girya"},{"floor":54,"key":"Yang"}],"event_choices":[{"damage_healed":0.0,"max_hp_gain":0.0,"max_hp_loss":0.0,"gold_gain":150.0,"event_name":"betterThird:BetterSerpent","player_choice":"AGREE","floor":3.0,"gold_loss":0.0,"damage_taken":133.0},{"damage_healed":0.0,"max_hp_gain":0.0,"max_hp_loss":0.0,"gold_gain":0.0,"event_name":"Big Fish","player_choice":"Box","floor":5.0,"gold_loss":0.0,"damage_taken":0.0,"relics_obtained":["Old Coin"],"cards_obtained":["Regret"]},{"cards_removed":["Doubt"],"damage_healed":0,"gold_gain":0,"player_choice":"Card Removal","damage_taken":0,"max_hp_gain":0,"max_hp_loss":0,"event_name":"The Cleric","floor":14,"gold_loss":75},{"damage_healed":0,"gold_gain":0,"player_choice":"Madness","damage_taken":0,"relics_obtained":["betterThird:NestCultRelic"],"max_hp_gain":0,"max_hp_loss":0,"event_name":"betterThird:BetterNest","floor":19,"gold_loss":0},{"damage_healed":0,"gold_gain":0,"player_choice":"Became a Ghost","damage_taken":0,"max_hp_gain":0,"max_hp_loss":45,"event_name":"Ghosts","floor":24,"gold_loss":0,"cards_obtained":["Ghostly","Ghostly","Ghostly"]},{"damage_healed":0,"gold_gain":0,"player_choice":"Bet on Owner","damage_taken":0,"max_hp_gain":0,"max_hp_loss":0,"event_name":"The Joust","floor":28,"gold_loss":50},{"cards_removed":["Defend_P"],"damage_healed":0,"gold_gain":0,"player_choice":"Offered Basic","damage_taken":0,"max_hp_gain":0,"max_hp_loss":0,"event_name":"Bonfire Elementals","floor":38,"gold_loss":0},{"damage_healed":0,"gold_gain":0,"player_choice":"Memory 3","damage_taken":10,"max_hp_gain":0,"max_hp_loss":0,"event_name":"SensoryStone","floor":48,"gold_loss":0}],"is_beta":false,"boss_relics":[{"not_picked":["Tiny House","Sozu"],"picked":"Runic Pyramid"},{"not_picked":["Coffee Dripper","Velvet Choker"],"picked":"Astrolabe"}],"items_purged_floors":[0,20,20,53],"is_endless":false,"potions_floor_spawned":[2,4,6,11,22,23,27,31,33,39,45],"ascension_level":16}}