{"host":"94gwvauc5ft784pa","time":1608607833,"event":{"mods":["AchievementEnabler","BaseMod","Better Match","Better Third Choice","BetterRewards","CCEM","CatGirl Mod","Colored Powertips","DeckTracker","Ekko","Friendly Minions","GifTheSpireLib","Highlight Path","Hubris","Minty Spire (QoL Compilation)","Quick Restart","Replay The Spire","StSLib","Synergy Search","The Alterego","The Bug Knight","The Construct","The Cursed","The Disciple","The Dragon Tamer","The Factory","The Jungle","The Necromancer","The Runesmith","TheArtist","Unceasing Turn Reminder"],"gold_per_floor":[119,24,35,55,64,98,98,129,155,155,71,54,54,54,54,159,159,77,77,77],"floor_reached":19,"playtime":2726,"items_purged":[],"score":325,"play_id":"6d634e48-166b-46fe-8ec3-eeb5c5b5ba55","local_time":"20201221203033","is_ascension_mode":false,"campfire_choices":[{"floor":7.0,"key":"REST"},{"floor":13.0,"key":"REST"},{"data":"Bone_Prison","floor":15.0,"key":"SMITH"}],"circlet_count":0,"master_deck":["Strike_W","Strike_W","Strike_W","Strike_W","Defend_W","Defend_W","Defend_W+1","Defend_W","Negative_Energy_Arrows+1","Bone_Wall+1","Negative_Energy_Burst","ReplayTheSpireMod:IOU","Midas Touch","ReplayTheSpireMod:IOU","ReplayTheSpireMod:IOU","Bones_to_Steel+1","Bone_Spikes","Shackles_Of_Pain","ReplayTheSpireMod:IOU","Summon_Lich","ReplayTheSpireMod:IOU","ReplayTheSpireMod:IOU","ReplayTheSpireMod:IOU","ReplayTheSpireMod:IOU","Bone_Prison+1","Negative_Energy_Javelin","Death_March_Dance","ReplayTheSpireMod:IOU","Reap_The_Weak+1","Negative_Energy_Bomb","Consume_Illness"],"relics":["Vampire_Amulet","Replay:Wax Seal","Ornamental Fan","Strange Spoon","construct:BoolHorns","War Paint","Runesmith:AutoHammer","CCEMRelics:Pendulum","Question Card","Replay:Fungal Core"],"acts_visited":["Exordium","TheCity"],"potions_floor_usage":[],"damage_taken":[{"damage":5.0,"enemies":"Jaw Worm","floor":1.0,"turns":4.0},{"damage":0.0,"enemies":"Cultist","floor":3.0,"turns":3.0},{"damage":0.0,"enemies":"2 Louse","floor":4.0,"turns":1.0},{"damage":51.0,"enemies":"Lagavulin","floor":6.0,"turns":8.0},{"damage":10.0,"enemies":"HollowMod:MossKnight","floor":8.0,"turns":13.0},{"damage":24.0,"enemies":"Exordium Wildlife","floor":11.0,"turns":5.0},{"damage":30.0,"enemies":"Slime Boss","floor":16.0,"turns":6.0},{"damage":26,"enemies":"Chosen","floor":18,"turns":7},{"damage":53,"enemies":"Sentry and Sphere","floor":19,"turns":5}],"seed_played":"-4496161827288465912","potions_obtained":[{"floor":1.0,"key":"sneckomod:MuddlingPotion"},{"floor":11.0,"key":"LiquidBronze"}],"is_trial":false,"path_per_floor":["M","$","M","M","$","E","R","E","T","?","M","$","R","?","R","B",null,"M","M"],"character_chosen":"NECROMANCER","items_purchased":["Replay:Wax Seal","Midas Touch","Ornamental Fan","Bones_to_Steel+1","expansioncontent:Chronoboost","Summon_Lich","Strange Spoon","construct:BoolHorns","Reap_The_Weak+1"],"campfire_rested":2,"item_purchase_floors":[2,2,2,2,5,5,5,5,12],"current_hp_per_floor":[72,72,74,75,75,26,48,42,42,42,22,22,44,75,75,51,75,51,0,0],"gold":77,"neow_bonus":"UPGRADE_CARD","is_daily":false,"chose_seed":false,"campfire_upgraded":1,"win_rate":0.0,"timestamp":1608607833,"path_taken":["M","$","M","M","$","E","R","E","T","?","?","$","R","?","R","BOSS","M","M"],"items_purchased_type":["Relic","Card","Relic","Card","Undefined","Card","Relic","Relic","Card"],"build_version":"2020-12-13","purchased_purges":0,"victory":false,"max_hp_per_floor":[75,75,75,75,75,75,75,75,75,75,75,75,75,75,75,75,75,75,75,75],"card_choices":[{"not_picked":["Pandemic","Blood_for_Blood"],"picked":"Negative_Energy_Burst","floor":1.0},{"not_picked":["Bones_to_Steel","Epidemic"],"picked":"Bone_Spikes","floor":3.0},{"not_picked":["Consume_Illness","Bone_Armor"],"picked":"Shackles_Of_Pain","floor":4.0},{"not_picked":["Acid_Javelin","Spectral_Walk"],"picked":"Bone_Prison","floor":6.0},{"not_picked":["Shackles_Of_Pain","Blood_Whip"],"picked":"Negative_Energy_Javelin","floor":8.0},{"not_picked":["Slay_Living","Spectral_Armor","Thousand_Bone_Knives"],"picked":"Death_March_Dance","floor":11.0},{"not_picked":["Skeleton_Dragon","Hellfire","Detonate_Bones"],"picked":"Negative_Energy_Bomb","floor":16.0},{"not_picked":["Death_March_Dance","Toxic_Smoke_Screen","Bone_Shift"],"picked":"Consume_Illness","floor":18}],"player_experience":200905,"relics_obtained":[{"floor":6.0,"key":"War Paint"},{"floor":8.0,"key":"Runesmith:AutoHammer"},{"floor":9.0,"key":"CCEMRelics:Pendulum"}],"event_choices":[{"damage_healed":0.0,"max_hp_gain":0.0,"max_hp_loss":0.0,"gold_gain":0.0,"event_name":"WeMeetAgain","player_choice":"Gave Potion","floor":10.0,"gold_loss":0.0,"damage_taken":0.0,"relics_obtained":["Question Card"]},{"cards_removed":["expansioncontent:Chronoboost"],"damage_healed":31.0,"max_hp_gain":0.0,"max_hp_loss":0.0,"gold_gain":0.0,"event_name":"Bonfire Elementals","player_choice":"Offered Uncommon","floor":14.0,"gold_loss":0.0,"damage_taken":0.0}],"is_beta":false,"boss_relics":[{"not_picked":["construct:WeddingRing","hubris:Backtick"],"picked":"Replay:Fungal Core"}],"items_purged_floors":[],"is_endless":false,"potions_floor_spawned":[1,11],"killed_by":"Sentry and Sphere","ascension_level":0}}