{"host":"26mrfot5w7uj2ebc","time":1608636875,"event":{"mods":["AchievementEnabler","BaseMod","Colored Map","Minty Spire (QoL Compilation)"],"gold_per_floor":[109,120,131,148,159,159,175,175,175,125,141,160,160,160,160,283,283,302,302,317,340,340,340],"floor_reached":22,"playtime":876,"items_purged":[],"score":182,"play_id":"a1227d33-6b04-4977-9fe5-082492e33c03","local_time":"20201222203435","is_ascension_mode":false,"campfire_choices":[{"data":"Noxious Fumes","floor":6,"key":"SMITH"},{"data":"Blade Dance","floor":8,"key":"SMITH"},{"floor":15,"key":"REST"}],"circlet_count":0,"master_deck":["Strike_G","Strike_G","Strike_G","Strike_G","Strike_G","Defend_G","Defend_G","Defend_G","Defend_G","Survivor","Neutralize","Blade Dance+1","Distraction","Noxious Fumes+1","Cloak And Dagger","Leg Sweep","Crippling Poison","Bane","Blur","Injury","Envenom","Bane","Infinite Blades","Catalyst"],"relics":["Ring of the Snake","Strawberry","Sundial","Golden Idol","Runic Pyramid"],"acts_visited":["Exordium","TheCity"],"potions_floor_usage":[16,22,22],"damage_taken":[{"damage":0,"enemies":"Cultist","floor":1,"turns":3},{"damage":0,"enemies":"2 Louse","floor":2,"turns":2},{"damage":10,"enemies":"Small Slimes","floor":3,"turns":6},{"damage":16,"enemies":"Gremlin Gang","floor":4,"turns":4},{"damage":13,"enemies":"Looter","floor":5,"turns":4},{"damage":1,"enemies":"Blue Slaver","floor":7,"turns":4},{"damage":5,"enemies":"Exordium Thugs","floor":11,"turns":6},{"damage":14,"enemies":"Looter","floor":12,"turns":3},{"damage":27,"enemies":"Slime Boss","floor":16,"turns":9},{"damage":10,"enemies":"Chosen","floor":18,"turns":6},{"damage":18,"enemies":"3 Byrds","floor":20,"turns":6},{"damage":22,"enemies":"Snake Plant","floor":21,"turns":4},{"damage":38,"enemies":"Shelled Parasite and Fungi","floor":22,"turns":4}],"seed_played":"5515322422933071907","potions_obtained":[{"floor":1,"key":"BlessingOfTheForge"},{"floor":11,"key":"AttackPotion"},{"floor":12,"key":"Fire Potion"},{"floor":18,"key":"Ancient Potion"}],"is_trial":false,"path_per_floor":["M","M","M","M","M","R","M","R","T","?","M","M","?","?","R","B",null,"M","?","M","M","M"],"character_chosen":"THE_SILENT","items_purchased":[],"campfire_rested":1,"item_purchase_floors":[],"current_hp_per_floor":[77,77,67,51,38,38,37,37,37,37,32,18,15,15,38,11,77,67,67,49,27,0,0],"gold":340,"neow_bonus":"RANDOM_COMMON_RELIC","is_daily":false,"chose_seed":false,"campfire_upgraded":2,"win_rate":0.0,"timestamp":1608636875,"path_taken":["M","M","M","M","M","R","M","R","T","?","M","M","?","?","R","BOSS","M","?","M","M","M"],"items_purchased_type":[],"build_version":"2020-12-13","purchased_purges":0,"victory":false,"max_hp_per_floor":[77,77,77,77,77,77,77,77,77,77,77,77,77,77,77,77,77,77,77,77,77,77,77],"card_choices":[{"not_picked":["Leg Sweep","Heel Hook"],"picked":"Blade Dance","floor":1},{"not_picked":["Backflip","Prepared"],"picked":"Distraction","floor":2},{"not_picked":["All Out Attack","Outmaneuver"],"picked":"Noxious Fumes","floor":3},{"not_picked":["Acrobatics","Flying Knee"],"picked":"Cloak And Dagger","floor":4},{"not_picked":["Footwork","Dodge and Roll"],"picked":"Leg Sweep","floor":5},{"not_picked":["Terror","Footwork"],"picked":"Crippling Poison","floor":7},{"not_picked":["Sucker Punch","Dodge and Roll"],"picked":"Bane","floor":11},{"not_picked":["Bane","Blade Dance"],"picked":"Blur","floor":12},{"not_picked":["Die Die Die","Unload"],"picked":"Envenom","floor":16},{"not_picked":["Terror","Dodge and Roll"],"picked":"Bane","floor":18},{"not_picked":["Dagger Throw","Skewer"],"picked":"Infinite Blades","floor":20},{"not_picked":["Crippling Poison","Poisoned Stab+1"],"picked":"Catalyst","floor":21}],"player_experience":201068,"relics_obtained":[],"event_choices":[{"cards_removed":["Defend_G"],"damage_healed":0,"gold_gain":0,"player_choice":"Card Removal","damage_taken":0,"max_hp_gain":0,"max_hp_loss":0,"event_name":"The Cleric","floor":10,"gold_loss":50},{"damage_healed":0,"gold_gain":0,"player_choice":"Success","damage_taken":3,"relics_obtained":["Sundial"],"max_hp_gain":0,"max_hp_loss":0,"event_name":"Scrap Ooze","floor":13,"gold_loss":0},{"damage_healed":0,"gold_gain":0,"player_choice":"Take Wound","damage_taken":0,"relics_obtained":["Golden Idol"],"max_hp_gain":0,"max_hp_loss":0,"event_name":"Golden Idol","floor":14,"gold_loss":0,"cards_obtained":["Injury"]},{"damage_healed":0,"gold_gain":0,"player_choice":"Ignored","damage_taken":0,"max_hp_gain":0,"max_hp_loss":0,"event_name":"Vampires","floor":19,"gold_loss":0}],"is_beta":false,"boss_relics":[{"not_picked":["Philosopher\u0027s Stone","SacredBark"],"picked":"Runic Pyramid"}],"items_purged_floors":[],"is_endless":false,"potions_floor_spawned":[1,11,12,18],"killed_by":"Shelled Parasite and Fungi","ascension_level":0}}