{"host":"93x13jgem5w43hjr","time":1608610033,"event":{"mods":["AchievementEnabler","BaseMod","Colored Map","Colored Powertips","Downfall","Minty Spire (QoL Compilation)","Remilia??????","StSLib","The Animator","The Hierophant"],"gold_per_floor":[116,96,108,122,118,118,114,114,139,314,328,328,101,109,109,211,211,235,235,218,218,218,218,241,247,317,317,317,341,369,371,371,376,376,378,77,139,161,161,184,232,232,232,206,206],"floor_reached":44,"playtime":2288,"items_purged":["Doubt","hierophant:Empathy+1"],"score":387,"play_id":"d7558d7c-5946-469c-a054-a57963f6aa1e","local_time":"20201221210713","is_ascension_mode":false,"campfire_choices":[{"data":"hierophant:AuricBeam","floor":6,"key":"SMITH"},{"data":"hierophant:SolarFlare","floor":8,"key":"SMITH"},{"data":"hierophant:ChurchCoffers","floor":12,"key":"SMITH"},{"floor":15,"key":"REST"},{"data":"hierophant:AuricBeam","floor":23,"key":"SMITH"},{"data":"hierophant:Kindle","floor":27,"key":"SMITH"},{"data":"hierophant:Embezzle","floor":32,"key":"SMITH"},{"data":"hierophant:Levitation","floor":42,"key":"SMITH"}],"circlet_count":0,"master_deck":["hierophant:Punish","hierophant:Defend_Hierophant","hierophant:Defend_Hierophant","hierophant:Defend_Hierophant","hierophant:Defend_Hierophant","hierophant:ChurchCoffers+1","hierophant:Embezzle","hierophant:AuricBeam+1","hierophant:ThreeLashes","hierophant:SolarFlare+1","hierophant:Racketeering","hierophant:Embezzle+1","hierophant:Kindle+1","hierophant:Doubloon+1","hierophant:Remorse+1","hierophant:Endure+1","hierophant:AuricBeam+1","Slimebound:Tackle+1","Slimebound:Tackle+1","Slimebound:Tackle+1","hierophant:Doubloon+1","hierophant:ThreeLashes+1","hierophant:RustyCrate","hierophant:Doubloon+1","hierophant:Doubloon+1","hierophant:AuricShield","hierophant:MintersHammer","hierophant:Endure","hierophant:OrnateBuckler","hierophant:Levitation+1","hierophant:Rebuild+1"],"relics":["hierophant:PropheticMaskRelic","NeowsBlessing","Vajra","DollysMirror","Centennial Puzzle","Astrolabe","Kunai","Unceasing Top","Pen Nib","Velvet Choker","Anchor","Girya","HornCleat"],"acts_visited":["Exordium","TheCity","TheBeyond"],"potions_floor_usage":[14,16,24,24,25,25,35,38,44],"damage_taken":[{"damage":0,"enemies":"Small Slimes","floor":1,"turns":1},{"damage":0,"enemies":"Cultist","floor":3,"turns":1},{"damage":0,"enemies":"2 Louse","floor":4,"turns":2},{"damage":15,"enemies":"Exordium Wildlife","floor":5,"turns":4},{"damage":6,"enemies":"Large Slime","floor":7,"turns":5},{"damage":2,"enemies":"Blue Slaver","floor":11,"turns":2},{"damage":13,"enemies":"Lagavulin","floor":14,"turns":3},{"damage":0,"enemies":"Slime Boss","floor":16,"turns":7},{"damage":10,"enemies":"3 Byrds","floor":18,"turns":3},{"damage":6,"enemies":"2 Thieves","floor":20,"turns":3},{"damage":14,"enemies":"Chosen and Byrds","floor":24,"turns":3},{"damage":3,"enemies":"Centurion and Healer","floor":25,"turns":2},{"damage":5,"enemies":"Snecko","floor":30,"turns":3},{"damage":0,"enemies":"3 Cultists","floor":31,"turns":3},{"damage":81,"enemies":"Champ","floor":33,"turns":7},{"damage":0,"enemies":"Orb Walker","floor":35,"turns":1},{"damage":40,"enemies":"2 Orb Walkers","floor":37,"turns":5},{"damage":24,"enemies":"3 Darklings","floor":38,"turns":6},{"damage":22,"enemies":"Transient","floor":40,"turns":5},{"damage":19,"enemies":"Maw","floor":41,"turns":8},{"damage":69,"enemies":"Giant Head","floor":44,"turns":8}],"seed_played":"-7532608163141443554","potions_obtained":[{"floor":2,"key":"LiquidBronze"},{"floor":3,"key":"CultistPotion"},{"floor":5,"key":"SmokeBomb"},{"floor":7,"key":"FearPotion"},{"floor":14,"key":"champ:CounterPotion"},{"floor":20,"key":"ColorlessPotion"},{"floor":24,"key":"LiquidMemories"},{"floor":25,"key":"FairyPotion"},{"floor":33,"key":"FearPotion"},{"floor":37,"key":"Regen Potion"},{"floor":40,"key":"Slimebound:ThreeZeroPotion"}],"is_trial":false,"path_per_floor":["M","?","M","M","M","R","M","R","T","?","M","R","$","E","R","B",null,"M","?","M","?","?","R","M","M","T","R","T","T","M","M","R","B",null,"M","$","?","M","?","M","M","R","T","E"],"character_chosen":"HIEROPHANT","items_purchased":["DollysMirror","hierophant:OrnateBuckler","Anchor"],"campfire_rested":1,"item_purchase_floors":[13,36,36],"current_hp_per_floor":[75,75,75,75,60,60,54,54,54,54,52,52,52,39,61,61,75,65,65,59,59,75,75,61,58,58,58,58,58,53,53,53,3,75,75,75,35,26,66,44,25,25,25,0,0],"gold":206,"neow_bonus":"THREE_ENEMY_KILL","is_daily":false,"chose_seed":false,"campfire_upgraded":7,"win_rate":0.0,"timestamp":1608610033,"path_taken":["M","?","M","M","M","R","?","R","T","?","M","R","?","E","R","BOSS","M","?","M","?","?","R","M","M","T","R","?","?","M","?","R","BOSS","M","$","?","M","?","M","M","R","T","E"],"items_purchased_type":["Relic","Card","Relic"],"build_version":"2020-12-13","purchased_purges":2,"victory":false,"max_hp_per_floor":[75,75,75,75,75,75,75,75,75,75,75,75,75,75,75,75,75,75,75,75,75,75,75,75,75,75,75,75,75,75,75,75,75,75,75,75,75,75,66,66,66,66,66,66,66],"card_choices":[{"not_picked":["hierophant:PassingBell","hierophant:Blessing"],"picked":"hierophant:Embezzle","floor":1},{"not_picked":["hierophant:FlamingChariot","hierophant:Martyrdom"],"picked":"hierophant:AuricBeam","floor":3},{"not_picked":["hierophant:Alms","hierophant:PassingBell"],"picked":"hierophant:ThreeLashes","floor":4},{"not_picked":["hierophant:MorningPrayer","hierophant:Purify","hierophant:Exaltation"],"picked":"SKIP","floor":5},{"not_picked":["hierophant:PassingBell","hierophant:BulkyChest"],"picked":"hierophant:SolarFlare","floor":7},{"not_picked":["hierophant:Rebuild","hierophant:DisplayOfPower"],"picked":"hierophant:Racketeering","floor":11},{"not_picked":["hierophant:Upheaval","hierophant:Bribe"],"picked":"hierophant:OrnateJavelin","floor":14},{"not_picked":["hierophant:Batter","hierophant:Anathema"],"picked":"hierophant:Kindle","floor":16},{"not_picked":["hierophant:TollTheBells","hierophant:HolyVerse+1"],"picked":"hierophant:AuricBeam","floor":18},{"not_picked":["hierophant:Empathy","hierophant:RepressedViolence"],"picked":"hierophant:Doubloon","floor":20},{"not_picked":["hierophant:DisplayOfPower","hierophant:Prophecy"],"picked":"hierophant:ThreeLashes+1","floor":24},{"not_picked":["hierophant:Sermon","hierophant:Encroach","hierophant:FieryStrike"],"picked":"SKIP","floor":25},{"not_picked":["hierophant:SealAway","hierophant:Generosity"],"picked":"hierophant:RustyCrate","floor":30},{"not_picked":["hierophant:EyeForCoin","hierophant:FlamingChariot"],"picked":"hierophant:AuricShield","floor":31},{"not_picked":["hierophant:Anathema","hierophant:DivineIntervention"],"picked":"hierophant:MintersHammer","floor":33},{"not_picked":["hierophant:Embezzle+1","hierophant:ConvertCurrency"],"picked":"hierophant:Endure","floor":35},{"not_picked":["hierophant:PassingBell+1","hierophant:Repentance+1"],"picked":"hierophant:Levitation","floor":38},{"not_picked":["hierophant:ArchangelShield","hierophant:Charity+1"],"picked":"hierophant:Rebuild+1","floor":40},{"not_picked":["hierophant:Purify","hierophant:PassingBell+1","hierophant:RepressedViolence+1"],"picked":"SKIP","floor":41}],"player_experience":175438,"relics_obtained":[{"floor":9,"key":"Vajra"},{"floor":14,"key":"Centennial Puzzle"},{"floor":26,"key":"Kunai"},{"floor":28,"key":"Unceasing Top"},{"floor":29,"key":"Pen Nib"},{"floor":37,"key":"Girya"},{"floor":43,"key":"HornCleat"}],"event_choices":[{"damage_healed":0,"gold_gain":0,"player_choice":"Bought 1 Potion","damage_taken":0,"max_hp_gain":0,"max_hp_loss":0,"event_name":"The Woman in Blue","floor":2,"gold_loss":0},{"damage_healed":0,"gold_gain":175,"player_choice":"AGREE","damage_taken":0,"max_hp_gain":0,"max_hp_loss":0,"event_name":"Liars Game","floor":10,"gold_loss":0,"cards_obtained":["Doubt"]},{"damage_healed":0,"gold_gain":0,"player_choice":"Ignored","damage_taken":0,"max_hp_gain":0,"max_hp_loss":0,"event_name":"Vampires","floor":21,"gold_loss":0},{"damage_healed":25,"gold_gain":0,"player_choice":"Heal","damage_taken":0,"max_hp_gain":0,"max_hp_loss":0,"event_name":"The Library","floor":22,"gold_loss":0},{"damage_healed":0,"gold_gain":0,"player_choice":"Fight","damage_taken":0,"max_hp_gain":0,"max_hp_loss":0,"event_name":"Mysterious Sphere","floor":37,"gold_loss":0},{"damage_healed":66,"gold_gain":0,"player_choice":"Heal","damage_taken":0,"max_hp_gain":0,"max_hp_loss":9,"event_name":"The Moai Head","floor":39,"gold_loss":0}],"is_beta":false,"boss_relics":[{"not_picked":["Snecko Eye","Ectoplasm"],"picked":"Astrolabe"},{"not_picked":["Philosopher\u0027s Stone","Coffee Dripper"],"picked":"Velvet Choker"}],"items_purged_floors":[13,36],"is_endless":false,"potions_floor_spawned":[3,5,7,14,20,24,25,33,37,40],"killed_by":"Giant Head","ascension_level":0}}