{"host":"xm0mz9ddset2ui4e","time":1608599833,"event":{"mods":["2.2 Compatiblity","AchievementEnabler","Act Like it!","Astrologer","BaseMod","CapriCore","Colored Powertips","Elementarium","Gensokyo","GifTheSpireLib","Hallownest","Hermit","Highlight Path","HololiveMod","Jorbs\u0027s Wanderer Trilogy","Koishi","Lobotomy","LobotomyExtend","Marisa????????","Minty Spire (QoL Compilation)","Remilia??????","Replay The Spire","Shade Mod","StSLib","Td1madao Mod","The Animator","The Bug Knight","The Cursed","The Hierophant","The Immortal","The Runesmith","The Servant 0.9.4","The Wild Card","TheBandit"],"gold_per_floor":[112,112,61,74,1,1,1,32,55,55,55,55,55,80,80,180,180,195,211,224,106,106,439,439,450,450,466,476,236,236,249,249,344,344,356,370,380,380,401,401,401,401,479,510,534,534,534,550,550,550,550],"floor_reached":52,"playtime":4407,"items_purged":[],"score":769,"play_id":"06fcae24-a901-4864-9dac-46130158a9e2","local_time":"20201221191713","is_ascension_mode":true,"campfire_choices":[{"data":"hermit:Headshot","floor":6,"key":"SMITH"},{"data":"hermit:GhostlyPresence","floor":13,"key":"SMITH"},{"floor":15,"key":"REST"},{"data":"hermit:HeroicBravado","floor":24,"key":"SMITH"},{"data":"hermit:Roughhouse","floor":32,"key":"SMITH"},{"data":"hermit:Magnum","floor":40,"key":"SMITH"},{"data":"hermit:Enervate","floor":49,"key":"SMITH"}],"circlet_count":0,"master_deck":["hermit:Defend_Hermit","hermit:Defend_Hermit","hermit:Snapshot+1","hermit:Covet","AbeCurse","hermit:Headshot+1","hermit:Enervate+1","hermit:GhostlyPresence+1","hermit:Enervate","hermit:HeroicBravado+1","hermit:FatalDesire+1","hermit:Grudge+1","hermit:Glare+1","hermit:Feint+1","Gensokyo:FourOfAKind","Gensokyo:FourOfAKind","Gensokyo:FourOfAKind","Gensokyo:FourOfAKind","hermit:Roughhouse+1","hermit:Magnum+1","hermit:Scavenge+1","hermit:Deadeye+1","hermit:FinalCanter"],"relics":["Abe\u0027s Treasure","LetterFromLob","Gensokyo:OccultBall","Gensokyo:NagashiBinaDoll","Vajra","Boot","Dream Catcher","ScarletDevilRocket","Astrolabe","Gensokyo:SongOfSouls","Old Coin","Snack Pack","Iron Hammer","Thread and Needle","Kunai","Philosopher\u0027s Stone","Gensokyo:DualWield","Pantograph","Letter Opener"],"acts_visited":["Gensokyo:Gensokyo","Gensokyo:Gensokyoer","Gensokyo:Gensokyoest"],"potions_floor_usage":[37,50,50,50],"damage_taken":[{"damage":6,"enemies":"Gensokyo:Gryphon","floor":1,"turns":3},{"damage":0,"enemies":"Gensokyo:Python","floor":4,"turns":3},{"damage":13,"enemies":"Gensokyo:Aya","floor":8,"turns":5},{"damage":7,"enemies":"Gensokyo:Mamizou","floor":14,"turns":7},{"damage":18,"enemies":"Gensokyo:Yukari","floor":16,"turns":7},{"damage":0,"enemies":"Gensokyo:2_Gloops","floor":18,"turns":3},{"damage":1,"enemies":"Gensokyo:CosmicMonolith","floor":19,"turns":4},{"damage":5,"enemies":"Gensokyo:Wraith","floor":20,"turns":4},{"damage":11,"enemies":"Gensokyo:Koishi","floor":23,"turns":4},{"damage":1,"enemies":"Gensokyo:Chomper_and_Gloop","floor":25,"turns":5},{"damage":0,"enemies":"Gensokyo:Mirror_and_Dog","floor":27,"turns":4},{"damage":1,"enemies":"Gensokyo:Swordslinger","floor":28,"turns":3},{"damage":0,"enemies":"Gensokyo:Slime_Group","floor":31,"turns":4},{"damage":23,"enemies":"Gensokyo:Eternal_Rivals","floor":33,"turns":10},{"damage":0,"enemies":"Gensokyo:3_Bats","floor":35,"turns":2},{"damage":1,"enemies":"Gensokyo:AncientGuardian","floor":36,"turns":4},{"damage":0,"enemies":"Gensokyo:3_Boulders","floor":37,"turns":4},{"damage":5,"enemies":"Gensokyo:Sharpion","floor":39,"turns":5},{"damage":8,"enemies":"Gensokyo:Marisa","floor":44,"turns":4},{"damage":11,"enemies":"Gensokyo:Dusk_and_Dawn","floor":45,"turns":2},{"damage":0,"enemies":"Gensokyo:3_Boulders","floor":48,"turns":2},{"damage":11,"enemies":"Gensokyo:Scarlet_Devils","floor":50,"turns":8}],"seed_played":"-5873901767027196575","potions_obtained":[{"floor":16,"key":"hermit:Eclipse"},{"floor":23,"key":"Dexterity Potion"},{"floor":25,"key":"Languid Potion"},{"floor":44,"key":"SpeedPotion"},{"floor":48,"key":"hermit:BlackBile"}],"is_trial":false,"path_per_floor":["M","?","COS","M","$","R","?","E","T","?","$","M","R","E","R","B",null,"M","M","M","COS","?","E","R","M","T","M","M","$","?","M","R","B",null,"M","M","M","?","M","R","?","?","T","E","M","?","?","M","R","B",null,null],"character_chosen":"HERMIT","items_purchased":["hermit:Enervate","Kunai"],"campfire_rested":1,"item_purchase_floors":[5,29],"current_hp_per_floor":[69,69,69,69,69,69,69,56,56,56,56,56,56,49,71,53,75,75,74,69,69,69,58,58,57,57,61,62,62,53,53,53,46,53,53,53,53,53,53,53,53,53,53,49,40,40,40,42,42,52,52],"gold":550,"neow_bonus":"BOSS_RELIC","is_daily":false,"chose_seed":false,"campfire_upgraded":6,"win_rate":0.0,"timestamp":1608599833,"path_taken":["M","?","COS","M","?","R","?","E","T","?","?","M","R","E","R","BOSS","M","M","?","COS","?","E","R","M","T","?","M","$","?","M","R","BOSS","M","M","M","?","M","R","?","?","T","E","?","?","?","M","R","BOSS"],"items_purchased_type":["Card","Relic"],"build_version":"2020-12-13","purchased_purges":0,"victory":true,"max_hp_per_floor":[75,75,75,75,75,75,75,75,75,75,75,75,75,75,75,75,75,75,75,75,75,75,75,75,75,75,75,75,75,53,53,53,53,53,53,53,53,53,53,53,53,53,53,53,53,53,53,53,53,53,53],"card_choices":[{"not_picked":["hermit:TakeCover","hermit:Cheat"],"picked":"hermit:Quickdraw","floor":1},{"not_picked":["hermit:Coalescence","hermit:BodyArmor"],"picked":"hermit:Headshot","floor":4},{"not_picked":["hermit:Malice","hermit:Coalescence"],"picked":"hermit:GhostlyPresence","floor":8},{"not_picked":["hermit:Grudge","hermit:FatalDesire","hermit:Feint"],"picked":"SKIP","floor":14},{"not_picked":["hermit:GoldenBullet","hermit:Gestalt"],"picked":"hermit:Enervate","floor":15},{"not_picked":["hermit:FromBeyond","hermit:FinalCanter"],"picked":"hermit:HeroicBravado","floor":16},{"not_picked":["hermit:TakeAim","hermit:Vantage"],"picked":"hermit:Feint+1","floor":18},{"not_picked":["hermit:TakeCover","hermit:Vantage","hermit:GoldenBullet"],"picked":"SKIP","floor":19},{"not_picked":["hermit:BodyArmor","hermit:Grudge+1","hermit:ItchyTrigger"],"picked":"SKIP","floor":20},{"not_picked":["hermit:Snipe+1","hermit:Ricochet","hermit:Quickdraw"],"picked":"SKIP","floor":23},{"not_picked":["hermit:Shortfuse+1","hermit:Malice","hermit:Glare"],"picked":"SKIP","floor":25},{"not_picked":["hermit:Dive","hermit:ItchyTrigger","hermit:Vantage"],"picked":"SKIP","floor":27},{"not_picked":["hermit:GoldenBullet","hermit:Coalescence","hermit:Misfire"],"picked":"SKIP","floor":28},{"not_picked":["hermit:FlashPowder+1","hermit:CursedWeapon"],"picked":"hermit:Roughhouse","floor":31},{"not_picked":["hermit:Gambit","hermit:RoundhouseKick"],"picked":"hermit:Magnum","floor":33},{"not_picked":["hermit:BodyArmor","hermit:HighCaliber"],"picked":"hermit:Scavenge+1","floor":35},{"not_picked":["hermit:Quickdraw+1","hermit:Feint+1","hermit:ItchyTrigger+1"],"picked":"SKIP","floor":36},{"not_picked":["hermit:ItchyTrigger+1","hermit:Headshot","hermit:Feint"],"picked":"SKIP","floor":37},{"not_picked":["hermit:Maintenance+1","hermit:HoleUp","hermit:Manifest+1"],"picked":"SKIP","floor":39},{"not_picked":["hermit:EyeOfTheStorm+1","hermit:Midnight"],"picked":"hermit:Deadeye+1","floor":44},{"not_picked":["hermit:Spite+1","hermit:TakeAim","hermit:CursedWeapon"],"picked":"SKIP","floor":45},{"not_picked":["hermit:LoneWolf","hermit:Snipe","hermit:TakeAim"],"picked":"SKIP","floor":48}],"player_experience":596992,"relics_obtained":[{"floor":1,"key":"LetterFromLob"},{"floor":8,"key":"Gensokyo:OccultBall"},{"floor":8,"key":"Vajra"},{"floor":9,"key":"Boot"},{"floor":14,"key":"ScarletDevilRocket"},{"floor":16,"key":"Gensokyo:OccultBall"},{"floor":23,"key":"Old Coin"},{"floor":26,"key":"Snack Pack"},{"floor":33,"key":"Gensokyo:OccultBall"},{"floor":43,"key":"Pantograph"},{"floor":44,"key":"Letter Opener"},{"floor":44,"key":"Gensokyo:OccultBall"}],"event_choices":[],"is_beta":false,"boss_relics":[{"not_picked":["Black Star","Replay:Drink Me"],"picked":"Astrolabe"},{"not_picked":["Runic Pyramid","Honey Jar"],"picked":"Philosopher\u0027s Stone"}],"items_purged_floors":[],"is_endless":false,"potions_floor_spawned":[16,23,25,28,31,36,44,48],"ascension_level":2}}