{"host":"28bpuzdckreop5i0","time":1608650487,"event":{"mods":["BaseMod","BetterRewards","Challenge The Spire","Defuse TimeMaze Blight","Downfall","Energized Spire","Googly Eyes","Hubris","Lobotomy","Mimic Mod","Minty Spire (QoL Compilation)","Relic Stats","Replay The Spire","Spicy Shops","StSLib","The Awakened One except there are too many feathers","The Cursed","The Hierophant","The IronCluck","Thieving Mod","Transform Curses","Wandering Minibosses","slay the spire mod where everything is the same but ironclad has a cowboy hat"],"gold_per_floor":[112,112,124,140,140,140,170,170,170],"floor_reached":8,"playtime":194,"items_purged":[],"score":46,"play_id":"99041eac-fecf-42e5-bf17-07a13eaeb04a","local_time":"20201222092127","is_ascension_mode":false,"campfire_choices":[],"circlet_count":0,"master_deck":["Strike_R","Strike_R","Strike_R","Strike_R","Strike_R","Defend_R","Defend_R","Defend_R","Defend_R","Bash","BigBird","Replay:Undeath\u0027s Touch","UniverseFragment","Sword Boomerang","MeatLantern","hubris:ReadiedAction"],"relics":["Burning Blood","CogitoBucket","Ring of Fury","ReplayTheSpireMod:Ring of Challenge"],"acts_visited":["Exordium"],"potions_floor_usage":[],"damage_taken":[{"damage":10,"enemies":"Jaw Worm","floor":1,"turns":4},{"damage":0,"enemies":"2 Louse","floor":3,"turns":2},{"damage":0,"enemies":"Cultist","floor":4,"turns":3},{"damage":214,"enemies":"3 Sentries","floor":8,"turns":5}],"seed_played":"1826089544857263339","potions_obtained":[{"floor":1,"key":"BlessingOfTheForge"},{"floor":4,"key":"SpeedPotion"}],"is_trial":false,"path_per_floor":["M","?","M","M","PTL","PTL","?","E"],"character_chosen":"IRONCLAD","items_purchased":[],"campfire_rested":0,"item_purchase_floors":[],"current_hp_per_floor":[76,76,80,80,80,80,80,0,0],"gold":170,"neow_bonus":"","is_daily":false,"chose_seed":false,"campfire_upgraded":0,"win_rate":0.0,"timestamp":1608650487,"path_taken":["M","?","M","M","PTL","PTL","?","E"],"items_purchased_type":[],"build_version":"2020-12-13","purchased_purges":0,"victory":false,"max_hp_per_floor":[80,80,80,80,80,80,80,80,80],"relic_stats":{"counters":[4,14],"obtain_stats":[{"CogitoBucket":0,"Ring of Fury":2,"ReplayTheSpireMod:Ring of Challenge":2,"Burning Blood":0},{"CogitoBucket":0,"Ring of Fury":1,"ReplayTheSpireMod:Ring of Challenge":1,"Burning Blood":0},{"CogitoBucket":0,"Ring of Fury":4,"ReplayTheSpireMod:Ring of Challenge":4,"Burning Blood":0}],"Burning Blood":10},"card_choices":[{"not_picked":["Scorched","Scarecrow"],"picked":"BigBird","floor":1},{"not_picked":["Thunderclap","Combust"],"picked":"Replay:Undeath\u0027s Touch","floor":1},{"not_picked":["CrumblingArmor","WallGazer"],"picked":"UniverseFragment","floor":3},{"not_picked":["Entrench","Havoc"],"picked":"Sword Boomerang","floor":3},{"not_picked":["SpiderBud","WallGazer"],"picked":"MeatLantern","floor":4},{"not_picked":["Blood for Blood","ReplayTheSpireMod:Corrosion Curse"],"picked":"hubris:ReadiedAction","floor":4}],"player_experience":873945,"relics_obtained":[{"floor":2,"key":"Ring of Fury"},{"floor":2,"key":"ReplayTheSpireMod:Ring of Challenge"}],"event_choices":[{"damage_healed":0,"gold_gain":30,"player_choice":"Searched \u00272\u0027 times","damage_taken":0,"max_hp_gain":0,"max_hp_loss":0,"event_name":"Dead Adventurer","floor":7,"gold_loss":0}],"is_beta":false,"boss_relics":[],"items_purged_floors":[],"is_endless":false,"potions_floor_spawned":[1,4],"killed_by":"3 Sentries","ascension_level":0}}