{"host":"Teixeira","time":1608673821,"event":{"mods":["2.2 Compatiblity","AchievementEnabler","Aspiration","BaseMod","Better Match","Better Note","Better Sensory Stone","Better Skull","Better Third Choice","Colored Map","Colored Powertips","Downfall","Hermit","Hubris","Infinite Spire","Marked Mod","Minty Spire (QoL Compilation)","Permanent Neow","Quick Restart","Rare Cards Sparkle","Relic Filter","Replay The Spire","Spicy Shops","StSLib","SuperFastMode"],"gold_per_floor":[123,123,138,156,180,221,221,262,262,262,286,286,94,94,94,213,213,229,4,19,19,19,60,60,80,133,146,146,146],"floor_reached":28,"playtime":2097,"items_purged":["Amnesia","Strike_P","Strike_P"],"score":313,"play_id":"8ccd96f3-baee-4d84-93dd-0d66bbb563a8","local_time":"20201222185021","is_ascension_mode":true,"campfire_choices":[{"data":"PathToVictory","floor":7.0,"key":"SMITH"},{"data":"MarkedMod:PinPointDefense","floor":12.0,"key":"SMITH"},{"data":"Juggernaut","floor":24.0,"key":"SMITH"}],"circlet_count":0,"master_deck":["Strike_P","Strike_P","Defend_P","Defend_P","Defend_P","Defend_P","Eruption","Vigilance","MarkedMod:Acupuncture","MarkedMod:PinPointDefense+1","Replay:AtTheReady","PathToVictory+1","MarkedMod:GentlePulse+1","MarkedMod:GracefulMovements+1","Juggernaut+1"],"relics":["PureWater","aspiration:Nostalgia","Ring of the Snake","Golden Idol","Question Card","ReplayTheSpireMod:Ring of Addiction","SacredBark","Toy Ornithopter","Replay:Mystery Machine","FossilizedHelix","Kunai","FaceOfCleric","Replay:Grab Bag","Replay:Bronze Core","aspiration:RandomNobGenerator","aspiration:IroncladSkillbook","hubris:Zylophone","Nloth\u0027s Gift","infinitespire:Golems Mask"],"acts_visited":["Exordium","TheCity"],"potions_floor_usage":[25,25,28],"damage_taken":[{"damage":18.0,"enemies":"Jaw Worm","floor":1.0,"turns":5.0},{"damage":0.0,"enemies":"Cultist","floor":3.0,"turns":2.0},{"damage":3.0,"enemies":"Small Slimes","floor":4.0,"turns":5.0},{"damage":21.0,"enemies":"Exordium Thugs","floor":5.0,"turns":10.0},{"damage":14.0,"enemies":"Lagavulin","floor":6.0,"turns":8.0},{"damage":5.0,"enemies":"3 Sentries","floor":8.0,"turns":8.0},{"damage":0.0,"enemies":"2 Fungi Beasts","floor":11.0,"turns":4.0},{"damage":15.0,"enemies":"Fading Forest","floor":16.0,"turns":11.0},{"damage":54.0,"enemies":"Chosen","floor":18.0,"turns":9.0},{"damage":10.0,"enemies":"Spheric Guardian","floor":20.0,"turns":8.0},{"damage":0.0,"enemies":"Slavers","floor":23.0,"turns":6.0},{"damage":19,"enemies":"Cultist and Chosen","floor":25,"turns":5},{"damage":0,"enemies":"Snecko","floor":27,"turns":7},{"damage":58,"enemies":"Book of Stabbing","floor":28,"turns":5}],"seed_played":"2614831681173148753","potions_obtained":[{"floor":2.0,"key":"ColorlessPotion"},{"floor":2.0,"key":"Milkshake"},{"floor":2.0,"key":"StancePotion"},{"floor":3.0,"key":"GamblersBrew"},{"floor":4.0,"key":"Reflective Coating"},{"floor":14.0,"key":"Energy Potion"},{"floor":14.0,"key":"Fire Potion"},{"floor":14.0,"key":"Ambrosia"},{"floor":23.0,"key":"champ:CounterPotion"},{"floor":27,"key":"ColorlessPotion"}],"is_trial":false,"path_per_floor":["M","?","M","M","M","E","R","E","T","?","M","R","$","?","R_BF","B",null,"M","$","M","?","?","E","R","M","T","M","E"],"character_chosen":"WATCHER","items_purchased":["MarkedMod:GentlePulse+1","MarkedMod:GracefulMovements"],"campfire_rested":0,"item_purchase_floors":[13,13],"current_hp_per_floor":[54,54,59,56,35,26,26,31,31,31,32,32,32,32,53,55,70,21,21,16,16,16,21,21,17,17,22,0,0],"gold":146,"neow_bonus":"NOSTALGIA","is_daily":false,"chose_seed":false,"campfire_upgraded":3,"win_rate":0.0,"timestamp":1608673821,"path_taken":["M","?","M","M","M","E","R","E","T","?","?","R","$","?","R_BF","BOSS","M","$","M","?","?","E","R","M","T","?","E"],"items_purchased_type":["Card","Card"],"build_version":"2020-11-17","purchased_purges":3,"victory":false,"max_hp_per_floor":[72,72,72,72,72,72,72,72,72,72,73,71,71,71,71,70,70,71,71,72,72,70,71,71,72,72,73,73,73],"card_choices":[{"not_picked":["ForeignInfluence","BowlingBash","Wallop"],"picked":"MarkedMod:Acupuncture","floor":1.0},{"not_picked":["FlyingSleeves","Crescendo","Meditate"],"picked":"MarkedMod:PinPointDefense","floor":3.0},{"not_picked":["FlurryOfBlows","EmptyBody","Halt"],"picked":"Replay:AtTheReady","floor":4.0},{"not_picked":["Blasphemy","FlurryOfBlows","Crescendo"],"picked":"PathToVictory","floor":5.0},{"not_picked":["FollowUp","Meditate","Replay:ManipulateFuture","Halt"],"picked":"SKIP","floor":6.0},{"not_picked":["SashWhip","Crescendo","Worship","FlurryOfBlows"],"picked":"SKIP","floor":8.0},{"not_picked":["SashWhip","Crescendo","Worship","FlurryOfBlows"],"picked":"SKIP","floor":8.0},{"not_picked":["FlurryOfBlows","ClearTheMind","Replay:ManipulateFuture","ThirdEye"],"picked":"SKIP","floor":11.0},{"not_picked":["Fire Breathing","Replay:Undeath\u0027s Touch","FearNoEvil+1","Second Wind","True Grit"],"picked":"SKIP","floor":18.0},{"not_picked":["Perfected Strike","Protect","hubris:ReadiedAction+1","Sword Boomerang+1","Consecrate+1"],"picked":"SKIP","floor":20.0},{"not_picked":["Wireheading+1","ReachHeaven+1","Juggernaut","hubris:CleavingFinish+1","Second Wind"],"picked":"SKIP","floor":23.0},{"not_picked":["Wireheading+1","ReachHeaven+1","hubris:CleavingFinish+1","Second Wind"],"picked":"Juggernaut","floor":23.0},{"not_picked":["ThirdEye+1","ReachHeaven","ClearTheMind","Havoc","Massacre+1"],"picked":"SKIP","floor":25},{"not_picked":["CrushJoints","Replay:Vibes","Power Through","Warcry","Perfected Strike"],"picked":"SKIP","floor":27}],"player_experience":105262,"relics_obtained":[{"floor":2.0,"key":"ReplayTheSpireMod:Ring of Addiction"},{"floor":2.0,"key":"SacredBark"},{"floor":2.0,"key":"Toy Ornithopter"},{"floor":6.0,"key":"Replay:Mystery Machine"},{"floor":8.0,"key":"FossilizedHelix"},{"floor":9.0,"key":"Kunai"},{"floor":23.0,"key":"infinitespire:Golems Mask"}],"event_choices":[{"damage_healed":0.0,"max_hp_gain":0.0,"max_hp_loss":0.0,"gold_gain":0.0,"event_name":"FaceTrader","player_choice":"Trade","floor":10.0,"gold_loss":0.0,"damage_taken":0.0,"relics_obtained":["FaceOfCleric"]},{"damage_healed":0.0,"max_hp_gain":0.0,"max_hp_loss":0.0,"gold_gain":0.0,"event_name":"Lab","player_choice":"Got Potions","floor":14.0,"gold_loss":0.0,"damage_taken":0.0},{"damage_healed":0.0,"max_hp_gain":0.0,"max_hp_loss":0.0,"gold_gain":0.0,"event_name":"N\u0027loth","player_choice":"Traded Relic","floor":21.0,"relics_lost":["hubris:Backtick"],"gold_loss":0.0,"damage_taken":0.0,"relics_obtained":["Nloth\u0027s Gift"]},{"damage_healed":0.0,"max_hp_gain":0.0,"max_hp_loss":0.0,"gold_gain":0.0,"event_name":"betterNote:BetterNote","player_choice":"Ignored","floor":22.0,"gold_loss":0.0,"damage_taken":0.0,"cards_obtained":["Corpse Explosion"]}],"is_beta":true,"boss_relics":[{"not_picked":["expansioncontent:StudyCardRelic","infinitespire:Cupcake"],"picked":"Replay:Grab Bag"},{"not_picked":["Runic Dome","Sozu"],"picked":"Replay:Bronze Core"},{"not_picked":["aspiration:FutureDiary","Replay:Wanted Poster"],"picked":"aspiration:RandomNobGenerator"},{"not_picked":["aspiration:PoetsPen_weak","Replay:Drink Me"],"picked":"aspiration:IroncladSkillbook"},{"not_picked":["Runic Pyramid","Snecko Eye"],"picked":"hubris:Backtick"}],"items_purged_floors":[13,19,19],"is_endless":false,"potions_floor_spawned":[3,4,23,27],"killed_by":"Book of Stabbing","ascension_level":1}}