{"host":"2461dio7vetlq1z3","time":1608670586,"event":{"mods":["2.2 Compatiblity","AchievementEnabler","BaseMod","Better Third Choice","Hermit","Marisa????????","Minty Spire (QoL Compilation)","Relic Stats","Spicy Shops","StSLib","The Runesmith","Waifu the Spire"],"gold_per_floor":[365,381,396,69,144,170,170,190,240,240,240],"floor_reached":10,"playtime":378,"items_purged":[],"score":122,"play_id":"61398a4f-c0bb-4a03-b809-77045a0d70f7","local_time":"20201222215626","is_ascension_mode":true,"campfire_choices":[{"data":"NonDirectionalLaser","floor":7,"key":"SMITH"}],"circlet_count":0,"master_deck":["AscendersBane","Strike_MRS","Strike_MRS","Strike_MRS","Strike_MRS","Defend_MRS","Defend_MRS","Defend_MRS","Defend_MRS","MasterSpark","UpSweep","ShootTheMoon","NonDirectionalLaser+1","DoubleSpark","GalacticHalo","6A","StarlightTyphoon"],"relics":["MiniHakkero","Prayer Wheel","InkBottle","Anchor"],"acts_visited":["Exordium"],"potions_floor_usage":[6,10],"damage_taken":[{"damage":1,"enemies":"Cultist","floor":1,"turns":3},{"damage":1,"enemies":"2 Louse","floor":2,"turns":2},{"damage":0,"enemies":"Small Slimes","floor":3,"turns":2},{"damage":27,"enemies":"Lagavulin","floor":6,"turns":7},{"damage":9,"enemies":"Blue Slaver","floor":8,"turns":4},{"damage":21,"enemies":"Gremlin Nob","floor":10,"turns":3}],"seed_played":"-1224257740472692654","potions_obtained":[{"floor":2,"key":"Dexterity Potion"},{"floor":3,"key":"PowerPotion"}],"is_trial":false,"path_per_floor":["M","M","M","$","?","E","R","M","T","E"],"character_chosen":"MARISA","items_purchased":["Prayer Wheel"],"campfire_rested":0,"item_purchase_floors":[4],"current_hp_per_floor":[62,61,61,61,50,23,23,14,14,0,0],"gold":240,"neow_bonus":"TWO_FIFTY_GOLD","is_daily":false,"chose_seed":false,"campfire_upgraded":1,"win_rate":0.0,"timestamp":1608670586,"path_taken":["M","M","?","$","?","E","R","M","T","E"],"items_purchased_type":["Relic"],"build_version":"2020-12-13","purchased_purges":0,"victory":false,"max_hp_per_floor":[63,63,63,63,63,63,63,63,63,63,63],"relic_stats":{"counters":[6,21],"Prayer Wheel":1,"obtain_stats":[{"Anchor":9,"Prayer Wheel":4,"MiniHakkero":0,"InkBottle":6},{"Anchor":5,"Prayer Wheel":3,"MiniHakkero":0,"InkBottle":4},{"Anchor":18,"Prayer Wheel":7,"MiniHakkero":0,"InkBottle":14}],"InkBottle":[2]},"card_choices":[{"not_picked":["DoubleSpark","PowerUp"],"picked":"ShootTheMoon","floor":1},{"not_picked":["MilkyWay","MysteriousBeam"],"picked":"NonDirectionalLaser","floor":2},{"not_picked":["ManaConvection","IllusionStar"],"picked":"DoubleSpark","floor":3},{"not_picked":["NonDirectionalLaser","ShootTheMoon"],"picked":"GalacticHalo","floor":6},{"not_picked":["Acceleration","Orbital"],"picked":"6A","floor":8},{"not_picked":["StarlightTyphoon","NonDirectionalLaser","WitchOfGreed"],"picked":"SKIP","floor":8},{"not_picked":["NonDirectionalLaser","WitchOfGreed"],"picked":"StarlightTyphoon","floor":8}],"player_experience":936621,"relics_obtained":[{"floor":6,"key":"InkBottle"},{"floor":9,"key":"Anchor"}],"event_choices":[{"damage_healed":0,"gold_gain":75,"player_choice":"Gold","damage_taken":11,"max_hp_gain":0,"max_hp_loss":0,"event_name":"betterThird:BetterGoop","floor":5,"gold_loss":0}],"is_beta":false,"boss_relics":[],"items_purged_floors":[],"is_endless":false,"potions_floor_spawned":[2,3],"killed_by":"Gremlin Nob","ascension_level":16}}