{"host":"6gzy6nvr8uokwcne","time":1608602323,"event":{"mods":["2.2 Compatiblity","AchievementEnabler","Act Like it!","BaseMod","Hallownest","Marisa????????","Minty Spire (QoL Compilation)","Quick Restart","StSLib","The Alterego","The Cursed","The Disciple","The Dragon Tamer","The Necromancer","The Servant 0.9.4"],"gold_per_floor":[110,128,128,26,43,43,43,43,68,68,18,29,43,43,43,139,139,151,171,42,42,42,57,74,86,109,109,127,145,145,164,164,269,269,283,25,37,312,332,358,368,402,402,415,462,462,462,480,480,480,480,480,297,326,326],"floor_reached":56,"playtime":5340,"items_purged":[],"score":1278,"play_id":"b7c6c723-e61f-4d16-b19e-736a37d142e1","local_time":"20201221185843","daily_mods":["Heirloom"],"is_ascension_mode":false,"campfire_choices":[{"data":"TheCursedMod:ManaBullet","floor":6.0,"key":"SMITH"},{"floor":15.0,"key":"RECALL"},{"floor":27,"key":"REST"},{"floor":30,"key":"REST"},{"data":"TheCursedMod:CleanUpWorkshop","floor":32,"key":"SMITH"},{"data":"TheCursedMod:HellfireBreathing","floor":47,"key":"SMITH"},{"floor":49,"key":"REST"},{"data":"TheCursedMod:SpitefulPlan","floor":52,"key":"SMITH"}],"circlet_count":0,"master_deck":["TheCursedMod:CursedWand","TheCursedMod:CleanUpWorkshop+1","TheCursedMod:CursedShiv","TheCursedMod:Wield","TheCursedMod:ManaBullet+1","TheCursedMod:CircleOfFlame","TheCursedMod:CircleOfWindfury","TheCursedMod:CircleOfCorruption","TheCursedMod:CircleOfAbyss","TheCursedMod:CursedShiv","TheCursedMod:HellfireBreathing+1","TheCursedMod:WearCloak","TheCursedMod:CursedMace","TheCursedMod:LuckyCharm","TheCursedMod:Wield","TheCursedMod:CircleOfFocus","TheCursedMod:CursedShiv","TheCursedMod:Wield","TheCursedMod:VoidForm","TheCursedMod:CircleOfFlame","Flash of Steel","TheCursedMod:SpitefulPlan+1","J.A.X.","TheCursedMod:CircleOfFlame+1","TheCursedMod:CircleOfWindfury","TheCursedMod:CircleOfFlame","TheCursedMod:CircleOfCorruption","TheCursedMod:SpitefulStrike+1","TheCursedMod:CursedBlade+1","Regret","TheCursedMod:HellsGateOpen","TheCursedMod:CircleOfCorruption","TheCursedMod:SurpriseAttack+1","TheCursedMod:HellfireBreathing","TheCursedMod:SurpriseAttack","TheCursedMod:CircleOfBlood+1"],"relics":["TheCursedMod:MagicCandle","Turnip","Sundial","PreservedInsect","Busted Crown","Orichalcum","Philosopher\u0027s Stone","Pantograph","Nunchaku","Eternal Feather","Meat on the Bone","Ice Cream","Blue Candle","CatCart","Bottled Tornado"],"acts_visited":["Exordium","TheCity","TheBeyond","TheEnding"],"potions_floor_usage":[23,25,33,33,37,37,37,39,42,44,50,54],"damage_taken":[{"damage":0.0,"enemies":"Jaw Worm","floor":1.0,"turns":2.0},{"damage":0.0,"enemies":"Small Slimes","floor":2.0,"turns":1.0},{"damage":0.0,"enemies":"2 Louse","floor":5.0,"turns":1.0},{"damage":1.0,"enemies":"2 Fungi Beasts","floor":12.0,"turns":3.0},{"damage":0.0,"enemies":"Looter","floor":13.0,"turns":2.0},{"damage":14.0,"enemies":"Slime Boss","floor":16.0,"turns":6.0},{"damage":14.0,"enemies":"2 Thieves","floor":18.0,"turns":2.0},{"damage":13.0,"enemies":"Shell Parasite","floor":19.0,"turns":3.0},{"damage":17,"enemies":"Snake Plant","floor":23,"turns":2},{"damage":17,"enemies":"Centurion and Healer","floor":24,"turns":4},{"damage":21,"enemies":"3 Cultists","floor":25,"turns":3},{"damage":39,"enemies":"Cultist and Chosen","floor":28,"turns":6},{"damage":17,"enemies":"Snake Plant","floor":29,"turns":3},{"damage":4,"enemies":"Shelled Parasite and Fungi","floor":31,"turns":2},{"damage":3,"enemies":"Automaton","floor":33,"turns":3},{"damage":0,"enemies":"Orb Walker","floor":35,"turns":1},{"damage":3,"enemies":"3 Darklings","floor":37,"turns":2},{"damage":8,"enemies":"Sphere and 2 Shapes","floor":39,"turns":2},{"damage":15,"enemies":"Giant Head","floor":40,"turns":5},{"damage":19,"enemies":"Maw","floor":41,"turns":5},{"damage":3,"enemies":"Reptomancer","floor":42,"turns":2},{"damage":19,"enemies":"3 Darklings","floor":44,"turns":4},{"damage":26,"enemies":"Orin","floor":45,"turns":5},{"damage":17,"enemies":"Spire Growth","floor":48,"turns":4},{"damage":49,"enemies":"Time Eater","floor":50,"turns":6},{"damage":58,"enemies":"Shield and Spear","floor":54,"turns":4},{"damage":133,"enemies":"The Heart","floor":55,"turns":6}],"seed_played":"5686975197522938598","potions_obtained":[{"floor":5.0,"key":"TheCursedMod:DregsPotion"},{"floor":13.0,"key":"LiquidMemories"},{"floor":23,"key":"Energy Potion"},{"floor":28,"key":"Fire Potion"},{"floor":31,"key":"SteroidPotion"},{"floor":33,"key":"EntropicBrew"},{"floor":35,"key":"ColorlessPotion"},{"floor":37,"key":"Ancient Potion"},{"floor":41,"key":"Fire Potion"},{"floor":48,"key":"Fire Potion"}],"is_trial":true,"path_per_floor":["M","M","?","$","M","R","?","?","T","?","?","M","M","$","R","B",null,"M","M","$","?","T","M","M","M","T","R","M","M","R","M","R","B",null,"M","$","M","?","M","E","M","E","T","M","?","?","R","M","R","B",null,"R","$","E","B",null],"character_chosen":"THE_CURSED","items_purchased":["EntropicBrew","Flash of Steel","TheCursedMod:SpitefulPlan","Pantograph","PowerPotion","TheCursedMod:HellfireBreathing","TheCursedMod:SurpriseAttack"],"campfire_rested":3,"item_purchase_floors":[4,20,20,36,53,53,53],"current_hp_per_floor":[75,75,68,68,68,68,68,68,68,68,68,67,67,67,67,53,75,61,48,48,48,48,31,14,43,43,65,26,9,31,27,27,46,75,75,75,72,72,64,49,30,27,27,42,28,28,46,51,75,38,75,75,75,29,16],"gold":326,"neow_bonus":"","is_daily":false,"chose_seed":false,"campfire_upgraded":4,"win_rate":0.0,"timestamp":1608602323,"path_taken":["M","M","?","$","M","R","?","?","T","?","?","M","M","$","R","BOSS","M","M","$","?","?","M","M","M","T","R","M","M","R","M","R","BOSS","M","$","M","?","M","E","M","E","T","?","?","?","R","?","R","BOSS","R","$","E","BOSS"],"items_purchased_type":["Potion","Card","Card","Relic","Potion","Card","Card"],"build_version":"2020-12-13","purchased_purges":0,"victory":true,"max_hp_per_floor":[75,75,75,75,75,75,75,75,75,75,75,75,75,75,75,75,75,75,75,75,75,75,75,75,75,75,75,75,75,75,75,75,75,75,75,75,75,75,75,75,75,75,75,75,75,75,75,75,75,75,75,75,75,75,75],"card_choices":[{"not_picked":["TheCursedMod:RapidMovement","TheCursedMod:RavingStaff"],"picked":"TheCursedMod:CursedShiv","floor":1.0},{"not_picked":["TheCursedMod:CursedBlade","TheCursedMod:Wield"],"picked":"TheCursedMod:HellfireBreathing","floor":2.0},{"not_picked":["TheCursedMod:CursedMace","TheCursedMod:BlessingInDisguise","TheCursedMod:RavingStaff"],"picked":"SKIP","floor":5.0},{"not_picked":["TheCursedMod:PrepareRite","TheCursedMod:SaltUponWound"],"picked":"TheCursedMod:CursedShiv","floor":12.0},{"not_picked":["TheCursedMod:SpitefulStrike","TheCursedMod:CursedArmor"],"picked":"TheCursedMod:Wield","floor":13.0},{"not_picked":["TheCursedMod:Neurasthenia","TheCursedMod:ForbiddenAlchemy"],"picked":"TheCursedMod:VoidForm","floor":16.0},{"not_picked":["TheCursedMod:SpreadPlague"],"picked":"SKIP","floor":18.0},{"not_picked":[],"picked":"TheCursedMod:CircleOfFlame","floor":19.0},{"not_picked":[],"picked":"TheCursedMod:CircleOfFlame+1","floor":23},{"not_picked":[],"picked":"TheCursedMod:CircleOfWindfury","floor":24},{"not_picked":[],"picked":"TheCursedMod:CircleOfFlame","floor":25},{"not_picked":["TheCursedMod:Torture"],"picked":"SKIP","floor":28},{"not_picked":[],"picked":"TheCursedMod:CircleOfCorruption","floor":29},{"not_picked":["TheCursedMod:Stigma"],"picked":"SKIP","floor":31},{"not_picked":[],"picked":"TheCursedMod:SpitefulStrike+1","floor":35},{"not_picked":[],"picked":"TheCursedMod:CursedBlade+1","floor":37},{"not_picked":[],"picked":"TheCursedMod:HellsGateOpen","floor":39},{"not_picked":["TheCursedMod:CursedBoomerang"],"picked":"SKIP","floor":40},{"not_picked":[],"picked":"TheCursedMod:CircleOfCorruption","floor":41},{"not_picked":[],"picked":"TheCursedMod:SurpriseAttack+1","floor":42},{"not_picked":["TheCursedMod:DoubleShield"],"picked":"SKIP","floor":44},{"not_picked":["TheCursedMod:CircleOfCorruption+1"],"picked":"SKIP","floor":48},{"not_picked":[],"picked":"TheCursedMod:CircleOfBlood+1","floor":54}],"player_experience":478442,"relics_obtained":[{"floor":26,"key":"Orichalcum"},{"floor":40,"key":"Nunchaku"},{"floor":42,"key":"Eternal Feather"},{"floor":43,"key":"Meat on the Bone"},{"floor":45,"key":"CatCart"},{"floor":54,"key":"Bottled Tornado"}],"event_choices":[{"damage_healed":0.0,"max_hp_gain":0.0,"max_hp_loss":0.0,"gold_gain":0.0,"event_name":"Scrap Ooze","player_choice":"Success","floor":3.0,"gold_loss":0.0,"damage_taken":7.0,"relics_obtained":["Sundial"]},{"damage_healed":0.0,"max_hp_gain":0.0,"max_hp_loss":0.0,"gold_gain":0.0,"event_name":"Golden Wing","player_choice":"Ignored","floor":7.0,"gold_loss":0.0,"damage_taken":0.0},{"damage_healed":0.0,"max_hp_gain":0.0,"max_hp_loss":0.0,"gold_gain":0.0,"event_name":"Big Fish","player_choice":"Box","floor":10.0,"gold_loss":0.0,"damage_taken":0.0,"relics_obtained":["PreservedInsect"],"cards_obtained":["Regret"]},{"cards_removed":["Regret"],"damage_healed":0.0,"max_hp_gain":0.0,"max_hp_loss":0.0,"gold_gain":0.0,"event_name":"The Cleric","player_choice":"Card Removal","floor":11.0,"gold_loss":50.0,"damage_taken":0.0},{"damage_healed":0,"gold_gain":0,"player_choice":"Obtain J.A.X.","damage_taken":0,"max_hp_gain":0,"max_hp_loss":0,"event_name":"Drug Dealer","floor":21,"gold_loss":0,"cards_obtained":["J.A.X."]},{"damage_healed":0,"gold_gain":275,"player_choice":"Desecrate","damage_taken":0,"max_hp_gain":0,"max_hp_loss":0,"event_name":"Golden Shrine","floor":38,"gold_loss":0,"cards_obtained":["Regret"]},{"damage_healed":0,"gold_gain":0,"player_choice":"Fight","damage_taken":0,"max_hp_gain":0,"max_hp_loss":0,"event_name":"OrinTheCat","floor":45,"gold_loss":0},{"cards_removed":["Finesse"],"damage_healed":0,"gold_gain":0,"player_choice":"Removed Skill","damage_taken":0,"max_hp_gain":0,"max_hp_loss":0,"event_name":"Falling","floor":46,"gold_loss":0}],"is_beta":false,"boss_relics":[{"not_picked":["Cursed Key","SlaversCollar"],"picked":"Busted Crown"},{"not_picked":["Velvet Choker","Coffee Dripper"],"picked":"Philosopher\u0027s Stone"}],"items_purged_floors":[],"is_endless":false,"potions_floor_spawned":[5,13,23,28,31,33,35,37,41,48],"ascension_level":0}}