{"host":"hwdg34753f7m8ow2","time":1608624481,"event":{"mods":["AchievementEnabler","Astrologer","BaseMod","Hermit","Koishi","Marisa????????","Minty Spire (QoL Compilation)","Permanent Neow","Quick Restart","Shop Mod","StSLib","The Bug Knight","The Disciple","The Hierophant","The Senshi","The Servant 0.9.4"],"gold_per_floor":[114,17,17,37,48,79,79,79,79,113,126,103,145,145,145,258,258,272,25,25,25,25,25,67,98,98,443,443,486,500,519,519,669,669,681,707,707,769,781,781,781],"floor_reached":40,"playtime":2479,"items_purged":[],"score":661,"play_id":"2549abc0-01ca-4489-8bab-40eccd87aa26","local_time":"20201222010801","is_ascension_mode":true,"campfire_choices":[{"data":"OneTimeOff","floor":15.0,"key":"SMITH"},{"data":"UltimateShortwave","floor":23.0,"key":"SMITH"},{"data":"CasketOfStar","floor":32.0,"key":"SMITH"}],"circlet_count":0,"master_deck":["Strike_MRS","Strike_MRS","Defend_MRS","Defend_MRS","Defend_MRS","Defend_MRS","MasterSpark","UpSweep","MysteriousBeam+1","AsteroidBelt","NonDirectionalLaser","OneTimeOff+1","UltimateShortwave+1","WitchOfGreed","CollectingQuirk","CurseOfTheBell","MilkyWay","MysteriousBeam+1","RitualDagger","CasketOfStar+1","Robbery+1","CollectingQuirk","EventHorizon+1","Singularity+1","ShootTheMoon+1","StarBarrage+1","GalacticHalo"],"relics":["MiniHakkero","theSenshi:SpiralHeartMoonRodRelic","Incense Burner","CaptainsWheel","theSenshi:SuperSailorFukuRelic","HandmadeGrimoire","Calling Bell","Bag of Marbles","Pear","Ice Cream","AmplifyWand","Matryoshka","theSenshi:SailorFukuRelic","White Beast Statue","Old Coin","Gambling Chip","Astrolabe","CeramicFish"],"acts_visited":["Exordium","TheCity","TheBeyond"],"potions_floor_usage":[39,39,40],"damage_taken":[{"damage":0.0,"enemies":"Cultist","floor":1.0,"turns":3.0},{"damage":0.0,"enemies":"2 Louse","floor":4.0,"turns":1.0},{"damage":0.0,"enemies":"Small Slimes","floor":5.0,"turns":2.0},{"damage":17.0,"enemies":"3 Sentries","floor":6.0,"turns":4.0},{"damage":10.0,"enemies":"Gremlin Nob","floor":10.0,"turns":3.0},{"damage":2.0,"enemies":"Looter","floor":11.0,"turns":3.0},{"damage":9.0,"enemies":"3 Sentries","floor":13.0,"turns":7.0},{"damage":37.0,"enemies":"Hexaghost","floor":16.0,"turns":8.0},{"damage":0.0,"enemies":"Spheric Guardian","floor":18.0,"turns":3.0},{"damage":8.0,"enemies":"Slavers","floor":24.0,"turns":6.0},{"damage":0.0,"enemies":"Chosen","floor":25.0,"turns":3.0},{"damage":0.0,"enemies":"Gremlin Leader","floor":27.0,"turns":6.0},{"damage":7.0,"enemies":"Slavers","floor":29.0,"turns":4.0},{"damage":0.0,"enemies":"Sentry and Sphere","floor":30.0,"turns":3.0},{"damage":0.0,"enemies":"Centurion and Healer","floor":31.0,"turns":3.0},{"damage":81.0,"enemies":"Champ","floor":33.0,"turns":11.0},{"damage":0.0,"enemies":"Orb Walker","floor":35.0,"turns":2.0},{"damage":2.0,"enemies":"3 Shapes","floor":36.0,"turns":2.0},{"damage":27.0,"enemies":"Maw","floor":38.0,"turns":7.0},{"damage":19,"enemies":"Transient","floor":39,"turns":5},{"damage":34,"enemies":"Reptomancer","floor":40,"turns":5}],"seed_played":"-9018405451943618210","potions_obtained":[{"floor":4.0,"key":"LiquidBronze"},{"floor":6.0,"key":"BlessingOfTheForge"},{"floor":10.0,"key":"Dexterity Potion"},{"floor":13.0,"key":"Strength Potion"},{"floor":16.0,"key":"Block Potion"},{"floor":24.0,"key":"GamblersBrew"},{"floor":25.0,"key":"SteroidPotion"},{"floor":25.0,"key":"DistilledChaos"},{"floor":27.0,"key":"FearPotion"},{"floor":29.0,"key":"SkillPotion"},{"floor":29.0,"key":"FairyPotion"},{"floor":33.0,"key":"SpeedPotion"},{"floor":33.0,"key":"Block Potion"},{"floor":36.0,"key":"SneckoOil"},{"floor":38.0,"key":"Ancient Potion"},{"floor":38.0,"key":"PowerPotion"},{"floor":39,"key":"ColorlessPotion"}],"is_trial":false,"path_per_floor":["M","$","?","M","M","E","?","?","T","E","M","$","E","?","R","B",null,"M","$","?","?","$","R","E","M","T","E","?","E","M","M","R","B",null,"M","M","?","M","M","E"],"character_chosen":"MARISA","items_purchased":["AsteroidBelt","NonDirectionalLaser","WitchOfGreed","AmplifyWand"],"campfire_rested":0,"item_purchase_floors":[2,2,12,19],"current_hp_per_floor":[68,68,68,68,68,57,57,57,57,49,49,49,46,68,68,33,69,71,71,56,56,56,56,54,56,56,58,52,51,55,59,59,26,69,71,75,75,50,33,0,0],"gold":781,"neow_bonus":"ONE_RARE_RELIC","is_daily":false,"chose_seed":false,"campfire_upgraded":3,"win_rate":0.0,"timestamp":1608624481,"path_taken":["M","?","?","?","M","E","?","?","T","E","M","$","E","?","R","BOSS","M","$","?","?","?","R","E","M","T","E","?","E","M","M","R","BOSS","M","M","?","M","M","E"],"items_purchased_type":["Card","Card","Card","Relic"],"build_version":"2020-12-13","purchased_purges":0,"victory":false,"max_hp_per_floor":[68,68,68,68,68,68,68,68,68,68,68,68,68,68,68,68,78,78,78,83,83,83,83,83,83,83,83,83,83,83,83,83,83,83,83,83,83,83,83,83,83],"card_choices":[{"not_picked":["WitchLeyline","MeteoricShower"],"picked":"MysteriousBeam","floor":1.0},{"not_picked":["ChargeUpSpray","ShootingEcho","WitchLeyline"],"picked":"SKIP","floor":4.0},{"not_picked":["MysteriousBeam","6A"],"picked":"DC","floor":5.0},{"not_picked":["AlicesGift","WitchLeyline"],"picked":"OneTimeOff","floor":6.0},{"not_picked":["OneTimeOff","WitchLeyline"],"picked":"UltimateShortwave","floor":10.0},{"not_picked":["Robbery","DarkMatter","WitchLeyline"],"picked":"SKIP","floor":11.0},{"not_picked":["EarthLightRay","WitchLeyline","SporeBomb"],"picked":"SKIP","floor":13.0},{"not_picked":["BinaryStars","AbsoluteMagnitude"],"picked":"CollectingQuirk","floor":16.0},{"not_picked":["AsteroidBelt","OortCloud","Robbery"],"picked":"SKIP","floor":18.0},{"not_picked":["AlicesGift","SporeBomb"],"picked":"MilkyWay","floor":24.0},{"not_picked":["ShootingEcho+1","WitchLeyline"],"picked":"MysteriousBeam+1","floor":25.0},{"not_picked":["MysteriousBeam+1","EnergyRecoil","AlicesGift"],"picked":"SKIP","floor":27.0},{"not_picked":["BlazingStar","DarkSpark"],"picked":"CasketOfStar","floor":29.0},{"not_picked":["6A","NonDirectionalLaser"],"picked":"Robbery+1","floor":30.0},{"not_picked":["WitchOfGreed+1","GrandCross","MilkyWay"],"picked":"SKIP","floor":31.0},{"not_picked":["JA","AbsoluteMagnitude"],"picked":"CollectingQuirk","floor":33.0},{"not_picked":["AsteroidBelt+1","SporeBomb+1","NonDirectionalLaser+1"],"picked":"SKIP","floor":35.0},{"not_picked":["PowerUp","ShootingEcho"],"picked":"StarBarrage+1","floor":36.0},{"not_picked":["DC","GrandCross+1"],"picked":"GalacticHalo","floor":38.0},{"not_picked":["6A+1","UltimateShortwave","AsteroidBelt+1"],"picked":"SKIP","floor":39}],"player_experience":832293,"relics_obtained":[{"floor":6.0,"key":"Incense Burner"},{"floor":9.0,"key":"CaptainsWheel"},{"floor":10.0,"key":"theSenshi:SuperSailorFukuRelic"},{"floor":13.0,"key":"HandmadeGrimoire"},{"floor":17.0,"key":"Bag of Marbles"},{"floor":17.0,"key":"Pear"},{"floor":17.0,"key":"Ice Cream"},{"floor":24.0,"key":"Matryoshka"},{"floor":26.0,"key":"theSenshi:SailorFukuRelic"},{"floor":26.0,"key":"White Beast Statue"},{"floor":27.0,"key":"Old Coin"},{"floor":29.0,"key":"Gambling Chip"}],"event_choices":[{"damage_healed":0.0,"max_hp_gain":0.0,"max_hp_loss":0.0,"gold_gain":0.0,"event_name":"Liars Game","player_choice":"Ignored","floor":3.0,"gold_loss":0.0,"damage_taken":0.0},{"damage_healed":0.0,"max_hp_gain":0.0,"max_hp_loss":0.0,"gold_gain":0.0,"event_name":"Living Wall","player_choice":"Grow","floor":7.0,"gold_loss":0.0,"damage_taken":0.0,"cards_upgraded":["MysteriousBeam"]},{"damage_healed":0.0,"max_hp_gain":0.0,"max_hp_loss":0.0,"gold_gain":0.0,"event_name":"Golden Wing","player_choice":"Ignored","floor":8.0,"gold_loss":0.0,"damage_taken":0.0},{"damage_healed":22.0,"max_hp_gain":0.0,"max_hp_loss":0.0,"gold_gain":0.0,"event_name":"Wheel of Change","player_choice":"Full Heal","floor":14.0,"gold_loss":0.0,"damage_taken":0.0},{"damage_healed":0.0,"max_hp_gain":5.0,"max_hp_loss":0.0,"gold_gain":0.0,"event_name":"Forgotten Altar","player_choice":"Shed Blood","floor":20.0,"gold_loss":0.0,"damage_taken":20.0},{"damage_healed":0.0,"max_hp_gain":0.0,"max_hp_loss":0.0,"gold_gain":0.0,"event_name":"Ghosts","player_choice":"Ignored","floor":21.0,"gold_loss":0.0,"damage_taken":0.0},{"damage_healed":0.0,"max_hp_gain":0.0,"max_hp_loss":0.0,"gold_gain":0.0,"event_name":"Nest","player_choice":"Joined the Cult","floor":28.0,"gold_loss":0.0,"damage_taken":6.0,"cards_obtained":["RitualDagger"]},{"damage_healed":0.0,"max_hp_gain":0.0,"max_hp_loss":0.0,"gold_gain":0.0,"event_name":"WeMeetAgain","player_choice":"Gave Potion","floor":37.0,"gold_loss":0.0,"damage_taken":0.0,"relics_obtained":["CeramicFish"]}],"is_beta":false,"boss_relics":[{"not_picked":["Tiny House","Coffee Dripper"],"picked":"Calling Bell"},{"not_picked":["Runic Dome","Philosopher\u0027s Stone"],"picked":"Astrolabe"}],"items_purged_floors":[],"is_endless":false,"potions_floor_spawned":[4,6,10,11,25,29,30,31,33,35,36,38,39],"killed_by":"Reptomancer","ascension_level":6}}