{"host":"j204k34h42bd6fas","time":1608659857,"event":{"mods":["Aspiration","BaseMod","Colored Map","Colored Powertips","Conspire","Hubris","Infinite Spire","Mimic Mod","Minty Spire (QoL Compilation)","Pikachu Mod","Potionbrewer","Rare Cards Sparkle","Relic Stats","Replay The Spire","Say the Spire","StSLib","The Cursed","The Judge"],"gold_per_floor":[118,215,215,226,261,261,287,306,330,360,360,387,399,413,413,508,508,522,522,522,539,551,580,580,607,607,620,620,560,560,579,579,681,781,798,798,798,810,828,828,845,845,869,869,910,910,933,971,971,971,971],"floor_reached":50,"playtime":2256,"items_purged":[],"score":642,"play_id":"60d28048-6227-4654-861d-9e02bab3daa7","local_time":"20201222125737","is_ascension_mode":true,"campfire_choices":[{"data":"Bash","floor":6,"key":"SMITH"},{"floor":11,"key":"REST"},{"data":"ReplayTheSpireMod:LeadingStrike","floor":15,"key":"SMITH"},{"floor":28,"key":"REST"},{"data":"Spot Weakness","floor":30,"key":"SMITH"},{"data":"Immolate","floor":40,"key":"SMITH"},{"floor":42,"key":"REST"},{"data":"Flash of Steel","floor":44,"key":"SMITH"},{"floor":46,"key":"REST"},{"floor":49,"key":"REST"}],"circlet_count":0,"master_deck":["Strike_R","Strike_R","Strike_R+1","Strike_R","Strike_R+1","Defend_R","Defend_R","Defend_R","Defend_R","Bash+1","Pummel","Carnage","Intimidate","Dropkick","ReplayTheSpireMod:LeadingStrike+1","Clash","Armaments","Thunderclap","hubris:ReadiedAction+1","Replay:Undeath\u0027s Touch","Disarm","Immolate+1","Armaments+1","hubris:ReadiedAction+1","Sentinel+1","Spot Weakness+1","Twin Strike+1","Reaper+1","Flash of Steel+1","Flex+1","ReplayTheSpireMod:Limb From Limb","Searing Blow+1","Havoc+1","Battle Trance"],"relics":["Burning Blood","NeowsBlessing","Pen Nib","Tiny Chest","Blood Vial","aspiration:HiddenCompartment","Blue Doll","Simple Rune","Blue Candle","hubris:PeanutButter","potionbrewer:BhaskarasWheel","Replay:PocketPolymizer","ReplayFunnel","Juzu Bracelet","Chameleon Ring","Replay:Wanted Poster","Champion Belt","CeramicFish","Turnip","Gremlin Food"],"acts_visited":["Exordium","TheCity","TheBeyond"],"potions_floor_usage":[7,23,23,33,33,33,33,48,48,48],"damage_taken":[{"damage":0,"enemies":"Cultist","floor":1,"turns":1},{"damage":0,"enemies":"2 Louse","floor":4,"turns":1},{"damage":0,"enemies":"conspire:MimicChest","floor":5,"turns":1},{"damage":32,"enemies":"Gremlin Nob","floor":7,"turns":4},{"damage":7,"enemies":"Jaw Worm","floor":8,"turns":2},{"damage":20,"enemies":"3 Sentries","floor":10,"turns":6},{"damage":32,"enemies":"Gremlin Nob","floor":12,"turns":4},{"damage":0,"enemies":"Exordium Thugs","floor":13,"turns":3},{"damage":0,"enemies":"3 Louse","floor":14,"turns":2},{"damage":21,"enemies":"Fading Forest","floor":16,"turns":11},{"damage":12,"enemies":"Spheric Guardian","floor":18,"turns":4},{"damage":0,"enemies":"Chosen","floor":21,"turns":4},{"damage":10,"enemies":"3 Cultists","floor":22,"turns":6},{"damage":30,"enemies":"Slavers","floor":23,"turns":5},{"damage":41,"enemies":"Snake Plant","floor":27,"turns":5},{"damage":0,"enemies":"Centurion and Healer","floor":31,"turns":4},{"damage":33,"enemies":"Champ","floor":33,"turns":10},{"damage":24,"enemies":"3 Darklings","floor":35,"turns":4},{"damage":0,"enemies":"Orb Walker","floor":38,"turns":3},{"damage":21,"enemies":"Sphere and 2 Shapes","floor":39,"turns":5},{"damage":69,"enemies":"4 Shapes","floor":41,"turns":5},{"damage":21,"enemies":"3 Darklings","floor":45,"turns":10},{"damage":25,"enemies":"3 Darklings","floor":47,"turns":5},{"damage":0,"enemies":"Giant Head","floor":48,"turns":5},{"damage":95,"enemies":"Donu and Deca","floor":50,"turns":6}],"seed_played":"-373737441776816010","potions_obtained":[{"floor":1,"key":"Weak Potion"},{"floor":4,"key":"potionbrewer:ToxicPotion"},{"floor":13,"key":"Elixir"},{"floor":14,"key":"Strength Potion"},{"floor":18,"key":"potionbrewer:EndurancePotion"},{"floor":22,"key":"AttackPotion"},{"floor":23,"key":"potionbrewer:DiscountPotion"},{"floor":27,"key":"potionbrewer:EndurancePotion"},{"floor":31,"key":"EntropicBrew"},{"floor":35,"key":"DistilledChaos"},{"floor":48,"key":"Languid Potion"}],"is_trial":false,"path_per_floor":["M","?","$","M","?","R","E","M","T","E","R","E","M","M","R","B",null,"M","?","T","M","M","E","?","T","T","M","R","?","R","M","R_BF","B",null,"M","T","?","M","M","R","M","R","T","R","MIM","R","M","E","R","B"],"character_chosen":"IRONCLAD","items_purchased":["Tiny Chest","Blood Vial"],"campfire_rested":5,"item_purchase_floors":[3,3],"current_hp_per_floor":[80,60,40,48,56,56,32,33,33,21,45,21,29,37,37,32,80,74,74,74,80,76,54,54,54,54,21,45,45,45,53,77,52,80,80,80,80,80,65,65,17,41,41,41,32,56,39,54,78,0,0],"gold":971,"neow_bonus":"THREE_ENEMY_KILL","is_daily":false,"chose_seed":false,"campfire_upgraded":5,"win_rate":0.0,"timestamp":1608659857,"path_taken":["M","?","?","M","?","R","E","M","T","E","R","E","M","?","R","BOSS","M","?","?","M","M","E","?","?","T","M","R","?","R","M","R_BF","BOSS","M","?","?","M","M","R","M","R","T","R","?","R","M","E","R","BOSS"],"items_purchased_type":["Relic","Relic"],"build_version":"2020-12-13","purchased_purges":0,"victory":false,"max_hp_per_floor":[80,80,80,80,80,80,80,80,80,80,80,80,80,80,80,80,80,80,80,80,80,80,80,80,80,80,80,80,80,80,80,80,80,80,80,80,80,80,80,80,80,80,80,80,80,80,80,80,80,80,80],"relic_stats":{"Blood Vial":38,"counters":[25,116],"Blue Candle":[0],"CeramicFish":27,"Tiny Chest":2,"Pen Nib":[27],"Turnip":[0],"Juzu Bracelet":1,"Champion Belt":[14],"obtain_stats":[{"ReplayFunnel":23,"Gremlin Food":48,"Replay:PocketPolymizer":20,"NeowsBlessing":0,"Blue Candle":10,"CeramicFish":43,"Blue Doll":7,"Pen Nib":2,"potionbrewer:BhaskarasWheel":17,"Juzu Bracelet":25,"aspiration:HiddenCompartment":5,"Burning Blood":0,"Blood Vial":3,"Replay:Wanted Poster":34,"Chameleon Ring":26,"Tiny Chest":3,"Simple Rune":9,"hubris:PeanutButter":12,"Turnip":45,"Champion Belt":36},{"ReplayFunnel":14,"Gremlin Food":24,"Replay:PocketPolymizer":11,"NeowsBlessing":0,"Blue Candle":6,"CeramicFish":21,"Blue Doll":4,"Pen Nib":1,"potionbrewer:BhaskarasWheel":10,"Juzu Bracelet":14,"aspiration:HiddenCompartment":3,"Burning Blood":0,"Blood Vial":1,"Replay:Wanted Poster":17,"Chameleon Ring":14,"Tiny Chest":1,"Simple Rune":5,"hubris:PeanutButter":7,"Turnip":22,"Champion Belt":18},{"ReplayFunnel":54,"Gremlin Food":110,"Replay:PocketPolymizer":39,"NeowsBlessing":0,"Blue Candle":15,"CeramicFish":90,"Blue Doll":7,"Pen Nib":1,"potionbrewer:BhaskarasWheel":35,"Juzu Bracelet":54,"aspiration:HiddenCompartment":3,"Burning Blood":0,"Blood Vial":1,"Replay:Wanted Poster":73,"Chameleon Ring":54,"Tiny Chest":1,"Simple Rune":9,"hubris:PeanutButter":19,"Turnip":100,"Champion Belt":77}],"Burning Blood":128},"card_choices":[{"not_picked":["Blood for Blood","Clash"],"picked":"Pummel","floor":1},{"not_picked":["Shrug It Off","Second Wind"],"picked":"Carnage","floor":2},{"not_picked":["Hemokinesis","ReplayTheSpireMod:Strike From Hell"],"picked":"Intimidate","floor":2},{"not_picked":["Twin Strike","Flame Barrier"],"picked":"Dropkick","floor":4},{"not_picked":["conspire:Charge","Feel No Pain"],"picked":"ReplayTheSpireMod:LeadingStrike","floor":5},{"not_picked":["Iron Wave","ReplayTheSpireMod:Strike From Hell"],"picked":"Clash","floor":7},{"not_picked":["Run Through","hubris:ReadiedAction"],"picked":"Armaments","floor":8},{"not_picked":["Burning Pact","Shrug It Off"],"picked":"Thunderclap","floor":10},{"not_picked":["Eclipse","Run Through"],"picked":"hubris:ReadiedAction","floor":12},{"not_picked":["hubris:ReadiedAction","Hemogenesis"],"picked":"Replay:Undeath\u0027s Touch","floor":13},{"not_picked":["Sentinel","Pommel Strike"],"picked":"Disarm","floor":14},{"not_picked":["Exhume","Demonic Infusion"],"picked":"Immolate","floor":16},{"not_picked":["Replay:Undeath\u0027s Touch","Shrug It Off"],"picked":"Armaments","floor":18},{"not_picked":["ReplayTheSpireMod:Strike From Hell+1","Sentinel"],"picked":"hubris:ReadiedAction+1","floor":21},{"not_picked":["ReplayTheSpireMod:LeadingStrike","Armaments+1"],"picked":"Sentinel+1","floor":22},{"not_picked":["conspire:Charge+1","ReplayTheSpireMod:Strike From Hell"],"picked":"Spot Weakness","floor":23},{"not_picked":["hubris:CleavingFinish+1","hubris:ReadiedAction+1","Fire Breathing"],"picked":"SKIP","floor":27},{"not_picked":["Pommel Strike+1","Entrench"],"picked":"Twin Strike+1","floor":31},{"not_picked":["Exhume","Juggernaut"],"picked":"Reaper","floor":33},{"not_picked":["Intimidate","Shrug It Off","True Grit"],"picked":"SKIP","floor":35},{"not_picked":["ReplayTheSpireMod:Brewmster","ReplayTheSpireMod:Uncanny Aura"],"picked":"Flash of Steel","floor":37},{"not_picked":["Cleave","Headbutt+1"],"picked":"Flex+1","floor":38},{"not_picked":["Perfected Strike+1","Hemogenesis"],"picked":"ReplayTheSpireMod:Limb From Limb","floor":39},{"not_picked":["Shockwave","Run Through","Twin Strike"],"picked":"SKIP","floor":41},{"not_picked":["Life Link","hubris:ReadiedAction+1"],"picked":"Searing Blow+1","floor":45},{"not_picked":["Replay:Undeath\u0027s Touch+1","Clothesline"],"picked":"Havoc+1","floor":47},{"not_picked":["Sentinel+1","Run Through"],"picked":"Battle Trance","floor":48}],"player_experience":274168,"relics_obtained":[{"floor":2,"key":"Pen Nib"},{"floor":5,"key":"aspiration:HiddenCompartment"},{"floor":7,"key":"Blue Doll"},{"floor":9,"key":"Simple Rune"},{"floor":10,"key":"Blue Candle"},{"floor":12,"key":"hubris:PeanutButter"},{"floor":20,"key":"Replay:PocketPolymizer"},{"floor":23,"key":"ReplayFunnel"},{"floor":25,"key":"Juzu Bracelet"},{"floor":26,"key":"Chameleon Ring"},{"floor":36,"key":"Champion Belt"},{"floor":43,"key":"CeramicFish"},{"floor":45,"key":"Turnip"},{"floor":48,"key":"Gremlin Food"}],"event_choices":[{"damage_healed":0,"gold_gain":0,"player_choice":"Ignored","damage_taken":0,"max_hp_gain":0,"max_hp_loss":0,"event_name":"Ghosts","floor":19,"gold_loss":0},{"damage_healed":0,"gold_gain":0,"player_choice":"Memory 1","damage_taken":0,"max_hp_gain":0,"max_hp_loss":0,"event_name":"SensoryStone","floor":37,"gold_loss":0}],"is_beta":false,"boss_relics":[{"not_picked":["Painkiller Herb","hubris:TerracottaHorce"],"picked":"potionbrewer:BhaskarasWheel"},{"not_picked":["Honey Jar","Electric Blood"],"picked":"Replay:Wanted Poster"}],"items_purged_floors":[],"is_endless":false,"potions_floor_spawned":[1,4,13,14,18,22,23,27,31,35,38,48],"killed_by":"Donu and Deca","ascension_level":4}}