{"host":"ln76an1o32p2wxtf","time":1608665586,"event":{"mods":["AchievementEnabler","Act Like it!","BaseMod","BetterRewards","Colored Powertips","Energized Spire","GifTheSpireLib","Infinite Spire","Minty Spire (QoL Compilation)","Shop Mod","StSLib"],"gold_per_floor":[111,125,145,145,0,0,27,27,27,52,64,64,64,75,75,177,177,195,214,35,45,45,71,91,126,153,153,179,179,179,179,179,276,276,287,297,307,327,338,338,338,373,373,393,393,393,393,393],"floor_reached":47,"playtime":4951,"items_purged":["Strike_P","Defend_P"],"score":681,"play_id":"cedb2036-5b3e-4f4a-83d3-44a0180524c5","local_time":"20201223033306","is_ascension_mode":true,"campfire_choices":[{"data":"BattleHymn","floor":6,"key":"SMITH"},{"floor":13,"key":"RECALL"},{"data":"infinitespire:TheBestDefense","floor":15,"key":"SMITH"},{"floor":30,"key":"REST"},{"floor":32,"key":"REST"},{"floor":40,"key":"REST"}],"circlet_count":0,"master_deck":["Defend_P+1","Eruption+1","Vigilance+1","CutThroughFate+1","CutThroughFate+1","infinitespire:TheBestDefense+1","BattleHymn+1","Prostrate+1","Consecrate+1","LessonLearned","LessonLearned","BattleHymn+1","Apotheosis","Consecrate+1","Bite+1","Bite+1","Bite","Bite","Bite","CutThroughFate+1","CarveReality","infinitespire:NeuralNetwork+1","Vault+1","Prostrate+1","Prostrate"],"relics":["PureWater","NeowsBlessing","infinitespire:FocusingShard","Bronze Scales","Letter Opener","infinitespire:CheckeredPen","infinitespire:Bottled Soul","Fusion Hammer","StrikeDummy","Gremlin Horn","infinitespire:Lucky Rock","Orichalcum","energizedSpire:BlackCloud","energizedSpire:MagnifyingGlass","TeardropLocket","Nunchaku"],"acts_visited":["Exordium","TheCity","TheBeyond"],"potions_floor_usage":[7,47],"damage_taken":[{"damage":0,"enemies":"Cultist","floor":1,"turns":1},{"damage":0,"enemies":"Small Slimes","floor":2,"turns":1},{"damage":0,"enemies":"Jaw Worm","floor":3,"turns":1},{"damage":5,"enemies":"Gremlin Nob","floor":7,"turns":4},{"damage":0,"enemies":"Lagavulin","floor":10,"turns":4},{"damage":9,"enemies":"Exordium Wildlife","floor":11,"turns":2},{"damage":0,"enemies":"2 Fungi Beasts","floor":14,"turns":2},{"damage":28,"enemies":"Hexaghost","floor":16,"turns":8},{"damage":12,"enemies":"2 Thieves","floor":18,"turns":3},{"damage":0,"enemies":"Spheric Guardian","floor":19,"turns":3},{"damage":0,"enemies":"Cultist and Chosen","floor":21,"turns":3},{"damage":5,"enemies":"Gremlin Leader","floor":23,"turns":3},{"damage":2,"enemies":"Chosen and Byrds","floor":24,"turns":3},{"damage":31,"enemies":"Nightmare","floor":25,"turns":6},{"damage":3,"enemies":"Book of Stabbing","floor":28,"turns":4},{"damage":0,"enemies":"Automaton","floor":33,"turns":6},{"damage":20,"enemies":"Orb Walker","floor":35,"turns":4},{"damage":5,"enemies":"3 Shapes","floor":36,"turns":3},{"damage":4,"enemies":"Transient","floor":37,"turns":6},{"damage":21,"enemies":"Sphere and 2 Shapes","floor":38,"turns":4},{"damage":18,"enemies":"Jaw Worm Horde","floor":39,"turns":3},{"damage":12,"enemies":"Reptomancer","floor":42,"turns":4},{"damage":0,"enemies":"Maw","floor":44,"turns":5},{"damage":123,"enemies":"Nemesis","floor":47,"turns":5}],"seed_played":"6348436560886322401","potions_obtained":[{"floor":2,"key":"Fruit Juice"},{"floor":7,"key":"Weak Potion"},{"floor":11,"key":"Explosive Potion"},{"floor":14,"key":"AttackPotion"},{"floor":23,"key":"SteroidPotion"},{"floor":25,"key":"Regen Potion"},{"floor":36,"key":"BottledMiracle"},{"floor":38,"key":"Ambrosia"}],"is_trial":false,"path_per_floor":["M","M","M","?","$","R","E","T","T","E","M","?","R","M","R","B",null,"M","M","$","M","?","E","M","NM","T","?","E","?","R","AVR","R","B",null,"M","M","M","M","M","R","?","E","T","M","?","?","E"],"character_chosen":"WATCHER","items_purchased":["BattleHymn","Apotheosis"],"campfire_rested":3,"item_purchase_floors":[5,20],"current_hp_per_floor":[72,72,72,54,54,54,54,54,54,54,45,42,42,42,42,14,77,65,65,65,65,53,53,53,32,32,32,38,38,53,53,53,53,53,40,35,53,44,32,47,47,43,43,50,50,40,0,0],"gold":393,"neow_bonus":"THREE_ENEMY_KILL","is_daily":false,"chose_seed":false,"campfire_upgraded":2,"win_rate":0.0,"timestamp":1608665586,"path_taken":["M","M","?","?","?","R","E","?","T","E","M","?","R","M","R","BOSS","M","M","$","M","?","E","M","NM","T","?","E","?","R","AVR","R","BOSS","M","M","M","?","M","R","?","E","T","M","?","?","E"],"items_purchased_type":["Card","Card"],"build_version":"2020-12-13","purchased_purges":2,"victory":false,"max_hp_per_floor":[72,72,72,72,72,72,77,77,77,77,77,77,77,77,77,77,77,77,77,77,77,53,53,53,53,53,53,53,53,53,53,53,53,53,53,53,53,53,53,53,50,50,50,50,50,50,50,50],"card_choices":[{"not_picked":["Weave","CrushJoints","FollowUp"],"picked":"SKIP","floor":1},{"not_picked":["ReachHeaven","DeceiveReality"],"picked":"CutThroughFate","floor":2},{"not_picked":["EmptyBody","FollowUp"],"picked":"CutThroughFate","floor":3},{"not_picked":["infinitespire:UltimateForm","infinitespire:Punishment"],"picked":"infinitespire:TheBestDefense","floor":4},{"not_picked":["Wallop","Crescendo"],"picked":"Prostrate","floor":7},{"not_picked":["Collect","CarveReality"],"picked":"Consecrate","floor":10},{"not_picked":["BowlingBash","Weave","Crescendo"],"picked":"SKIP","floor":11},{"not_picked":["InnerPeace","SignatureMove"],"picked":"LessonLearned","floor":14},{"not_picked":["DeusExMachina","Omniscience"],"picked":"LessonLearned","floor":16},{"not_picked":["Indignation","WreathOfFlame","Wireheading"],"picked":"SKIP","floor":18},{"not_picked":["SashWhip","ThirdEye+1"],"picked":"BattleHymn+1","floor":19},{"not_picked":["WindmillStrike","CutThroughFate"],"picked":"Consecrate+1","floor":21},{"not_picked":["Vengeance","Prostrate"],"picked":"CutThroughFate+1","floor":23},{"not_picked":["TalkToTheHand","Tantrum","Vengeance"],"picked":"SKIP","floor":24},{"not_picked":["Evaluate","CrushJoints","Weave"],"picked":"SKIP","floor":25},{"not_picked":["FlurryOfBlows","EmptyFist+1","Crescendo"],"picked":"SKIP","floor":28},{"not_picked":["Ragnarok","Omniscience"],"picked":"Vault","floor":33},{"not_picked":["Sanctity+1","Protect","ClearTheMind"],"picked":"SKIP","floor":35},{"not_picked":["Meditate","WindmillStrike+1","ForeignInfluence"],"picked":"SKIP","floor":36},{"not_picked":["Halt","Wireheading"],"picked":"Prostrate+1","floor":37},{"not_picked":["Indignation","CrushJoints+1","ThirdEye"],"picked":"SKIP","floor":38},{"not_picked":["FollowUp","Consecrate+1","ClearTheMind"],"picked":"SKIP","floor":39},{"not_picked":["FearNoEvil","Adaptation"],"picked":"Prostrate","floor":42},{"not_picked":["CutThroughFate+1","Swivel+1","Ragnarok"],"picked":"SKIP","floor":44}],"player_experience":659440,"relics_obtained":[{"floor":7,"key":"infinitespire:FocusingShard"},{"floor":8,"key":"Bronze Scales"},{"floor":9,"key":"Letter Opener"},{"floor":10,"key":"infinitespire:CheckeredPen"},{"floor":23,"key":"StrikeDummy"},{"floor":25,"key":"Gremlin Horn"},{"floor":26,"key":"infinitespire:Lucky Rock"},{"floor":28,"key":"Orichalcum"},{"floor":42,"key":"TeardropLocket"},{"floor":43,"key":"Nunchaku"}],"event_choices":[{"damage_healed":0,"gold_gain":0,"player_choice":"Success","damage_taken":3,"relics_obtained":["infinitespire:Bottled Soul"],"max_hp_gain":0,"max_hp_loss":0,"event_name":"Scrap Ooze","floor":12,"gold_loss":0},{"damage_healed":0,"gold_gain":0,"player_choice":"Became a vampire","damage_taken":0,"max_hp_gain":0,"max_hp_loss":24,"event_name":"Vampires","floor":22,"gold_loss":0,"cards_obtained":["Bite","Bite","Bite","Bite","Bite"]},{"damage_healed":0,"gold_gain":0,"player_choice":"Ignored","damage_taken":0,"max_hp_gain":0,"max_hp_loss":0,"event_name":"Cursed Tome","floor":27,"gold_loss":0},{"damage_healed":0,"gold_gain":0,"cards_transformed":["Defend_P"],"player_choice":"Transformed","damage_taken":0,"max_hp_gain":0,"max_hp_loss":0,"event_name":"Transmorgrifier","floor":29,"gold_loss":0,"cards_obtained":["CarveReality"]},{"damage_healed":0,"gold_gain":0,"player_choice":"Max HP","damage_taken":0,"max_hp_gain":0,"max_hp_loss":3,"event_name":"Winding Halls","floor":41,"gold_loss":0},{"cards_removed":["Defend_P"],"damage_healed":0,"gold_gain":0,"player_choice":"Removed Skill","damage_taken":0,"max_hp_gain":0,"max_hp_loss":0,"event_name":"Falling","floor":45,"gold_loss":0},{"damage_healed":0,"gold_gain":0,"player_choice":"Memory 3","damage_taken":10,"max_hp_gain":0,"max_hp_loss":0,"event_name":"SensoryStone","floor":46,"gold_loss":0}],"is_beta":false,"boss_relics":[{"not_picked":["Cursed Key","energizedSpire:OgreHead"],"picked":"Fusion Hammer"},{"not_picked":["Runic Dome","HolyWater"],"picked":"energizedSpire:MagnifyingGlass"}],"items_purged_floors":[5,31],"is_endless":true,"potions_floor_spawned":[2,7,11,14,19,23,25,33,36,37,38,42],"killed_by":"Nemesis","ascension_level":1}}