{"host":"n23juj4d9qam5hh1","time":1608622450,"event":{"mods":["BaseMod","Better Note","BetterRewards","Infinite Spire","Minty Spire (QoL Compilation)","Relic Stats","StSLib"],"gold_per_floor":[212,57,57,70,70,97,97,116,142,73,84,84,100,74,74,176,176,191,207,169,182,30,30,50,50,50,68,88,108,140,153,153,153,153],"floor_reached":33,"playtime":1097,"items_purged":[],"score":326,"play_id":"d1c185f8-a6d4-4d76-a4d8-5cb9cb7acd0b","local_time":"20201222023410","is_ascension_mode":true,"campfire_choices":[{"data":"Inflame","floor":7,"key":"SMITH"},{"floor":15,"key":"REST"},{"floor":23,"key":"REST"},{"data":"Whirlwind","floor":25,"key":"SMITH"},{"data":"Limit Break","floor":32,"key":"SMITH"}],"circlet_count":0,"master_deck":["Strike_R","Strike_R","Strike_R","Strike_R","Strike_R","Defend_R","Defend_R","Defend_R","Defend_R","Bash","Whirlwind+1","Battle Trance","Inflame+1","Flame Barrier","Shrug It Off","Shrug It Off","Limit Break+1","Uppercut","Flame Barrier","Carnage","Body Slam+1","Barricade","Body Slam+1"],"relics":["Burning Blood","Anchor","infinitespire:Lucky Rock","Ancient Tea Set","infinitespire:Bottled Soul","infinitespire:Burning Sword","Strawberry","Bag of Marbles","PreservedInsect"],"acts_visited":["Exordium","TheCity"],"potions_floor_usage":[4,16,24,30],"damage_taken":[{"damage":1,"enemies":"Cultist","floor":1,"turns":4},{"damage":0,"enemies":"2 Louse","floor":4,"turns":2},{"damage":38,"enemies":"3 Sentries","floor":6,"turns":10},{"damage":0,"enemies":"Jaw Worm","floor":8,"turns":3},{"damage":6,"enemies":"Exordium Wildlife","floor":11,"turns":6},{"damage":31,"enemies":"Large Slime","floor":13,"turns":6},{"damage":40,"enemies":"Slime Boss","floor":16,"turns":10},{"damage":7,"enemies":"Spheric Guardian","floor":18,"turns":4},{"damage":14,"enemies":"2 Thieves","floor":19,"turns":3},{"damage":42,"enemies":"Cultist and Chosen","floor":21,"turns":5},{"damage":10,"enemies":"Centurion and Healer","floor":24,"turns":4},{"damage":10,"enemies":"Snecko","floor":27,"turns":3},{"damage":2,"enemies":"Chosen and Byrds","floor":28,"turns":4},{"damage":16,"enemies":"Snake Plant","floor":29,"turns":4},{"damage":0,"enemies":"Slavers","floor":30,"turns":1},{"damage":0,"enemies":"Snecko","floor":31,"turns":3},{"damage":75,"enemies":"Champ","floor":33,"turns":7}],"seed_played":"352868186636680846","potions_obtained":[{"floor":1,"key":"Block Potion"},{"floor":4,"key":"SneckoOil"},{"floor":13,"key":"DistilledChaos"},{"floor":19,"key":"Block Potion"},{"floor":24,"key":"AttackPotion"},{"floor":27,"key":"EntropicBrew"},{"floor":30,"key":"SteroidPotion"}],"is_trial":false,"path_per_floor":["M","$","?","M","?","E","R","M","T","$","M","?","M","$","R","B",null,"M","M","$","M","$","R","M","R","T","M","M","M","E","M","R","B"],"character_chosen":"IRONCLAD","items_purchased":["Anchor","Flame Barrier","Shrug It Off","Uppercut","Strawberry"],"campfire_rested":2,"item_purchase_floors":[2,10,14,20,22],"current_hp_per_floor":[80,80,80,80,80,48,48,54,54,54,54,42,17,17,41,7,80,79,71,71,35,42,68,64,64,64,60,64,54,60,66,66,0,0],"gold":153,"neow_bonus":"HUNDRED_GOLD","is_daily":false,"chose_seed":false,"campfire_upgraded":3,"win_rate":0.0,"timestamp":1608622450,"path_taken":["M","$","?","M","?","E","R","M","T","$","M","?","?","$","R","BOSS","M","M","$","M","$","R","M","R","T","M","M","M","E","M","R","BOSS"],"items_purchased_type":["Relic","Card","Card","Card","Relic"],"build_version":"2020-12-13","purchased_purges":0,"victory":false,"max_hp_per_floor":[80,80,80,80,80,80,80,80,80,80,80,80,80,80,80,80,80,80,80,80,80,87,87,87,87,87,87,87,87,87,87,87,87,87],"relic_stats":{"counters":[17,79],"PreservedInsect":0,"obtain_stats":[{"Anchor":2,"infinitespire:Bottled Soul":12,"Strawberry":22,"PreservedInsect":30,"infinitespire:Burning Sword":17,"Bag of Marbles":26,"infinitespire:Lucky Rock":6,"Ancient Tea Set":9,"Burning Blood":0},{"Anchor":1,"infinitespire:Bottled Soul":5,"Strawberry":10,"PreservedInsect":15,"infinitespire:Burning Sword":7,"Bag of Marbles":11,"infinitespire:Lucky Rock":3,"Ancient Tea Set":4,"Burning Blood":0},{"Anchor":4,"infinitespire:Bottled Soul":25,"Strawberry":53,"PreservedInsect":69,"infinitespire:Burning Sword":41,"Bag of Marbles":57,"infinitespire:Lucky Rock":16,"Ancient Tea Set":19,"Burning Blood":0}],"Burning Blood":85},"card_choices":[{"not_picked":["True Grit","Clash"],"picked":"Whirlwind","floor":1},{"not_picked":["Body Slam","Sentinel"],"picked":"Battle Trance","floor":4},{"not_picked":["Wild Strike","Clash"],"picked":"Inflame","floor":6},{"not_picked":["Searing Blow","Clash","Armaments"],"picked":"SKIP","floor":8},{"not_picked":["Headbutt","Anger","Perfected Strike"],"picked":"SKIP","floor":11},{"not_picked":["Clothesline","Bludgeon"],"picked":"Shrug It Off","floor":13},{"not_picked":["Berserk","Double Tap"],"picked":"Limit Break","floor":16},{"not_picked":["Anger","Seeing Red","Bloodletting"],"picked":"SKIP","floor":18},{"not_picked":["infinitespire:OneForAll+1","Entrench","Disarm"],"picked":"SKIP","floor":19},{"not_picked":["Havoc+1","Armaments"],"picked":"Flame Barrier","floor":21},{"not_picked":["Iron Wave+1","Bludgeon"],"picked":"Carnage","floor":24},{"not_picked":["Shrug It Off","Anger","Clothesline"],"picked":"SKIP","floor":27},{"not_picked":["Searing Blow","Warcry","Intimidate"],"picked":"SKIP","floor":28},{"not_picked":["Corruption","Wild Strike"],"picked":"Body Slam+1","floor":29},{"not_picked":["Cleave","Iron Wave+1"],"picked":"Barricade","floor":30},{"not_picked":["Pommel Strike+1","Anger+1"],"picked":"Body Slam+1","floor":31}],"player_experience":189258,"relics_obtained":[{"floor":6,"key":"infinitespire:Lucky Rock"},{"floor":9,"key":"Ancient Tea Set"},{"floor":26,"key":"Bag of Marbles"},{"floor":30,"key":"PreservedInsect"}],"event_choices":[{"damage_healed":0,"gold_gain":0,"player_choice":"Ignored","damage_taken":0,"max_hp_gain":0,"max_hp_loss":0,"event_name":"Liars Game","floor":3,"gold_loss":0},{"damage_healed":0,"gold_gain":0,"player_choice":"Success","damage_taken":12,"relics_obtained":["infinitespire:Bottled Soul"],"max_hp_gain":0,"max_hp_loss":0,"event_name":"Scrap Ooze","floor":12,"gold_loss":0}],"is_beta":false,"boss_relics":[{"not_picked":["Coffee Dripper","Runic Pyramid"],"picked":"infinitespire:Burning Sword"}],"items_purged_floors":[],"is_endless":false,"potions_floor_spawned":[1,4,13,19,24,27,30],"killed_by":"Champ","ascension_level":2}}