{"host":"9dfaar78vv55a585","time":1608617583,"event":{"mods":["Aspiration","BaseMod","Better Third Choice","BetterRewards","Conspire","DeckTracker","Energized Spire","Glutton Mod","Halation","Hermit","Hubris","Infinite Spire","Lobotomy","LobotomyExtend","Mad Scientist","Minty Spire (QoL Compilation)","Permanent Neow","Potionbrewer","Replay The Spire","Shop Mod","Spicy Shops","Spikes Relics","StSLib","SuperFastMode","Trackpad","vexMod"],"gold_per_floor":[110,110,110,35,35,69,83,83,83,83,100,100,132,150,150,250,250,266,280,280,280,280],"floor_reached":21,"playtime":913,"items_purged":["Glutton:Strike","Glutton:Flail"],"score":212,"play_id":"56ac9a7e-38c2-4b01-b022-caba84141f96","local_time":"20201222061303","is_ascension_mode":false,"campfire_choices":[{"floor":8,"key":"REST"},{"floor":10,"key":"REST"},{"data":"Glutton:Chomp","floor":12,"key":"SMITH"},{"floor":15,"key":"DIG"}],"circlet_count":0,"master_deck":["Glutton:Strike","Glutton:Strike","Glutton:Strike","Glutton:Defend","Glutton:Defend","Glutton:Defend","Glutton:Thrombosis","Glutton:Chomp+1","Glutton:Clot","Glutton:GuardStance+1"],"relics":["Glutton:EternalHunger","aspiration:BabyByrd","PreservedInsect","Thread and Needle","trackpad:CultistFigurine","vexMod:BarristanHead","Runic Pyramid","Empty Cage","infinitespire:Lucky Rock"],"acts_visited":["Exordium","TheCity"],"potions_floor_usage":[],"damage_taken":[{"damage":9,"enemies":"Jaw Worm","floor":1,"turns":5},{"damage":87,"enemies":"3 Sentries","floor":6,"turns":9},{"damage":8,"enemies":"2 Louse","floor":7,"turns":3},{"damage":14,"enemies":"Cultist","floor":11,"turns":5},{"damage":27,"enemies":"Gremlin Nob","floor":13,"turns":4},{"damage":19,"enemies":"Exordium Wildlife","floor":14,"turns":4},{"damage":166,"enemies":"Fading Forest","floor":16,"turns":11},{"damage":71,"enemies":"Shell Parasite","floor":18,"turns":9},{"damage":47,"enemies":"Chosen","floor":19,"turns":6},{"damage":127,"enemies":"3 Cultists","floor":21,"turns":7}],"seed_played":"-7546438210817144106","potions_obtained":[{"floor":6,"key":"Adrenaline Potion"},{"floor":7,"key":"SkillPotion"},{"floor":14,"key":"SkillPotion"}],"is_trial":false,"path_per_floor":["M","?","?","$","?","E","M","R","T","R","M","R","E","M","R","B",null,"M","M","AVR","M"],"character_chosen":"GLUTTON","items_purchased":[],"campfire_rested":2,"item_purchase_floors":[],"current_hp_per_floor":[123,132,132,132,137,59,57,98,98,137,132,132,128,125,125,22,139,97,81,81,0,0],"gold":280,"neow_bonus":"TEN_PERCENT_HP_BONUS","is_daily":false,"chose_seed":false,"campfire_upgraded":1,"win_rate":0.0,"timestamp":1608617583,"path_taken":["M","?","?","$","?","E","M","R","T","R","?","R","E","M","R","BOSS","M","M","AVR","M"],"items_purchased_type":[],"build_version":"2020-12-13","purchased_purges":2,"victory":false,"max_hp_per_floor":[132,132,132,132,137,137,137,137,137,137,137,137,137,138,138,139,139,140,141,141,142,142],"card_choices":[{"not_picked":["Glutton:PainMeditation","Glutton:Scab"],"picked":"Glutton:Thrombosis","floor":1},{"not_picked":["Glutton:Regurgitate","Glutton:Tantrum","Glutton:ShareWeakness"],"picked":"SKIP","floor":6},{"not_picked":["Glutton:Salivate","Glutton:Delusion","Glutton:Treat"],"picked":"SKIP","floor":7},{"not_picked":["Glutton:BloodyKnuckle","Glutton:Bite"],"picked":"Glutton:Chomp","floor":11},{"not_picked":["Glutton:Demolish","Glutton:LashOut"],"picked":"Glutton:Clot","floor":13},{"not_picked":["Glutton:Demolish","Glutton:Autotomy","Glutton:DecrepitStrike"],"picked":"SKIP","floor":14},{"not_picked":["Glutton:LashOut","Glutton:Brace","Glutton:Devour"],"picked":"SKIP","floor":18},{"not_picked":["Glutton:Bite","Glutton:Brace"],"picked":"Glutton:GuardStance+1","floor":19}],"player_experience":81187,"relics_obtained":[{"floor":6,"key":"PreservedInsect"},{"floor":9,"key":"Thread and Needle"},{"floor":13,"key":"trackpad:CultistFigurine"},{"floor":15,"key":"vexMod:BarristanHead"}],"event_choices":[{"damage_healed":0,"gold_gain":0,"player_choice":"Donut","damage_taken":0,"max_hp_gain":5,"max_hp_loss":0,"event_name":"Big Fish","floor":5,"gold_loss":0}],"is_beta":false,"boss_relics":[{"not_picked":["halation:PinkAlligatorPlush","aspiration:RitualDagger"],"picked":"Runic Pyramid"}],"items_purged_floors":[4,20],"is_endless":false,"potions_floor_spawned":[6,7,14,16,18],"killed_by":"3 Cultists","ascension_level":0}}