{"host":"92108ef2q9tm8rod","time":1608605469,"event":{"mods":["BaseMod","Defuse TimeMaze Blight","Minty Spire (QoL Compilation)","StSLib","The Jungle"],"gold_per_floor":[117,132,148,73,86,86,96,109,135,161,161,161,161,178,178,282,282,296,316,316,326,326,326,326,73,152,165,178,178,178,195,195,293,293,313,313,327,178,178,178,212,240,240,257,286,286,286,336,336,336],"floor_reached":51,"playtime":2876,"items_purged":["Cloak And Dagger","Quick Slash"],"score":937,"play_id":"209fbc7f-3398-4319-b2de-ea5958550ecb","local_time":"20201222025109","daily_mods":["SealedDeck","Colorless Cards","Heirloom","Flight"],"is_ascension_mode":false,"campfire_choices":[{"data":"Tactician","floor":6,"key":"SMITH"},{"data":"Deflect","floor":11,"key":"SMITH"},{"data":"Blur","floor":13,"key":"SMITH"},{"data":"Backflip","floor":15,"key":"SMITH"},{"data":"Adrenaline","floor":23,"key":"SMITH"},{"data":"Noxious Fumes","floor":24,"key":"SMITH"},{"data":"Deadly Poison","floor":29,"key":"SMITH"},{"data":"Deadly Poison","floor":30,"key":"SMITH"},{"data":"Dodge and Roll","floor":32,"key":"SMITH"},{"data":"Bane","floor":40,"key":"SMITH"},{"floor":46,"key":"REST"},{"floor":47,"key":"REST"},{"floor":49,"key":"REST"}],"circlet_count":0,"master_deck":["Dramatic Entrance+1","PiercingWail+1","Bane+1","Deadly Poison+1","Deadly Poison+1","Tactician+1","Prepared+1","Deflect+1","Dodge and Roll+1","Noxious Fumes+1","Blur+1","Backflip+1","Adrenaline+1"],"relics":["Ring of the Snake","FossilizedHelix","Centennial Puzzle","Art of War","ClockworkSouvenir","Bottled Tornado","War Paint","Whetstone","Boot","StrikeDummy","Ancient Tea Set","TungstenRod"],"acts_visited":["Exordium","Exordium","TheBeyond"],"potions_floor_usage":[8,33,41,44,45,45,50,50],"damage_taken":[{"damage":0,"enemies":"2 Louse","floor":1,"turns":2},{"damage":0,"enemies":"Small Slimes","floor":2,"turns":2},{"damage":0,"enemies":"Jaw Worm","floor":3,"turns":3},{"damage":0,"enemies":"Looter","floor":5,"turns":2},{"damage":0,"enemies":"3 Louse","floor":7,"turns":1},{"damage":0,"enemies":"Large Slime","floor":8,"turns":5},{"damage":9,"enemies":"Gremlin Nob","floor":10,"turns":4},{"damage":0,"enemies":"Blue Slaver","floor":14,"turns":3},{"damage":0,"enemies":"Slime Boss","floor":16,"turns":11},{"damage":0,"enemies":"theJungle:Flameango_and_Byrd","floor":18,"turns":6},{"damage":0,"enemies":"theJungle:MUSHROOMGANG","floor":19,"turns":4},{"damage":0,"enemies":"theJungle:SlimyTreeVines","floor":21,"turns":9},{"damage":0,"enemies":"theJungle:2_Snecko_Cultists","floor":27,"turns":4},{"damage":0,"enemies":"theJungle:Snecko_Cultist_And_Trap","floor":28,"turns":7},{"damage":0,"enemies":"theJungle:2_Flameangoes","floor":31,"turns":5},{"damage":0,"enemies":"theJungle:QueenSpyder","floor":33,"turns":9},{"damage":0,"enemies":"3 Shapes","floor":35,"turns":5},{"damage":0,"enemies":"Orb Walker","floor":37,"turns":4},{"damage":0,"enemies":"Nemesis","floor":41,"turns":7},{"damage":14,"enemies":"Giant Head","floor":42,"turns":7},{"damage":0,"enemies":"3 Darklings","floor":44,"turns":4},{"damage":14,"enemies":"Nemesis","floor":45,"turns":7},{"damage":11,"enemies":"Mind Bloom Boss Battle","floor":48,"turns":10},{"damage":0,"enemies":"Awakened One","floor":50,"turns":15}],"seed_played":"-9187410541093168812","potions_obtained":[{"floor":2,"key":"LiquidBronze"},{"floor":3,"key":"Swift Potion"},{"floor":7,"key":"DuplicationPotion"},{"floor":16,"key":"SteroidPotion"},{"floor":19,"key":"LiquidBronze"},{"floor":35,"key":"Regen Potion"},{"floor":42,"key":"SkillPotion"},{"floor":44,"key":"EssenceOfSteel"},{"floor":45,"key":"Weak Potion"}],"is_trial":true,"path_per_floor":["M","M","M","$","M","R","M","M","T","E","R","?","R","M","R","B",null,"M","M","?","M","?","R","R","$","T","M","M","R","R","M","R","B",null,"M","?","M","$","$","R","E","E","T","M","E","R","R","?","R","B",null],"character_chosen":"THE_SILENT","items_purchased":["ClockworkSouvenir","War Paint"],"campfire_rested":3,"item_purchase_floors":[25,38],"current_hp_per_floor":[70,70,70,70,70,70,70,70,70,61,61,61,61,61,61,61,70,70,70,70,70,70,70,70,70,70,70,70,70,70,70,70,70,70,70,70,70,70,70,70,70,56,56,70,56,70,70,59,70,70],"gold":336,"neow_bonus":"","is_daily":false,"chose_seed":false,"campfire_upgraded":10,"win_rate":0.0,"timestamp":1608605469,"path_taken":["M","M","M","$","M","R","M","M","T","E","R","?","R","M","R","BOSS","M","M","?","M","?","R","R","$","T","M","M","R","R","M","R","BOSS","M","?","M","$","$","R","E","E","T","M","E","R","R","?","R","BOSS"],"items_purchased_type":["Relic","Relic"],"build_version":"2020-12-13","purchased_purges":2,"victory":true,"max_hp_per_floor":[70,70,70,70,70,70,70,70,70,70,70,70,70,70,70,70,70,70,70,70,70,70,70,70,70,70,70,70,70,70,70,70,70,70,70,70,70,70,70,70,70,70,70,70,70,70,70,70,70,70],"card_choices":[{"not_picked":["Concentrate","Accuracy"],"picked":"Caltrops","floor":1},{"not_picked":["Infinite Blades","Underhanded Strike"],"picked":"Dodge and Roll","floor":2},{"not_picked":["Dagger Throw","Cloak And Dagger","Eviscerate"],"picked":"SKIP","floor":3},{"not_picked":["Cloak And Dagger","Blind"],"picked":"Noxious Fumes","floor":5},{"not_picked":["Poisoned Stab","Acrobatics"],"picked":"Blur","floor":7},{"not_picked":["Deflect","Outmaneuver","Accuracy"],"picked":"SKIP","floor":8},{"not_picked":["All Out Attack","Dodge and Roll","Flying Knee"],"picked":"SKIP","floor":10},{"not_picked":["Outmaneuver","Impatience"],"picked":"Backflip","floor":14},{"not_picked":["Terror","Setup","Prepared"],"picked":"SKIP","floor":18},{"not_picked":["Eviscerate","Backflip+1","Underhanded Strike"],"picked":"SKIP","floor":19},{"not_picked":["Acrobatics+1","Cloak And Dagger+1"],"picked":"Adrenaline","floor":21},{"not_picked":["Deflect+1","Footwork","Acrobatics"],"picked":"SKIP","floor":27},{"not_picked":["PanicButton+1","Distraction","Accuracy"],"picked":"SKIP","floor":28},{"not_picked":["Backflip+1","Slice+1","Dodge and Roll"],"picked":"SKIP","floor":31},{"not_picked":["Dagger Spray+1","Backflip+1","Acrobatics"],"picked":"SKIP","floor":35},{"not_picked":["Dagger Spray+1","Impatience","Distraction+1"],"picked":"SKIP","floor":37},{"not_picked":["Discovery+1","Deflect","Purity"],"picked":"SKIP","floor":41},{"not_picked":["Endless Agony","Underhanded Strike+1","Flying Knee"],"picked":"SKIP","floor":42},{"not_picked":["Prepared+1","Dagger Throw","Purity"],"picked":"SKIP","floor":44},{"not_picked":["Trip+1","Cloak And Dagger","Malaise"],"picked":"SKIP","floor":45}],"player_experience":3166769,"relics_obtained":[{"floor":9,"key":"Centennial Puzzle"},{"floor":10,"key":"Art of War"},{"floor":26,"key":"Bottled Tornado"},{"floor":41,"key":"Whetstone"},{"floor":42,"key":"Boot"},{"floor":43,"key":"StrikeDummy"},{"floor":45,"key":"Ancient Tea Set"},{"floor":48,"key":"TungstenRod"}],"event_choices":[{"damage_healed":0,"gold_gain":0,"player_choice":"Ignored","damage_taken":0,"max_hp_gain":0,"max_hp_loss":0,"event_name":"Liars Game","floor":12,"gold_loss":0},{"cards_removed":["Caltrops"],"damage_healed":0,"gold_gain":0,"player_choice":"Removed Power","damage_taken":0,"max_hp_gain":0,"max_hp_loss":0,"event_name":"Falling","floor":36,"gold_loss":0},{"damage_healed":0,"gold_gain":0,"player_choice":"Fight","damage_taken":0,"max_hp_gain":0,"max_hp_loss":0,"event_name":"MindBloom","floor":48,"gold_loss":0}],"is_beta":false,"boss_relics":[{"not_picked":["Runic Dome","Runic Pyramid","Calling Bell"]},{"not_picked":["Astrolabe","HoveringKite","Fusion Hammer"]}],"items_purged_floors":[4,25],"is_endless":false,"potions_floor_spawned":[2,3,7,16,19,27,35,42,44,45],"ascension_level":0}}