{"host":"ih7ofq2zpufcoifs","time":1608668560,"event":{"mods":["BaseMod","Colored Map","Minty Spire (QoL Compilation)"],"gold_per_floor":[362,376,301,58,73,103,103,117,141,141,185,185,218,234,234,332,332,346,346,371,392,52,96,96,121,121,157,32,32,75,89,89,184,184,207,207,228,248,264,307,307,323,346,367,367,405,127,140,140,140,140,140,140,44,80,80,80],"floor_reached":56,"playtime":10282,"items_purged":["Defend_G","Strike_G+1","Strike_G+1","Shame"],"score":2188,"play_id":"eb51b380-b0d5-4a46-a52d-c0cd0bbaf196","local_time":"20201223062240","is_ascension_mode":true,"campfire_choices":[{"data":"A Thousand Cuts","floor":7.0,"key":"SMITH"},{"floor":12.0,"key":"REST"},{"data":"Crippling Poison","floor":15.0,"key":"SMITH"},{"data":"Well Laid Plans","floor":24.0,"key":"SMITH"},{"data":"Footwork","floor":32.0,"key":"SMITH"},{"floor":41.0,"key":"RECALL"},{"data":"Tactician","floor":45.0,"key":"SMITH"},{"floor":49,"key":"REST"},{"data":"Footwork","floor":53,"key":"SMITH"}],"circlet_count":0,"master_deck":["AscendersBane","Strike_G+1","Strike_G+1","Defend_G+1","Defend_G+1","Defend_G+1","Defend_G+1","Survivor","Neutralize","Flying Knee","Blade Dance","Dagger Throw","Crippling Poison+1","A Thousand Cuts+1","Poisoned Stab","Leg Sweep","Well Laid Plans+1","Calculated Gamble","Venomology","Flechettes","Blade Dance","Acrobatics","Calculated Gamble","Acrobatics","Reflex+1","Tactician+1","Footwork+1","Acrobatics","PiercingWail","After Image","Reflex","Caltrops","Footwork+1","Catalyst","Dodge and Roll","Tactician","Crippling Poison+1"],"relics":["Ring of the Snake","Happy Flower","Bag of Preparation","Golden Idol","Vajra","FossilizedHelix","Busted Crown","ClockworkSouvenir","InkBottle","The Specimen","Strawberry","Red Mask","Cursed Key","Ginger","Snake Skull","Orichalcum"],"acts_visited":["TheCity","TheBeyond","TheEnding"],"potions_floor_usage":[50,50,51,55,55,56,56],"damage_taken":[{"damage":4.0,"enemies":"Small Slimes","floor":1.0,"turns":4.0},{"damage":0.0,"enemies":"2 Louse","floor":2.0,"turns":2.0},{"damage":0.0,"enemies":"Jaw Worm","floor":5.0,"turns":3.0},{"damage":8.0,"enemies":"Gremlin Nob","floor":6.0,"turns":3.0},{"damage":7.0,"enemies":"Exordium Thugs","floor":8.0,"turns":4.0},{"damage":12.0,"enemies":"Lagavulin","floor":11.0,"turns":5.0},{"damage":8.0,"enemies":"Gremlin Nob","floor":13.0,"turns":3.0},{"damage":0.0,"enemies":"2 Fungi Beasts","floor":14.0,"turns":3.0},{"damage":16.0,"enemies":"Hexaghost","floor":16.0,"turns":9.0},{"damage":0.0,"enemies":"Spheric Guardian","floor":18.0,"turns":3.0},{"damage":0.0,"enemies":"Shell Parasite","floor":20.0,"turns":3.0},{"damage":0.0,"enemies":"Cultist and Chosen","floor":21.0,"turns":4.0},{"damage":0.0,"enemies":"Gremlin Leader","floor":23.0,"turns":4.0},{"damage":0.0,"enemies":"Centurion and Healer","floor":25.0,"turns":4.0},{"damage":1.0,"enemies":"Book of Stabbing","floor":27.0,"turns":5.0},{"damage":0.0,"enemies":"Masked Bandits","floor":30.0,"turns":3.0},{"damage":0.0,"enemies":"Chosen and Byrds","floor":31.0,"turns":3.0},{"damage":0.0,"enemies":"Automaton","floor":33.0,"turns":9.0},{"damage":0.0,"enemies":"3 Shapes","floor":35.0,"turns":5.0},{"damage":0.0,"enemies":"3 Darklings","floor":37.0,"turns":4.0},{"damage":0.0,"enemies":"Maw","floor":38.0,"turns":7.0},{"damage":10.0,"enemies":"Writhing Mass","floor":39.0,"turns":6.0},{"damage":0.0,"enemies":"Reptomancer","floor":40.0,"turns":3.0},{"damage":9.0,"enemies":"3 Darklings","floor":42.0,"turns":6.0},{"damage":0.0,"enemies":"Spire Growth","floor":44.0,"turns":4.0},{"damage":15.0,"enemies":"Nemesis","floor":46.0,"turns":9.0},{"damage":0.0,"enemies":"Transient","floor":48.0,"turns":6.0},{"damage":22,"enemies":"Time Eater","floor":50,"turns":17},{"damage":5,"enemies":"Awakened One","floor":51,"turns":17},{"damage":7,"enemies":"Shield and Spear","floor":55,"turns":9},{"damage":45,"enemies":"The Heart","floor":56,"turns":11}],"seed_played":"-5227110573946771857","potions_obtained":[{"floor":1.0,"key":"SteroidPotion"},{"floor":2.0,"key":"EssenceOfSteel"},{"floor":16.0,"key":"BlessingOfTheForge"},{"floor":20.0,"key":"Energy Potion"},{"floor":30.0,"key":"SpeedPotion"},{"floor":33.0,"key":"Poison Potion"},{"floor":36.0,"key":"SkillPotion"},{"floor":38.0,"key":"SteroidPotion"},{"floor":42.0,"key":"Weak Potion"},{"floor":44.0,"key":"DuplicationPotion"},{"floor":46.0,"key":"DuplicationPotion"}],"is_trial":false,"path_per_floor":["M","M","?","$","M","E","R","M","T","?","E","R","E","M","R","B",null,"M","?","M","M","$","E","R","M","T","E","$","?","?","M","R","B",null,"M","?","M","M","M","E","R","M","T","M","R","E","$","M","R","B","B",null,"R","$","E","B"],"character_chosen":"THE_SILENT","items_purchased":["Blade Dance","Dagger Throw","AttackPotion","ClockworkSouvenir","Calculated Gamble","Footwork","Catalyst","Energy Potion","Tactician"],"campfire_rested":2,"item_purchase_floors":[4,4,4,22,22,47,47,54,54],"current_hp_per_floor":[55,55,55,55,55,47,47,40,40,40,28,44,36,36,36,20,46,46,46,46,46,46,46,46,46,46,52,52,52,52,52,52,52,59,59,59,59,59,49,49,49,40,40,40,40,25,25,25,43,21,16,50,50,50,43,0,0],"gold":80,"neow_bonus":"TWO_FIFTY_GOLD","is_daily":false,"chose_seed":false,"campfire_upgraded":6,"win_rate":0.0,"timestamp":1608668560,"path_taken":["M","M","?","$","M","E","R","M","T","?","E","R","E","M","R","BOSS","M","?","M","M","$","E","R","M","T","E","?","?","?","?","R","BOSS","M","?","?","M","M","E","R","M","T","M","R","E","$","M","R","BOSS","BOSS","R","$","E","BOSS"],"items_purchased_type":["Card","Card","Potion","Relic","Card","Card","Card","Potion","Card"],"build_version":"2020-12-13","purchased_purges":4,"victory":false,"max_hp_per_floor":[60,60,60,60,60,60,60,60,60,54,54,54,54,54,54,54,54,54,54,54,54,54,54,54,54,54,61,61,61,61,61,61,61,61,61,61,61,61,61,61,61,61,61,61,61,61,61,61,61,61,61,61,61,61,61,61,61],"card_choices":[{"not_picked":["Well Laid Plans","Deflect"],"picked":"Flying Knee","floor":1.0},{"not_picked":["Dodge and Roll","Masterful Stab"],"picked":"Crippling Poison","floor":5.0},{"not_picked":["Caltrops","Quick Slash"],"picked":"A Thousand Cuts","floor":6.0},{"not_picked":["Outmaneuver","Endless Agony"],"picked":"Poisoned Stab","floor":8.0},{"not_picked":["Slice","Dagger Spray"],"picked":"Leg Sweep","floor":11.0},{"not_picked":["Acrobatics","Phantasmal Killer"],"picked":"Well Laid Plans","floor":13.0},{"not_picked":["Skewer","Caltrops"],"picked":"Calculated Gamble","floor":14.0},{"not_picked":["Unload","Envenom"],"picked":"Venomology","floor":16.0},{"not_picked":[],"picked":"Flechettes","floor":18.0},{"not_picked":[],"picked":"Blade Dance","floor":20.0},{"not_picked":[],"picked":"Acrobatics","floor":21.0},{"not_picked":[],"picked":"Acrobatics","floor":23.0},{"not_picked":[],"picked":"Reflex+1","floor":25.0},{"not_picked":[],"picked":"Tactician","floor":27.0},{"not_picked":[],"picked":"Acrobatics","floor":30.0},{"not_picked":[],"picked":"PiercingWail","floor":31.0},{"not_picked":[],"picked":"After Image","floor":33.0},{"not_picked":["Underhanded Strike"],"picked":"SKIP","floor":35.0},{"not_picked":["Choke"],"picked":"SKIP","floor":37.0},{"not_picked":["Choke"],"picked":"SKIP","floor":37.0},{"not_picked":[],"picked":"Reflex","floor":38.0},{"not_picked":["Slice+1"],"picked":"SKIP","floor":39.0},{"not_picked":[],"picked":"Caltrops","floor":40.0},{"not_picked":["Quick Slash"],"picked":"SKIP","floor":42.0},{"not_picked":["Distraction"],"picked":"SKIP","floor":44.0},{"not_picked":["Quick Slash"],"picked":"SKIP","floor":46.0},{"not_picked":[],"picked":"Dodge and Roll","floor":48.0},{"not_picked":[],"picked":"Crippling Poison+1","floor":55}],"player_experience":449023,"relics_obtained":[{"floor":6.0,"key":"Happy Flower"},{"floor":9.0,"key":"Bag of Preparation"},{"floor":11.0,"key":"Vajra"},{"floor":13.0,"key":"FossilizedHelix"},{"floor":23.0,"key":"InkBottle"},{"floor":26.0,"key":"The Specimen"},{"floor":27.0,"key":"Strawberry"},{"floor":30.0,"key":"Red Mask"},{"floor":40.0,"key":"Ginger"},{"floor":46.0,"key":"Snake Skull"},{"floor":55,"key":"Orichalcum"}],"event_choices":[{"cards_removed":["Strike_G"],"damage_healed":0.0,"max_hp_gain":0.0,"max_hp_loss":0.0,"gold_gain":0.0,"event_name":"The Cleric","player_choice":"Card Removal","floor":3.0,"gold_loss":75.0,"damage_taken":0.0},{"damage_healed":0.0,"max_hp_gain":0.0,"max_hp_loss":6.0,"gold_gain":0.0,"event_name":"Golden Idol","player_choice":"Lose Max HP","floor":10.0,"gold_loss":0.0,"damage_taken":0.0,"relics_obtained":["Golden Idol"]},{"damage_healed":0.0,"max_hp_gain":0.0,"max_hp_loss":0.0,"gold_gain":0.0,"event_name":"Back to Basics","player_choice":"Simplicity","floor":19.0,"gold_loss":0.0,"damage_taken":0.0,"cards_upgraded":["Strike_G","Strike_G","Strike_G","Strike_G","Defend_G","Defend_G","Defend_G","Defend_G"]},{"damage_healed":0.0,"max_hp_gain":0.0,"max_hp_loss":0.0,"gold_gain":0.0,"event_name":"The Library","player_choice":"Read","floor":29.0,"gold_loss":0.0,"damage_taken":0.0,"cards_obtained":["Footwork"]},{"damage_healed":0.0,"max_hp_gain":0.0,"max_hp_loss":0.0,"gold_gain":0.0,"event_name":"Masked Bandits","player_choice":"Fought Bandits","floor":30.0,"gold_loss":0.0,"damage_taken":0.0},{"damage_healed":0.0,"max_hp_gain":0.0,"max_hp_loss":0.0,"gold_gain":0.0,"event_name":"Lab","player_choice":"Got Potions","floor":36.0,"gold_loss":0.0,"damage_taken":0.0}],"is_beta":false,"boss_relics":[{"not_picked":["Tiny House","Astrolabe"],"picked":"Busted Crown"},{"not_picked":["Coffee Dripper","Pandora\u0027s Box"],"picked":"Cursed Key"}],"items_purged_floors":[4,22,28,47],"is_endless":false,"potions_floor_spawned":[1,2,16,20,30,31,33,38,40,42,44,46],"killed_by":"The Heart","ascension_level":20}}