{"host":"vhvm1b4sel61ztfv","time":1608649016,"event":{"mods":["BaseMod","Minty Spire (QoL Compilation)","Replay The Spire","StSLib"],"gold_per_floor":[150,189,243,16,96,174,4,106,106,187,112,190,190,229,229,523,673,730,442,369,414,414,414,501,546,546,648,322,322,322,427,427,733,733,769,617,668,668,764,764,764,863,863,863,453,453,255,255,255,255],"floor_reached":51,"playtime":4854,"items_purged":["BasicCrystalCard"],"score":1008,"play_id":"bce14447-093b-4fcf-a528-fa64b2834288","local_time":"20201222095656","daily_mods":["Draft","Vintage","Heirloom","Time Dilation","Flight","DeadlyEvents","Elite Swarm","Midas"],"is_ascension_mode":false,"campfire_choices":[{"floor":13.0,"key":"REST"},{"floor":15.0,"key":"REST"},{"floor":23.0,"key":"REST"},{"floor":29,"key":"REST"},{"floor":30,"key":"REST"},{"floor":32,"key":"REST"},{"floor":40,"key":"REST"},{"floor":41,"key":"REST"},{"floor":44,"key":"REST"},{"floor":46,"key":"REST"}],"circlet_count":0,"master_deck":["Streamline","BasicCrystalCard","Stack","Streamline","Stack","Loop","Cold Snap+1","Coolheaded","FIFO Queue","Self Repair","Chill","ReplaySort","Sweeping Beam","Ball Lightning","Thunder Strike","Gash+1","Rainbow","Creative AI","ReplayTheSpireMod:System Scan","Sunder","Gash+1","Panic Button","Conserve Battery+1","Electrodynamics+1","Defragment","Panic Button","Ball Lightning+1","ReplayRNGCard","Heatsinks","Pain","Buffer","Reboot+1","Gash+1","Gash+1"],"relics":["Cracked Core","Thread and Needle","Replay:Bottled Flurry","Smiling Mask","ClockworkSouvenir","Replay:Kaleidoscope","Membership Card","StoneCalendar","Replay:WaspNest","FossilizedHelix","Orrery","Molten Egg 2","Nunchaku","Tiny House","Blue Candle","Solar Panel","Raider\u0027s Mask","Potion Belt","ReplayTheSpireMod:Shallot","Nilry\u0027s Codex","Ginger","Bronze Scales","Du-Vu Doll","Boot","ReplayFunnel","Replay:Rubber Ducky","Toolbox","Replay:Accelerometer","Honey Jar","Darkstone Periapt","Whetstone","Cauldron","Meat on the Bone","WarpedTongs","Blue Doll","Happy Flower","Letter Opener","Guide Book","Gremlin Horn","HornCleat","Iron Hammer","Chemical X","CaptainsWheel"],"acts_visited":["Exordium","TheCity","TheBeyond"],"potions_floor_usage":[25,33,33,33,37,39,50,50,50,50],"damage_taken":[{"damage":0.0,"enemies":"Cultist","floor":1.0,"turns":5.0},{"damage":7.0,"enemies":"Jaw Worm","floor":2.0,"turns":4.0},{"damage":0.0,"enemies":"2 Louse","floor":3.0,"turns":2.0},{"damage":21.0,"enemies":"Gremlin Nob","floor":6.0,"turns":4.0},{"damage":0.0,"enemies":"3 Sentries","floor":8.0,"turns":10.0},{"damage":8.0,"enemies":"Gremlin Nob","floor":10.0,"turns":6.0},{"damage":12.0,"enemies":"Lagavulin","floor":12.0,"turns":6.0},{"damage":0.0,"enemies":"Looter","floor":14.0,"turns":2.0},{"damage":18.0,"enemies":"The Guardian","floor":16.0,"turns":9.0},{"damage":5.0,"enemies":"Chosen","floor":18.0,"turns":4.0},{"damage":12.0,"enemies":"3 Byrds","floor":21.0,"turns":2.0},{"damage":37.0,"enemies":"Gremlin Leader","floor":24.0,"turns":4.0},{"damage":7,"enemies":"Shelled Parasite and Fungi","floor":25,"turns":5},{"damage":13,"enemies":"Slavers","floor":27,"turns":3},{"damage":11,"enemies":"Book of Stabbing","floor":31,"turns":7},{"damage":0,"enemies":"Champ","floor":33,"turns":10},{"damage":0,"enemies":"3 Shapes","floor":35,"turns":7},{"damage":2,"enemies":"3 Darklings","floor":37,"turns":7},{"damage":64,"enemies":"Giant Head","floor":39,"turns":10},{"damage":0,"enemies":"R_Hoarder","floor":42,"turns":10},{"damage":0,"enemies":"Time Eater","floor":50,"turns":8}],"seed_played":"326827011198523559","potions_obtained":[{"floor":6.0,"key":"Block Potion"},{"floor":8.0,"key":"Death Potion"},{"floor":12.0,"key":"Cursed Concoction"},{"floor":14.0,"key":"SteroidPotion"},{"floor":16.0,"key":"Death Potion"},{"floor":27,"key":"GamblersBrew"},{"floor":31,"key":"BlessingOfTheForge"},{"floor":36,"key":"Toxic Potion"},{"floor":36,"key":"Doom Potion"},{"floor":36,"key":"DistilledChaos"},{"floor":36,"key":"Swift Potion"},{"floor":36,"key":"EssenceOfSteel"},{"floor":37,"key":"GamblersBrew"},{"floor":39,"key":"EssenceOfDarkness"}],"is_trial":true,"path_per_floor":["M","M","M","$","?","E","$","E","T","E","$","E","R","M","R","B",null,"M","$","$","M","?","R","E","M","T","E","$","R","R","E","R","B",null,"M","$","M","?","E","R","R","E","T","R","$","R","$","T","R","B",null],"character_chosen":"DEFECT","items_purchased":["ClockworkSouvenir","LiquidBronze","Membership Card","Gash","Orrery","Solar Panel","Raider\u0027s Mask","Defragment","Panic Button","Ball Lightning+1","Potion Belt","ReplayFunnel","Replay:Rubber Ducky","PowerPotion","Toolbox","Heatsinks","Swift Potion","Explosive Potion","Whetstone","Cauldron","Guide Book","Gremlin Horn","HornCleat","Gash+1","PowerPotion","Iron Hammer","Chemical X"],"campfire_rested":10,"item_purchase_floors":[4,4,7,7,11,19,19,19,19,19,20,28,28,28,28,28,28,28,36,36,45,45,45,45,45,47,47],"current_hp_per_floor":[75,75,75,75,75,61,61,68,68,67,67,62,75,75,75,64,80,80,80,80,68,52,76,45,38,38,32,32,56,80,77,80,80,80,80,80,80,86,50,75,86,86,86,86,86,86,86,86,86,86],"gold":255,"neow_bonus":"","is_daily":false,"chose_seed":false,"campfire_upgraded":0,"win_rate":0.0,"timestamp":1608649016,"path_taken":["M","M","M","$","?","E","$","E","T","E","$","E","R","M","R","BOSS","M","$","$","M","?","R","E","?","T","E","$","R","R","?","R","BOSS","M","$","M","?","?","R","R","E","T","R","$","R","$","?","R","BOSS"],"items_purchased_type":["Relic","Potion","Relic","Card","Relic","Relic","Relic","Card","Card","Card","Relic","Relic","Relic","Potion","Relic","Card","Potion","Potion","Relic","Relic","Relic","Relic","Relic","Card","Potion","Relic","Relic"],"build_version":"2020-12-13","purchased_purges":1,"victory":true,"max_hp_per_floor":[75,75,75,75,75,75,75,75,75,75,75,75,75,75,75,75,80,80,80,80,80,80,80,80,80,80,80,80,80,80,80,80,80,80,80,80,80,86,86,86,86,86,86,86,86,86,86,86,86,86],"card_choices":[{"not_picked":["Redo","Coolheaded"],"picked":"Streamline","floor":0.0},{"not_picked":["Redo","Compile Driver"],"picked":"BasicCrystalCard","floor":0.0},{"not_picked":["Beam Cell","Rebound"],"picked":"Stack","floor":0.0},{"not_picked":["Redo","Compile Driver"],"picked":"BasicCrystalCard","floor":0.0},{"not_picked":["Cold Snap","Coolheaded"],"picked":"Streamline","floor":0.0},{"not_picked":["BasicCrystalCard","Compile Driver"],"picked":"Stack","floor":0.0},{"not_picked":["BasicCrystalCard","Turbo"],"picked":"Loop","floor":0.0},{"not_picked":["Reinforced Body","Beam Cell"],"picked":"Cold Snap","floor":0.0},{"not_picked":["Go for the Eyes","Rip and Tear"],"picked":"Coolheaded","floor":0.0},{"not_picked":["Hello World","Redo"],"picked":"FIFO Queue","floor":0.0},{"not_picked":["Streamline","Stack"],"picked":"Self Repair","floor":0.0},{"not_picked":["ReplaySolidLightProjector","Compile Driver"],"picked":"Chill","floor":0.0},{"not_picked":["Lockon","Cold Snap"],"picked":"ReplaySort","floor":0.0},{"not_picked":["Hologram","Cold Snap"],"picked":"Sweeping Beam","floor":0.0},{"not_picked":["BootSequence","Redo"],"picked":"Ball Lightning","floor":0.0},{"not_picked":["Core Surge","Seek"],"picked":"Thunder Strike","floor":6.0},{"not_picked":["ReplayRNGCard","Hyperbeam"],"picked":"Rainbow","floor":8.0},{"not_picked":["Thunder Strike","Echo Form"],"picked":"Creative AI","floor":10.0},{"not_picked":["Steam","Stack"],"picked":"ReplayTheSpireMod:System Scan","floor":11.0},{"not_picked":["Undo","Doom and Gloom"],"picked":"Sunder","floor":11.0},{"not_picked":["Compile Driver","Coolheaded"],"picked":"Gash","floor":11.0},{"not_picked":["Rebound","Streamline"],"picked":"Panic Button","floor":11.0},{"not_picked":["Tempest","Sweeping Beam"],"picked":"Conserve Battery","floor":11.0},{"not_picked":["ReplayTheSpireMod:Fabricate Wheel","Creative AI","Reboot"],"picked":"SKIP","floor":12.0},{"not_picked":["Fission","Rainbow"],"picked":"Electrodynamics","floor":16.0},{"not_picked":["Rainbow","Core Surge+1","Reboot"],"picked":"SKIP","floor":24.0},{"not_picked":["Seek","ReplayTheSpireMod:Fabricate Wheel"],"picked":"ReplayRNGCard","floor":27},{"not_picked":["Fission","Amplify","Electrodynamics"],"picked":"SKIP","floor":31},{"not_picked":["ReplayTheSpireMod:Omega Cannon+1","Rainbow","Reboot"],"picked":"Buffer","floor":39},{"not_picked":["All For One+1","Electrodynamics","ReplayTheSpireMod:Omega Cannon+1"],"picked":"Reboot","floor":42}],"player_experience":50670,"relics_obtained":[{"floor":1.0,"key":"Replay:Bottled Flurry"},{"floor":3.0,"key":"Smiling Mask"},{"floor":6.0,"key":"Replay:Kaleidoscope"},{"floor":8.0,"key":"StoneCalendar"},{"floor":9.0,"key":"Replay:WaspNest"},{"floor":10.0,"key":"FossilizedHelix"},{"floor":12.0,"key":"Molten Egg 2"},{"floor":14.0,"key":"Nunchaku"},{"floor":18.0,"key":"Blue Candle"},{"floor":21.0,"key":"ReplayTheSpireMod:Shallot"},{"floor":22.0,"key":"Nilry\u0027s Codex"},{"floor":24.0,"key":"Ginger"},{"floor":25,"key":"Bronze Scales"},{"floor":26,"key":"Du-Vu Doll"},{"floor":27,"key":"Boot"},{"floor":31,"key":"Replay:Accelerometer"},{"floor":35,"key":"Darkstone Periapt"},{"floor":37,"key":"Meat on the Bone"},{"floor":39,"key":"Blue Doll"},{"floor":42,"key":"Happy Flower"},{"floor":43,"key":"Letter Opener"},{"floor":48,"key":"CaptainsWheel"}],"event_choices":[{"damage_healed":0.0,"max_hp_gain":0.0,"max_hp_loss":0.0,"gold_gain":80.0,"event_name":"Golden Wing","player_choice":"Gained Gold","floor":5.0,"gold_loss":0.0,"damage_taken":0.0},{"damage_healed":0.0,"max_hp_gain":0.0,"max_hp_loss":0.0,"gold_gain":0.0,"event_name":"Cursed Tome","player_choice":"Obtained Book","floor":22.0,"gold_loss":0.0,"damage_taken":16.0},{"damage_healed":0,"gold_gain":0,"player_choice":"Rummage","damage_taken":0,"relics_obtained":["WarpedTongs"],"max_hp_gain":0,"max_hp_loss":0,"event_name":"Accursed Blacksmith","floor":38,"gold_loss":0,"cards_obtained":["Pain"]}],"is_beta":false,"boss_relics":[{"not_picked":["Replay:Drink Me","Black Star"],"picked":"Tiny House"},{"not_picked":["Snecko Heart","Fusion Hammer"],"picked":"Honey Jar"}],"items_purged_floors":[45],"is_endless":false,"potions_floor_spawned":[6,8,10,12,14,16,18,27,31,37,39],"ascension_level":0}}