{"host":"00tqcjwpycel7e54","time":1608606868,"event":{"mods":["ATMod(阿瑾Mod)","BaseMod","Displayed Cursed Tome","Downfall","Hermit","KomeijiMod","Luminous","Marisa（F雨　魔理沙）","Minty Spire (QoL Compilation)","Remilia（蕾米莉亚）","Replay The Spire","Robot Space Explorer","Shop Mod","Spicy Shops","StSLib","The Administrix","The Bug Knight","The Cursed","The Dragon Tamer","The Gatherer","The Hierophant","The Runesmith","The Senshi","The Servant 0.9.4","WarShipGirlsR/战舰少女R mod","Youmu（魂魄妖梦）","Yuyuko","【东方二次创作】八云紫mod","【遗物卡牌】REMEMod"],"gold_per_floor":[117,202,202,127,127,127,156,156,182,211,227,143,143,173,173,250,250,270,570,581,631,643,669,669,669,669],"floor_reached":25,"playtime":1440,"items_purged":["Strike_G"],"score":589,"play_id":"c59a8afb-e67e-4dbd-bb38-2579e5e0d43f","local_time":"20201222111428","is_ascension_mode":true,"campfire_choices":[{"data":"Neutralize","floor":6.0,"key":"SMITH"},{"data":"Deadly Poison","floor":8.0,"key":"SMITH"},{"data":"ReplayTheSpireMod:Necrosis","floor":13.0,"key":"SMITH"},{"floor":24,"key":"REST"}],"circlet_count":0,"master_deck":["AscendersBane","Strike_G","Strike_G","Strike_G","Strike_G","Defend_G","Defend_G","Defend_G","Defend_G","Defend_G","Survivor","Neutralize+1","AT_EssenceShift","Dagger Throw","Deadly Poison+1","Bouncing Flask+1","REME_ShadowStrike","ReplayTheSpireMod:Necrosis","Noxious Fumes+1","ReplayTheSpireMod:Necrosis+1","Backflip","Adrenaline","Draining Mist","Greed_TH","Poisoned Stab"],"relics":["Ring of the Snake","AT_ATBox","REME_ComplimentaryCards","NeowsBlessing","PreservedInsect","Toy Ornithopter","Happy Flower","AT_TimeSand","DollysMirror","Kunai","Black Star","The Courier","Shuriken"],"acts_visited":["Exordium","TheCity"],"potions_floor_usage":[22],"damage_taken":[{"damage":0.0,"enemies":"Cultist","floor":1.0,"turns":1.0},{"damage":0.0,"enemies":"Gremlin Nob","floor":7.0,"turns":1.0},{"damage":0.0,"enemies":"3 Sentries","floor":10.0,"turns":1.0},{"damage":4.0,"enemies":"Jaw Worm","floor":11.0,"turns":3.0},{"damage":27.0,"enemies":"Lagavulin","floor":14.0,"turns":6.0},{"damage":30.0,"enemies":"Fading Forest","floor":16.0,"turns":11.0},{"damage":0.0,"enemies":"Spheric Guardian","floor":18.0,"turns":3.0},{"damage":26.0,"enemies":"Chosen and Byrds","floor":20.0,"turns":6.0},{"damage":36,"enemies":"Snake Plant","floor":22,"turns":4},{"damage":0,"enemies":"Replay:Snechameleon","floor":23,"turns":4},{"damage":24,"enemies":"Slavers","floor":25,"turns":2}],"seed_played":"-5822367959980964502","potions_obtained":[{"floor":1.0,"key":"ColorlessPotion"},{"floor":11.0,"key":"ColorlessPotion"},{"floor":16.0,"key":"Explosive Potion"}],"is_trial":false,"path_per_floor":["M","?","?","$","?","R","E","R","T","E","M","$","R","E","R","B",null,"M","?","M","?","M","E","R","E"],"character_chosen":"THE_SILENT","items_purchased":["DollysMirror"],"campfire_rested":1,"item_purchase_floors":[12],"current_hp_per_floor":[59,59,59,59,59,59,59,59,59,59,55,55,55,28,47,30,57,57,57,31,26,10,10,29,5,5],"gold":669,"neow_bonus":"THREE_ENEMY_KILL","is_daily":false,"chose_seed":false,"campfire_upgraded":3,"win_rate":0.0,"timestamp":1608606868,"path_taken":["M","?","?","$","?","R","E","R","T","E","M","$","R","E","R","BOSS","M","?","M","?","M","E","R","E"],"items_purchased_type":["Relic"],"build_version":"2020-12-13","purchased_purges":1,"victory":false,"max_hp_per_floor":[66,66,66,66,66,66,66,66,66,66,66,66,66,66,66,66,66,66,66,66,66,66,66,66,66,66],"card_choices":[{"not_picked":["AT_KneejerkReflex","Dodge and Roll"],"picked":"Dagger Throw","floor":1.0},{"not_picked":["Fluid Movement","Backflip"],"picked":"Deadly Poison","floor":2.0},{"not_picked":["Acrobatics","Dagger Throw"],"picked":"Bouncing Flask","floor":2.0},{"not_picked":["Hidden Blade","Underhanded Strike"],"picked":"REME_ShadowStrike","floor":7.0},{"not_picked":["Bane","Dodge and Roll"],"picked":"ReplayTheSpireMod:Necrosis","floor":10.0},{"not_picked":["Flechettes","Acrobatics"],"picked":"Noxious Fumes","floor":11.0},{"not_picked":["Dagger Throw","Masterful Stab"],"picked":"Backflip","floor":14.0},{"not_picked":["Wraith Form v2","Night Terror"],"picked":"Adrenaline","floor":16.0},{"not_picked":["Underhanded Strike","Blade Dance+1"],"picked":"Draining Mist","floor":18.0},{"not_picked":["ReplayTheSpireMod:Scrap Shanks","Deflect"],"picked":"Poisoned Stab","floor":20.0},{"not_picked":["Deflect","Expertise","Dagger Spray+1"],"picked":"SKIP","floor":22},{"not_picked":["ReplayTheSpireMod:The Works","Replay:Poison Smokescreen","Endless Agony"],"picked":"SKIP","floor":23}],"player_experience":679277,"relics_obtained":[{"floor":2.0,"key":"PreservedInsect"},{"floor":7.0,"key":"Toy Ornithopter"},{"floor":9.0,"key":"Happy Flower"},{"floor":10.0,"key":"AT_TimeSand"},{"floor":14.0,"key":"Kunai"},{"floor":23,"key":"The Courier"},{"floor":23,"key":"Shuriken"}],"event_choices":[{"damage_healed":0.0,"max_hp_gain":0.0,"max_hp_loss":0.0,"gold_gain":0.0,"event_name":"Living Wall","player_choice":"Grow","floor":5.0,"gold_loss":0.0,"damage_taken":0.0,"cards_upgraded":["Bouncing Flask"]},{"damage_healed":0,"gold_gain":100,"player_choice":"Bet on Murderer","damage_taken":0,"max_hp_gain":0,"max_hp_loss":0,"event_name":"The Joust","floor":21,"gold_loss":50}],"is_beta":false,"boss_relics":[{"not_picked":["Snecko Scales","REME_DuelDisc"],"picked":"Black Star"}],"items_purged_floors":[4],"is_endless":false,"potions_floor_spawned":[1,11,16],"killed_by":"Slavers","ascension_level":18}}