{"host":"qxeepl7ydvsgmfdb","time":1608654504,"event":{"mods":["AchievementEnabler","BaseMod","Colored Powertips","Minty Spire (QoL Compilation)","Quick Restart","slay the spire mod where everything is the same but ironclad has a cowboy hat"],"gold_per_floor":[110,136,155,12,29,29,49,49,49,11,11,29,29,62,62,191,191,206,296,309,334,355,355,355,368,368,368,282,282,177,101,101,231,231,249,269,269,269,287,287,302,402,455,499,522,522,547,355,355,355,355],"floor_reached":50,"playtime":2340,"items_purged":["Injury","Strike_G","Parasite"],"score":589,"play_id":"d58b537f-3438-4534-b135-6270bd0b3983","local_time":"20201222112824","is_ascension_mode":true,"campfire_choices":[{"data":"A Thousand Cuts","floor":6,"key":"SMITH"},{"data":"Blade Dance","floor":11,"key":"SMITH"},{"floor":15,"key":"REST"},{"floor":23,"key":"REST"},{"floor":27,"key":"REST"},{"floor":29,"key":"REST"},{"data":"Accuracy","floor":32,"key":"SMITH"},{"data":"Envenom","floor":40,"key":"SMITH"},{"floor":46,"key":"REST"},{"floor":49,"key":"REST"}],"circlet_count":0,"master_deck":["Strike_G","Strike_G","Strike_G","Strike_G","Defend_G+1","Defend_G","Defend_G+1","Defend_G","Defend_G","Survivor","Neutralize","Blade Dance+1","A Thousand Cuts+1","Cloak And Dagger","Venomology+1","Deadly Poison+1","Cloak And Dagger+1","Accuracy+1","Slice","Blade Dance","Envenom+1","Cloak And Dagger+1","Backstab+1","Slice+1"],"relics":["Ring of the Snake","Blood Vial","Nunchaku","Membership Card","Odd Mushroom","Golden Idol","Snake Skull","Blue Candle","Centennial Puzzle","WristBlade","Toy Ornithopter","Lee\u0027s Waffle","SacredBark","Art of War","War Paint","Mercury Hourglass"],"acts_visited":["Exordium","TheCity","TheBeyond"],"potions_floor_usage":[7,7,14,21,21,22,22,25,31,33,35,36,39,39,41,44,44,44,44,45,50,50,50,50],"damage_taken":[{"damage":9,"enemies":"Cultist","floor":1,"turns":5},{"damage":1,"enemies":"Small Slimes","floor":3,"turns":4},{"damage":0,"enemies":"Jaw Worm","floor":5,"turns":3},{"damage":10,"enemies":"The Mushroom Lair","floor":7,"turns":5},{"damage":2,"enemies":"3 Louse","floor":12,"turns":2},{"damage":19,"enemies":"Gremlin Nob","floor":14,"turns":4},{"damage":52,"enemies":"The Guardian","floor":16,"turns":15},{"damage":31,"enemies":"Shell Parasite","floor":18,"turns":7},{"damage":4,"enemies":"Chosen","floor":20,"turns":3},{"damage":8,"enemies":"Snecko","floor":21,"turns":3},{"damage":3,"enemies":"Centurion and Healer","floor":22,"turns":5},{"damage":22,"enemies":"Sentry and Sphere","floor":25,"turns":4},{"damage":55,"enemies":"Champ","floor":33,"turns":8},{"damage":0,"enemies":"Orb Walker","floor":35,"turns":1},{"damage":8,"enemies":"3 Shapes","floor":36,"turns":4},{"damage":18,"enemies":"Maw","floor":39,"turns":5},{"damage":4,"enemies":"Writhing Mass","floor":41,"turns":5},{"damage":43,"enemies":"Reptomancer","floor":44,"turns":4},{"damage":12,"enemies":"3 Darklings","floor":45,"turns":4},{"damage":4,"enemies":"Jaw Worm Horde","floor":47,"turns":4},{"damage":90,"enemies":"Time Eater","floor":50,"turns":10}],"seed_played":"-6115741485346261763","potions_obtained":[{"floor":3,"key":"BlessingOfTheForge"},{"floor":5,"key":"Energy Potion"},{"floor":7,"key":"Weak Potion"},{"floor":21,"key":"FearPotion"},{"floor":25,"key":"SneckoOil"},{"floor":33,"key":"Swift Potion"},{"floor":35,"key":"SteroidPotion"},{"floor":39,"key":"SkillPotion"},{"floor":44,"key":"Dexterity Potion"},{"floor":47,"key":"Weak Potion"}],"is_trial":false,"path_per_floor":["M","T","M","$","M","R","?","?","T","$","R","M","T","E","R","B",null,"M","?","M","M","M","R","?","M","T","R","$","R","$","$","R","B",null,"M","M","?","?","M","R","M","?","T","E","M","R","M","$","R","B"],"character_chosen":"THE_SILENT","items_purchased":["Membership Card","Accuracy","Lee\u0027s Waffle","Slice","Blade Dance","Fruit Juice","Mercury Hourglass"],"campfire_rested":6,"item_purchase_floors":[4,28,30,30,31,31,48],"current_hp_per_floor":[61,61,62,62,64,64,56,56,56,56,56,56,56,39,60,10,70,39,21,19,13,12,33,33,13,13,34,34,55,77,82,82,32,82,82,74,74,82,64,64,67,67,67,45,40,64,62,62,79,0,0],"gold":355,"neow_bonus":"RANDOM_COMMON_RELIC","is_daily":false,"chose_seed":false,"campfire_upgraded":4,"win_rate":0.0,"timestamp":1608654504,"path_taken":["M","?","?","$","M","R","?","?","T","$","R","M","?","E","R","BOSS","M","?","?","M","M","R","?","?","T","R","$","R","?","$","R","BOSS","M","M","?","?","?","R","?","?","T","E","M","R","M","$","R","BOSS"],"items_purchased_type":["Relic","Card","Relic","Card","Card","Potion","Relic"],"build_version":"2020-12-13","purchased_purges":3,"victory":false,"max_hp_per_floor":[70,70,70,70,70,70,70,70,70,70,70,70,70,70,70,70,70,70,70,70,70,70,70,70,70,70,70,70,70,77,82,82,82,82,82,82,82,82,82,82,82,82,82,82,82,82,82,79,79,79,79],"card_choices":[{"not_picked":["Outmaneuver","Backflip"],"picked":"Bane","floor":1},{"not_picked":["Dodge and Roll","Predator"],"picked":"Blade Dance","floor":3},{"not_picked":["Dagger Throw","Sucker Punch"],"picked":"A Thousand Cuts","floor":5},{"not_picked":["Bane","Dodge and Roll"],"picked":"Cloak And Dagger","floor":12},{"not_picked":["Footwork","Backflip","Dodge and Roll"],"picked":"SKIP","floor":14},{"not_picked":["Die Die Die","A Thousand Cuts"],"picked":"Venomology","floor":16},{"not_picked":["Cloak And Dagger","Crippling Poison"],"picked":"Deadly Poison+1","floor":18},{"not_picked":["Quick Slash","Grand Finale"],"picked":"Cloak And Dagger+1","floor":20},{"not_picked":["Terror","Sucker Punch","Underhanded Strike+1"],"picked":"SKIP","floor":21},{"not_picked":["Poisoned Stab","Quick Slash","Dash"],"picked":"SKIP","floor":22},{"not_picked":["Flying Knee","Riddle With Holes","Cloak And Dagger"],"picked":"SKIP","floor":25},{"not_picked":["Doppelganger","Die Die Die"],"picked":"Envenom","floor":33},{"not_picked":["Underhanded Strike+1","Outmaneuver+1","Endless Agony"],"picked":"SKIP","floor":35},{"not_picked":["Deadly Poison","Deflect+1"],"picked":"Cloak And Dagger+1","floor":36},{"not_picked":["Bane","Poisoned Stab","Prepared+1"],"picked":"SKIP","floor":39},{"not_picked":["Eviscerate+1","Footwork","Underhanded Strike+1"],"picked":"SKIP","floor":41},{"not_picked":["Malaise","Dagger Spray"],"picked":"Backstab+1","floor":44},{"not_picked":["Prepared","Heel Hook","Dagger Spray"],"picked":"SKIP","floor":45},{"not_picked":["All Out Attack","Phantasmal Killer"],"picked":"Slice+1","floor":47}],"player_experience":307707,"relics_obtained":[{"floor":2,"key":"Nunchaku"},{"floor":7,"key":"Odd Mushroom"},{"floor":9,"key":"Snake Skull"},{"floor":13,"key":"Blue Candle"},{"floor":14,"key":"Centennial Puzzle"},{"floor":26,"key":"Toy Ornithopter"},{"floor":43,"key":"Art of War"},{"floor":44,"key":"War Paint"}],"event_choices":[{"damage_healed":0,"gold_gain":0,"player_choice":"Fought Mushrooms","damage_taken":0,"max_hp_gain":0,"max_hp_loss":0,"event_name":"Mushrooms","floor":7,"gold_loss":0},{"damage_healed":0,"gold_gain":0,"player_choice":"Take Wound","damage_taken":0,"relics_obtained":["Golden Idol"],"max_hp_gain":0,"max_hp_loss":0,"event_name":"Golden Idol","floor":8,"gold_loss":0,"cards_obtained":["Injury"]},{"damage_healed":0,"gold_gain":90,"player_choice":"POTION GOLD ","damage_taken":18,"max_hp_gain":0,"max_hp_loss":0,"event_name":"Knowing Skull","floor":19,"potions_obtained":["LiquidBronze"],"gold_loss":0,"cards_obtained":[]},{"damage_healed":0,"gold_gain":0,"player_choice":"Forge","damage_taken":0,"max_hp_gain":0,"max_hp_loss":0,"event_name":"Accursed Blacksmith","floor":24,"gold_loss":0,"cards_upgraded":["Venomology"]},{"cards_removed":["Bane"],"damage_healed":0,"gold_gain":0,"player_choice":"Removed Attack","damage_taken":0,"max_hp_gain":0,"max_hp_loss":0,"event_name":"Falling","floor":37,"gold_loss":0},{"damage_healed":8,"gold_gain":0,"player_choice":"Full Heal","damage_taken":0,"max_hp_gain":0,"max_hp_loss":0,"event_name":"Wheel of Change","floor":38,"gold_loss":0},{"damage_healed":0,"gold_gain":100,"player_choice":"Pray","damage_taken":0,"max_hp_gain":0,"max_hp_loss":0,"event_name":"Golden Shrine","floor":42,"gold_loss":0}],"is_beta":false,"boss_relics":[{"not_picked":["Pandora\u0027s Box","Cursed Key"],"picked":"WristBlade"},{"not_picked":["Runic Dome","HoveringKite"],"picked":"SacredBark"}],"items_purged_floors":[10,28,48],"is_endless":false,"potions_floor_spawned":[3,5,7,21,25,33,35,39,44,47],"killed_by":"Time Eater","ascension_level":4}}