{"host":"3ek78t4i81ecmdy1","time":1608601874,"event":{"mods":["2.2 Compatiblity","AchievementEnabler","BaseMod","Colored Map","DeckTracker","Filter the Spire","Keyboard Shortcuts","Minty Spire (QoL Compilation)","Permanent Neow","Quick Restart","SuperFastMode","everything is the same but u backflip on backflip"],"gold_per_floor":[151,226,257,257,289,317,356,398,423,46,79,92,11,27,27,27,27],"floor_reached":16,"playtime":519,"items_purged":["Defend_R"],"score":104,"play_id":"082e3872-d6a3-489d-9939-e535d39dc727","local_time":"20201222105114","is_ascension_mode":false,"campfire_choices":[{"floor":15,"key":"REST"}],"circlet_count":0,"master_deck":["Strike_R","Strike_R","Strike_R","Strike_R","Defend_R","Defend_R","Defend_R","Bash","HandOfGreed","Infernal Blade","Armaments","Seeing Red","True Grit","Shockwave","Barricade","Entrench","Disarm"],"relics":["Burning Blood","Centennial Puzzle","Odd Mushroom","Bag of Marbles","ClockworkSouvenir"],"acts_visited":["Exordium"],"potions_floor_usage":[6,8,8],"damage_taken":[{"damage":0,"enemies":"Small Slimes","floor":1,"turns":3},{"damage":0,"enemies":"Cultist","floor":3,"turns":3},{"damage":1,"enemies":"Jaw Worm","floor":5,"turns":2},{"damage":30,"enemies":"Gremlin Nob","floor":6,"turns":5},{"damage":19,"enemies":"Exordium Thugs","floor":7,"turns":6},{"damage":16,"enemies":"The Mushroom Lair","floor":8,"turns":4},{"damage":0,"enemies":"Large Slime","floor":11,"turns":5},{"damage":7,"enemies":"Looter","floor":12,"turns":3},{"damage":7,"enemies":"Blue Slaver","floor":14,"turns":4},{"damage":39,"enemies":"The Guardian","floor":16,"turns":5}],"seed_played":"565155501830263751","potions_obtained":[{"floor":1,"key":"PowerPotion"},{"floor":5,"key":"Weak Potion"},{"floor":6,"key":"Explosive Potion"},{"floor":11,"key":"ElixirPotion"}],"is_trial":false,"path_per_floor":["M","?","M","?","M","E","M","?","T","$","M","M","$","M","R","B"],"character_chosen":"IRONCLAD","items_purchased":["Bag of Marbles","ClockworkSouvenir","Entrench"],"campfire_rested":1,"item_purchase_floors":[10,10,13],"current_hp_per_floor":[62,54,60,53,58,34,21,11,11,11,17,16,16,15,39,0,0],"gold":27,"neow_bonus":"RANDOM_COLORLESS_2","is_daily":false,"chose_seed":false,"campfire_upgraded":0,"win_rate":0.0,"timestamp":1608601874,"path_taken":["M","?","?","?","M","E","M","?","T","$","M","M","?","?","R","BOSS"],"items_purchased_type":["Relic","Relic","Card"],"build_version":"2020-12-13","purchased_purges":1,"victory":false,"max_hp_per_floor":[80,80,80,80,80,80,80,80,80,80,80,80,80,80,80,80,80],"card_choices":[{"not_picked":["Transmutation","Metamorphosis"],"picked":"HandOfGreed","floor":0},{"not_picked":["Carnage","Seeing Red"],"picked":"Infernal Blade","floor":1},{"not_picked":["Clothesline","Twin Strike"],"picked":"Armaments","floor":3},{"not_picked":["Thunderclap","Body Slam"],"picked":"Seeing Red","floor":5},{"not_picked":["Dropkick","Searing Blow"],"picked":"True Grit","floor":6},{"not_picked":["Reckless Charge","Evolve","Perfected Strike"],"picked":"SKIP","floor":7},{"not_picked":["Cleave","Armaments"],"picked":"Shockwave","floor":8},{"not_picked":["Perfected Strike","Clothesline"],"picked":"Barricade","floor":11},{"not_picked":["Headbutt","Pommel Strike","Clash"],"picked":"SKIP","floor":12},{"not_picked":["Anger","Rage"],"picked":"Disarm","floor":14}],"player_experience":18243,"relics_obtained":[{"floor":6,"key":"Centennial Puzzle"},{"floor":8,"key":"Odd Mushroom"}],"event_choices":[{"damage_healed":0,"gold_gain":75,"player_choice":"Touch","damage_taken":8,"max_hp_gain":0,"max_hp_loss":0,"event_name":"FaceTrader","floor":2,"gold_loss":0},{"cards_removed":["Strike_R"],"damage_healed":0,"gold_gain":0,"player_choice":"Card Removal","damage_taken":7,"max_hp_gain":0,"max_hp_loss":0,"event_name":"Golden Wing","floor":4,"gold_loss":0},{"damage_healed":0,"gold_gain":0,"player_choice":"Fought Mushrooms","damage_taken":0,"max_hp_gain":0,"max_hp_loss":0,"event_name":"Mushrooms","floor":8,"gold_loss":0}],"is_beta":false,"boss_relics":[],"items_purged_floors":[10],"is_endless":false,"potions_floor_spawned":[1,5,6,11],"killed_by":"The Guardian","ascension_level":0}}