{"host":"0cgp910o8339lr91","time":1608634555,"event":{"mods":["BaseMod","Colored Map","Filter the Spire","Minty Spire (QoL Compilation)","Relic Stats","Slay-I","ojb\u0027s Better Paths Mod","ojb\u0027s Info Mod"],"gold_per_floor":[117,117,135,145,160,190,190,206,232,267,442,442,461,80,80,183,183,201,201,218,218,233,233,264,264,264,294,40,40,71,83,95,204,216,248,271,283,306,84,418,107,107,107,142,153,182,200,210,210,210,210,210,13,44,44],"floor_reached":56,"playtime":6085,"items_purged":["Pain","Strike_B","Doubt"],"score":1562,"play_id":"185ca461-951c-4708-a1e9-6779fee88d85","local_time":"20201222115555","is_ascension_mode":false,"campfire_choices":[{"data":"Beam Cell","floor":7.0,"key":"SMITH"},{"data":"Defragment","floor":12.0,"key":"SMITH"},{"floor":15.0,"key":"DIG"},{"floor":23.0,"key":"DIG"},{"floor":25.0,"key":"DIG"},{"floor":29.0,"key":"DIG"},{"floor":32.0,"key":"DIG"},{"floor":42.0,"key":"DIG"},{"floor":49.0,"key":"RECALL"},{"floor":52.0,"key":"DIG"}],"circlet_count":0,"master_deck":["Zap","Dualcast","Beam Cell+1","FTL","Recycle","Hologram","Gash","Defragment+1","Coolheaded","Coolheaded","Seek","Self Repair+1","Seek","Blizzard+1","Defragment","Skim","Seek","Capacitor","Hologram+1","White Noise","Barrage","Barrage","Darkness","Steam Power","Steam Power","Undo+1","Gash+1","Chill+1","Secret Technique","Dark Shackles","Dramatic Entrance","Skim+1","Defragment","Hologram","Hologram+1","Capacitor","Defragment+1","Recycle","Hologram","Coolheaded+1","Hologram+1","Go for the Eyes+1","Apotheosis"],"relics":["Coffee Dripper","WarpedTongs","FossilizedHelix","Centennial Puzzle","DataDisk","Shovel","Vajra","Black Star","Prayer Wheel","Juzu Bracelet","Shuriken","Toy Ornithopter","Bottled Flame","Bronze Scales","Lizard Tail","Medical Kit","MawBank","Enchiridion","Letter Opener","Pandora\u0027s Box","ClockworkSouvenir","Ornamental Fan","Old Coin","OrangePellets","Bag of Marbles","Ancient Tea Set","Art of War","Pen Nib","Anchor","Sundial","White Beast Statue","Blood Vial"],"acts_visited":["Exordium","TheCity","TheBeyond","TheEnding"],"potions_floor_usage":[],"damage_taken":[{"damage":0.0,"enemies":"Cultist","floor":1.0,"turns":4.0},{"damage":4.0,"enemies":"2 Louse","floor":3.0,"turns":2.0},{"damage":3.0,"enemies":"Jaw Worm","floor":4.0,"turns":4.0},{"damage":7.0,"enemies":"Lots of Slimes","floor":5.0,"turns":4.0},{"damage":43.0,"enemies":"3 Sentries","floor":6.0,"turns":8.0},{"damage":2.0,"enemies":"Looter","floor":8.0,"turns":3.0},{"damage":1.0,"enemies":"Lagavulin","floor":10.0,"turns":7.0},{"damage":0.0,"enemies":"3 Louse","floor":13.0,"turns":4.0},{"damage":0.0,"enemies":"Slime Boss","floor":16.0,"turns":8.0},{"damage":0.0,"enemies":"Spheric Guardian","floor":18.0,"turns":4.0},{"damage":0.0,"enemies":"Shell Parasite","floor":20.0,"turns":7.0},{"damage":7.0,"enemies":"Snake Plant","floor":22.0,"turns":7.0},{"damage":17.0,"enemies":"Slavers","floor":24.0,"turns":6.0},{"damage":7.0,"enemies":"Book of Stabbing","floor":27.0,"turns":5.0},{"damage":1.0,"enemies":"Centurion and Healer","floor":30.0,"turns":6.0},{"damage":2.0,"enemies":"Collector","floor":33.0,"turns":11.0},{"damage":12.0,"enemies":"3 Shapes","floor":35.0,"turns":3.0},{"damage":0.0,"enemies":"Orb Walker","floor":36.0,"turns":5.0},{"damage":0.0,"enemies":"Maw","floor":38.0,"turns":6.0},{"damage":0.0,"enemies":"Nemesis","floor":40.0,"turns":5.0},{"damage":0.0,"enemies":"Giant Head","floor":44.0,"turns":7.0},{"damage":0.0,"enemies":"Jaw Worm Horde","floor":45.0,"turns":3.0},{"damage":0.0,"enemies":"Nemesis","floor":46.0,"turns":9.0},{"damage":32.0,"enemies":"Sphere and 2 Shapes","floor":47.0,"turns":4.0},{"damage":0.0,"enemies":"4 Shapes","floor":48.0,"turns":1.0},{"damage":0.0,"enemies":"Time Eater","floor":50.0,"turns":11.0},{"damage":19.0,"enemies":"Shield and Spear","floor":54.0,"turns":5.0},{"damage":18,"enemies":"The Heart","floor":55,"turns":11}],"seed_played":"-5593285568590680511","potions_obtained":[{"floor":1.0,"key":"FearPotion"},{"floor":6.0,"key":"Weak Potion"},{"floor":10.0,"key":"SpeedPotion"},{"floor":16.0,"key":"LiquidMemories"},{"floor":20.0,"key":"Swift Potion"},{"floor":24.0,"key":"Fire Potion"},{"floor":27.0,"key":"Strength Potion"},{"floor":30.0,"key":"SteroidPotion"},{"floor":44.0,"key":"BlessingOfTheForge"},{"floor":48.0,"key":"CultistPotion"}],"is_trial":false,"path_per_floor":["M","?","M","M","M","E","R","M","T","E","?","R","M","$","R","B",null,"M","?","M","?","M","R","E","R","T","E","$","R","M","?","R","B",null,"M","M","?","M","$","E","$","R","T","E","M","E","M","M","R","B",null,"R","$","E","B",null],"character_chosen":"DEFECT","items_purchased":["Shovel","Medical Kit","ClockworkSouvenir","Defragment","Hologram","OrangePellets","Capacitor","Apotheosis"],"campfire_rested":0,"item_purchase_floors":[14,28,39,39,39,41,41,53],"current_hp_per_floor":[75,75,71,68,61,18,18,16,16,15,15,15,15,15,15,15,75,75,75,75,75,75,75,68,68,68,61,61,61,70,54,54,62,75,73,75,65,75,75,75,75,75,75,75,75,75,53,53,53,68,75,75,75,66,60],"gold":44,"neow_bonus":"BOSS_RELIC","is_daily":false,"chose_seed":false,"campfire_upgraded":2,"win_rate":0.0,"timestamp":1608634555,"path_taken":["M","?","?","M","M","E","R","?","T","E","?","R","M","$","R","BOSS","M","?","?","?","M","R","E","R","T","E","$","R","M","?","R","BOSS","M","M","?","M","$","E","$","R","T","E","M","E","M","M","R","BOSS","R","$","E","BOSS"],"items_purchased_type":["Relic","Relic","Relic","Card","Card","Relic","Card","Card"],"build_version":"2020-12-13","purchased_purges":3,"victory":true,"max_hp_per_floor":[75,75,75,75,75,75,75,75,75,75,75,75,75,75,75,75,75,75,75,75,75,75,75,75,75,75,75,75,75,75,75,75,75,75,75,75,75,75,75,75,75,75,75,75,75,75,75,75,75,75,75,75,75,75,75],"relic_stats":{"counters":[28,160],"Pen Nib":[5],"Juzu Bracelet":0,"Letter Opener":[461],"Medical Kit":[41],"MawBank":120,"WarpedTongs":[142],"Blood Vial":2,"OrangePellets":[5],"Centennial Puzzle":[30],"Lizard Tail":0,"Shovel":7,"Shuriken":[30],"Ornamental Fan":[64],"Sundial":[2],"Bronze Scales":[310],"Prayer Wheel":7,"Pandora\u0027s Box":["White Noise","Barrage","Barrage","Darkness","Steam Power","Steam Power"],"Black Star":6,"Art of War":[12],"obtain_stats":[{"Vajra":15,"Enchiridion":31,"Juzu Bracelet":24,"Ancient Tea Set":44,"ClockworkSouvenir":39,"Old Coin":40,"Blood Vial":54,"Centennial Puzzle":9,"Lizard Tail":27,"Shovel":14,"Sundial":52,"Prayer Wheel":23,"Cracked Core":0,"Pen Nib":46,"Letter Opener":32,"Medical Kit":28,"MawBank":29,"White Beast Statue":54,"WarpedTongs":2,"OrangePellets":41,"DataDisk":10,"Bottled Flame":26,"Anchor":46,"Shuriken":24,"Ornamental Fan":40,"Bronze Scales":27,"Pandora\u0027s Box":34,"Coffee Dripper":0,"Black Star":17,"Bag of Marbles":42,"Art of War":44,"FossilizedHelix":6,"Toy Ornithopter":25},{"Vajra":8,"Enchiridion":15,"Juzu Bracelet":13,"Ancient Tea Set":21,"ClockworkSouvenir":19,"Old Coin":20,"Blood Vial":27,"Centennial Puzzle":6,"Lizard Tail":14,"Shovel":8,"Sundial":26,"Prayer Wheel":12,"Cracked Core":0,"Pen Nib":23,"Letter Opener":15,"Medical Kit":14,"MawBank":14,"White Beast Statue":27,"WarpedTongs":1,"OrangePellets":20,"DataDisk":7,"Bottled Flame":13,"Anchor":23,"Shuriken":13,"Ornamental Fan":20,"Bronze Scales":14,"Pandora\u0027s Box":16,"Coffee Dripper":0,"Black Star":9,"Bag of Marbles":20,"Art of War":21,"FossilizedHelix":5,"Toy Ornithopter":13},{"Vajra":36,"Enchiridion":79,"Juzu Bracelet":68,"Ancient Tea Set":116,"ClockworkSouvenir":104,"Old Coin":109,"Blood Vial":149,"Centennial Puzzle":25,"Lizard Tail":73,"Shovel":36,"Sundial":144,"Prayer Wheel":62,"Cracked Core":0,"Pen Nib":128,"Letter Opener":79,"Medical Kit":73,"MawBank":73,"White Beast Statue":149,"WarpedTongs":4,"OrangePellets":109,"DataDisk":32,"Bottled Flame":68,"Anchor":128,"Shuriken":68,"Ornamental Fan":109,"Bronze Scales":73,"Pandora\u0027s Box":90,"Coffee Dripper":0,"Black Star":44,"Bag of Marbles":109,"Art of War":116,"FossilizedHelix":22,"Toy Ornithopter":68}],"Toy Ornithopter":5},"card_choices":[{"not_picked":["Darkness","Coolheaded"],"picked":"Beam Cell","floor":1.0},{"not_picked":["Steam","Barrage"],"picked":"FTL","floor":3.0},{"not_picked":["Reboot","Steam"],"picked":"Recycle","floor":4.0},{"not_picked":["Melter","Fusion"],"picked":"Hologram","floor":5.0},{"not_picked":["Cold Snap","Reinforced Body"],"picked":"Gash","floor":6.0},{"not_picked":["Ball Lightning","Turbo"],"picked":"Defragment","floor":8.0},{"not_picked":["Barrage","Undo"],"picked":"Coolheaded","floor":10.0},{"not_picked":["Stack","Streamline"],"picked":"Coolheaded","floor":13.0},{"not_picked":["Biased Cognition","Hyperbeam"],"picked":"Seek","floor":16.0},{"not_picked":["Compile Driver","White Noise"],"picked":"Self Repair+1","floor":18.0},{"not_picked":["Auto Shields+1","Hello World+1"],"picked":"Blizzard+1","floor":20.0},{"not_picked":["Tempest","Blizzard+1"],"picked":"Skim","floor":22.0},{"not_picked":["Sweeping Beam","Redo+1"],"picked":"Seek","floor":24.0},{"not_picked":["Genetic Algorithm","Leap"],"picked":"Capacitor","floor":27.0},{"not_picked":["Leap","Rip and Tear"],"picked":"Hologram+1","floor":30.0},{"not_picked":["Leap","Stack","Turbo"],"picked":"SKIP","floor":30.0},{"not_picked":["Streamline+1","Turbo+1"],"picked":"Undo+1","floor":35.0},{"not_picked":["Consume","Conserve Battery"],"picked":"Gash+1","floor":35.0},{"not_picked":["Rebound","Streamline"],"picked":"Chill+1","floor":36.0},{"not_picked":["Self Repair+1","Thunder Strike","Ball Lightning"],"picked":"SKIP","floor":36.0},{"not_picked":["PanicButton","Discovery"],"picked":"Secret Technique","floor":37.0},{"not_picked":["Thinking Ahead","Chrysalis"],"picked":"Dark Shackles","floor":37.0},{"not_picked":["Forethought","Mind Blast"],"picked":"Dramatic Entrance","floor":37.0},{"not_picked":["Leap+1","White Noise+1"],"picked":"Skim+1","floor":38.0},{"not_picked":["Consume+1","Scrape+1","Leap+1"],"picked":"SKIP","floor":38.0},{"not_picked":["Redo+1","Ball Lightning"],"picked":"Hologram+1","floor":40.0},{"not_picked":["Electrodynamics","Genetic Algorithm+1"],"picked":"Defragment+1","floor":44.0},{"not_picked":["Turbo","Streamline"],"picked":"Recycle","floor":45.0},{"not_picked":["Steam Power","Ball Lightning"],"picked":"Hologram","floor":45.0},{"not_picked":["Rip and Tear","Steam+1"],"picked":"Coolheaded+1","floor":46.0},{"not_picked":["Ball Lightning","Fusion+1","Steam+1"],"picked":"SKIP","floor":47.0},{"not_picked":["Auto Shields","Beam Cell","Sweeping Beam+1"],"picked":"SKIP","floor":47.0},{"not_picked":["Redo+1","Self Repair+1"],"picked":"Hologram+1","floor":48.0},{"not_picked":["Darkness","Lockon"],"picked":"Go for the Eyes+1","floor":48.0},{"not_picked":["Rip and Tear","Ball Lightning","Hello World"],"picked":"SKIP","floor":54.0}],"player_experience":936416,"relics_obtained":[{"floor":6.0,"key":"FossilizedHelix"},{"floor":9.0,"key":"Centennial Puzzle"},{"floor":10.0,"key":"DataDisk"},{"floor":15.0,"key":"Vajra"},{"floor":23.0,"key":"Prayer Wheel"},{"floor":24.0,"key":"Juzu Bracelet"},{"floor":24.0,"key":"Shuriken"},{"floor":25.0,"key":"Toy Ornithopter"},{"floor":26.0,"key":"Bottled Flame"},{"floor":27.0,"key":"Bronze Scales"},{"floor":27.0,"key":"Lizard Tail"},{"floor":29.0,"key":"MawBank"},{"floor":31.0,"key":"Enchiridion"},{"floor":32.0,"key":"Letter Opener"},{"floor":40.0,"key":"Ornamental Fan"},{"floor":40.0,"key":"Old Coin"},{"floor":42.0,"key":"Bag of Marbles"},{"floor":44.0,"key":"Ancient Tea Set"},{"floor":44.0,"key":"Art of War"},{"floor":46.0,"key":"Pen Nib"},{"floor":46.0,"key":"Anchor"},{"floor":52.0,"key":"Sundial"},{"floor":54.0,"key":"White Beast Statue"},{"floor":54.0,"key":"Blood Vial"}],"event_choices":[{"damage_healed":0.0,"max_hp_gain":0.0,"max_hp_loss":0.0,"gold_gain":0.0,"event_name":"Accursed Blacksmith","player_choice":"Rummage","floor":2.0,"gold_loss":0.0,"damage_taken":0.0,"relics_obtained":["WarpedTongs"],"cards_obtained":["Pain"]},{"damage_healed":0.0,"max_hp_gain":0.0,"max_hp_loss":0.0,"gold_gain":175.0,"event_name":"Liars Game","player_choice":"AGREE","floor":11.0,"gold_loss":0.0,"damage_taken":0.0,"cards_obtained":["Doubt"]},{"damage_healed":0.0,"max_hp_gain":0.0,"max_hp_loss":0.0,"gold_gain":0.0,"cards_transformed":["Strike_B"],"event_name":"Transmorgrifier","player_choice":"Transformed","floor":19.0,"gold_loss":0.0,"damage_taken":0.0,"cards_obtained":["Seek"]},{"damage_healed":0.0,"max_hp_gain":0.0,"max_hp_loss":0.0,"gold_gain":0.0,"event_name":"The Library","player_choice":"Read","floor":21.0,"gold_loss":0.0,"damage_taken":0.0,"cards_obtained":["Defragment"]},{"damage_healed":0.0,"max_hp_gain":0.0,"max_hp_loss":0.0,"gold_gain":0.0,"event_name":"Cursed Tome","player_choice":"Obtained Book","floor":31.0,"gold_loss":0.0,"damage_taken":16.0},{"damage_healed":0.0,"max_hp_gain":0.0,"max_hp_loss":0.0,"gold_gain":0.0,"event_name":"SensoryStone","player_choice":"Memory 3","floor":37.0,"gold_loss":0.0,"damage_taken":10.0}],"is_beta":false,"boss_relics":[{"not_picked":["Astrolabe","Calling Bell"],"picked":"Black Star"},{"not_picked":["SacredBark","Snecko Eye"],"picked":"Pandora\u0027s Box"}],"items_purged_floors":[14,28,41],"is_endless":false,"potions_floor_spawned":[1,6,10,16,20,24,27,30,44,45,47,48],"ascension_level":0}}