{"host":"mt3nndg5ku536gxi","time":1608620944,"event":{"mods":["BaseMod","Colored Powertips","Minty Spire (QoL Compilation)","Permanent Neow","Quick Restart","StSLib","UnlockEverythingMod"],"gold_per_floor":[113,127,8,8,22,22,52,52,128,147,176,194,52,63,63,63,63],"floor_reached":16,"playtime":565,"items_purged":["Strike_P","Strike_P"],"score":202,"play_id":"7a455093-5a2b-44cc-82c5-7eec6f43d349","local_time":"20201222150904","is_ascension_mode":true,"campfire_choices":[{"data":"Eruption","floor":6.0,"key":"SMITH"},{"data":"ClearTheMind","floor":8.0,"key":"SMITH"},{"data":"Adaptation","floor":15.0,"key":"SMITH"}],"circlet_count":0,"master_deck":["AscendersBane","Strike_P","Strike_P","Defend_P","Defend_P","Defend_P","Defend_P","Eruption+1","Vigilance","EmptyFist","ClearTheMind+1","CarveReality","FlurryOfBlows","Vengeance","Conclude","Wallop","Adaptation+1"],"relics":["Philosopher\u0027s Stone","Anchor","StrikeDummy","Bronze Scales"],"acts_visited":["Exordium"],"potions_floor_usage":[],"damage_taken":[{"damage":1.0,"enemies":"Cultist","floor":1.0,"turns":4.0},{"damage":0.0,"enemies":"Small Slimes","floor":2.0,"turns":3.0},{"damage":0.0,"enemies":"2 Louse","floor":5.0,"turns":1.0},{"damage":24.0,"enemies":"Lagavulin","floor":7.0,"turns":6.0},{"damage":5.0,"enemies":"Exordium Thugs","floor":10.0,"turns":3.0},{"damage":11.0,"enemies":"Gremlin Nob","floor":11.0,"turns":3.0},{"damage":0.0,"enemies":"Red Slaver","floor":12.0,"turns":2.0},{"damage":1.0,"enemies":"Gremlin Gang","floor":14.0,"turns":4.0},{"damage":0,"enemies":"The Guardian","floor":16,"turns":2}],"seed_played":"1725406822150706700","potions_obtained":[{"floor":5.0,"key":"Energy Potion"},{"floor":7.0,"key":"DuplicationPotion"},{"floor":10.0,"key":"Fire Potion"}],"is_trial":false,"path_per_floor":["M","M","$","?","M","R","E","R","T","M","E","M","$","M","R","B"],"character_chosen":"WATCHER","items_purchased":["CarveReality","Adaptation"],"campfire_rested":0,"item_purchase_floors":[3,13],"current_hp_per_floor":[60,60,60,60,60,60,36,36,36,31,20,20,20,19,19,19,19],"gold":63,"neow_bonus":"BOSS_RELIC","is_daily":false,"chose_seed":false,"campfire_upgraded":3,"win_rate":0.0,"timestamp":1608620944,"path_taken":["M","M","?","?","M","R","E","R","T","M","E","M","$","M","R","BOSS"],"items_purchased_type":["Card","Card"],"build_version":"2020-12-13","purchased_purges":2,"victory":false,"max_hp_per_floor":[68,68,68,68,68,68,68,68,68,68,68,68,68,68,68,68,68],"card_choices":[{"not_picked":["Evaluate","CrushJoints"],"picked":"EmptyFist","floor":1.0},{"not_picked":["Study","Indignation"],"picked":"ClearTheMind","floor":2.0},{"not_picked":["ClearTheMind","JustLucky"],"picked":"FlurryOfBlows","floor":5.0},{"not_picked":["PathToVictory","Fasting2"],"picked":"Vengeance","floor":7.0},{"not_picked":["SashWhip","ThirdEye"],"picked":"Conclude","floor":10.0},{"not_picked":["WreathOfFlame","EmptyBody"],"picked":"Wallop","floor":11.0},{"not_picked":["SashWhip","ClearTheMind","Evaluate"],"picked":"SKIP","floor":12.0},{"not_picked":["Conclude","WindmillStrike","ConjureBlade"],"picked":"SKIP","floor":14.0}],"player_experience":138503,"relics_obtained":[{"floor":7.0,"key":"Anchor"},{"floor":9.0,"key":"StrikeDummy"},{"floor":11.0,"key":"Bronze Scales"}],"event_choices":[{"damage_healed":0.0,"max_hp_gain":0.0,"max_hp_loss":0.0,"gold_gain":0.0,"event_name":"Liars Game","player_choice":"Ignored","floor":4.0,"gold_loss":0.0,"damage_taken":0.0}],"is_beta":false,"boss_relics":[],"items_purged_floors":[3,13],"is_endless":false,"potions_floor_spawned":[5,7,10],"killed_by":"The Guardian","ascension_level":16}}