{"host":"ephzq12rl18r5ewu","time":1608675715,"event":{"mods":["BaseMod","Minty Spire (QoL Compilation)"],"gold_per_floor":[114,114,39,54,24,54,69,84,84,99,114,144,159,124,124,224,224,239,254,269,23,38,38,53,53,103,103,103],"floor_reached":27,"playtime":2964,"items_purged":["Regret"],"score":229,"play_id":"50d7f3ea-9d35-4a57-8e9f-81362bd237b1","local_time":"20201222142155","daily_mods":["Allstar","Diverse","DeadlyEvents"],"is_ascension_mode":false,"campfire_choices":[{"data":"LessonLearned","floor":15,"key":"SMITH"},{"floor":23,"key":"REST"}],"circlet_count":0,"master_deck":["Strike_B","Strike_B","Strike_B","Strike_B","Defend_B","Defend_B","Defend_B","Zap","Dualcast","Chrysalis","Enlightenment+1","Good Instincts","The Bomb","Thinking Ahead","BootSequence","BowlingBash+1","LessonLearned+1","CrushJoints","Skim+1","Acrobatics","Creative AI+1","Rampage","SashWhip+1","DeusExMachina","Anger+1","Bouncing Flask","Gash","Heatsinks","Tactician","Tantrum","Flying Knee","Ball Lightning+1","Dash+1"],"relics":["Cracked Core","Unceasing Top","Ginger","Letter Opener","Strawberry","Black Star","Ancient Tea Set"],"acts_visited":["Exordium","TheCity"],"potions_floor_usage":[7,11,16,24],"damage_taken":[{"damage":1,"enemies":"Jaw Worm","floor":1,"turns":4},{"damage":6,"enemies":"2 Louse","floor":4,"turns":3},{"damage":31,"enemies":"Lagavulin","floor":6,"turns":7},{"damage":0,"enemies":"Cultist","floor":7,"turns":4},{"damage":4,"enemies":"2 Fungi Beasts","floor":8,"turns":4},{"damage":0,"enemies":"3 Louse","floor":10,"turns":3},{"damage":0,"enemies":"Looter","floor":11,"turns":2},{"damage":18,"enemies":"3 Sentries","floor":12,"turns":4},{"damage":6,"enemies":"2 Fungi Beasts","floor":13,"turns":4},{"damage":20,"enemies":"Slime Boss","floor":16,"turns":5},{"damage":42,"enemies":"2 Thieves","floor":18,"turns":4},{"damage":24,"enemies":"Shell Parasite","floor":19,"turns":5},{"damage":17,"enemies":"Snake Plant","floor":20,"turns":4},{"damage":11,"enemies":"Chosen and Byrds","floor":22,"turns":5},{"damage":32,"enemies":"Centurion and Healer","floor":24,"turns":3},{"damage":5,"enemies":"Snake Plant","floor":27,"turns":2}],"seed_played":"-7682526130134428503","potions_obtained":[{"floor":4,"key":"SteroidPotion"},{"floor":6,"key":"DuplicationPotion"},{"floor":10,"key":"FairyPotion"},{"floor":12,"key":"Weak Potion"},{"floor":22,"key":"Block Potion"},{"floor":24,"key":"SteroidPotion"}],"is_trial":false,"path_per_floor":["M","?","$","M","?","E","M","M","T","M","M","E","M","?","R","B",null,"M","M","M","$","M","R","M","?","T","M"],"character_chosen":"DEFECT","items_purchased":["Heatsinks","Tactician","Tantrum","Flying Knee"],"campfire_rested":1,"item_purchase_floors":[21,21,21,21],"current_hp_per_floor":[74,74,74,68,68,37,37,33,33,33,33,22,16,36,36,16,82,40,16,24,24,13,37,5,5,5,0,0],"gold":103,"neow_bonus":"","is_daily":true,"chose_seed":false,"campfire_upgraded":1,"win_rate":0.0,"timestamp":1608675715,"path_taken":["M","?","$","M","?","E","M","M","T","M","M","?","M","?","R","BOSS","M","M","M","$","M","R","M","?","T","M"],"items_purchased_type":["Card","Card","Card","Card"],"build_version":"2020-12-13","purchased_purges":1,"victory":false,"max_hp_per_floor":[75,75,75,75,75,75,75,75,75,75,75,82,82,82,82,82,82,82,82,82,82,82,82,82,82,82,82,82],"card_choices":[{"not_picked":["Shrug It Off","Skewer"],"picked":"BootSequence","floor":1},{"not_picked":["Prostrate","Double Energy"],"picked":"BowlingBash","floor":4},{"not_picked":["Juggernaut","Collect"],"picked":"LessonLearned","floor":6},{"not_picked":["Iron Wave","Streamline"],"picked":"CrushJoints","floor":7},{"not_picked":["Redo","Headbutt"],"picked":"Skim","floor":8},{"not_picked":["Steam","Havoc"],"picked":"Acrobatics","floor":10},{"not_picked":["ClearTheMind","Rebound"],"picked":"Creative AI","floor":11},{"not_picked":["Sword Boomerang","Cloak And Dagger"],"picked":"Rampage","floor":12},{"not_picked":["Deflect","Cloak And Dagger"],"picked":"SashWhip","floor":13},{"not_picked":["Double Tap","Malaise"],"picked":"DeusExMachina","floor":16},{"not_picked":["Capacitor","Barrage"],"picked":"Anger+1","floor":18},{"not_picked":["Heavy Blade+1","Leg Sweep"],"picked":"Bouncing Flask","floor":19},{"not_picked":["Flying Knee","Fusion"],"picked":"Gash","floor":20},{"not_picked":["Cleave+1","Flame Barrier"],"picked":"Ball Lightning+1","floor":22},{"not_picked":["Skewer+1","CrushJoints"],"picked":"Dash+1","floor":24}],"player_experience":1186736,"relics_obtained":[{"floor":6,"key":"Ginger"},{"floor":9,"key":"Letter Opener"},{"floor":12,"key":"Strawberry"},{"floor":26,"key":"Ancient Tea Set"}],"event_choices":[{"damage_healed":0,"gold_gain":0,"player_choice":"Box","damage_taken":0,"relics_obtained":["Unceasing Top"],"max_hp_gain":0,"max_hp_loss":0,"event_name":"Big Fish","floor":2,"gold_loss":0,"cards_obtained":["Regret"]},{"damage_healed":0,"gold_gain":0,"player_choice":"Bought 2 Potions","damage_taken":0,"max_hp_gain":0,"max_hp_loss":0,"event_name":"The Woman in Blue","floor":5,"gold_loss":0},{"damage_healed":20,"gold_gain":0,"player_choice":"Healed","damage_taken":0,"max_hp_gain":0,"max_hp_loss":0,"event_name":"The Cleric","floor":14,"gold_loss":35},{"cards_removed":["Defend_B"],"damage_healed":0,"gold_gain":0,"player_choice":"Elegance","damage_taken":0,"max_hp_gain":0,"max_hp_loss":0,"event_name":"Back to Basics","floor":25,"gold_loss":0}],"is_beta":false,"boss_relics":[{"not_picked":["Cursed Key","Inserter"],"picked":"Black Star"}],"items_purged_floors":[3],"is_endless":false,"potions_floor_spawned":[4,6,10,12,22,24],"killed_by":"Snake Plant","ascension_level":0}}