{"host":"ztvj8pbgeibgztw6","time":1608644931,"event":{"mods":["ATMod(∞¢Ë™Mod)","BaseMod","Colored Map","Dota2Spire","Downfall","Luminous","Marisa£®ÏF”Í°°ƒß¿Ì…≥£©","Minty Spire (QoL Compilation)","Remilia£®¿Ÿ√◊¿Ú—«£©","Replay The Spire","Shop Mod","StSLib","The Cursed","The Servant 0.9.4"],"gold_per_floor":[99,99,99,99,99,99,125,135,135,135,158,258,273,286,17,35,55,159,159,9,9,109,109,122,222,248,260,260,275,309,2,14,27,37,139,139,139,155,170,184,22,72,124,224,224,241,275,289,214,229,240,240,240,275,11,11,11],"floor_reached":58,"playtime":8112,"items_purged":[],"score":1301,"play_id":"9615abc4-705d-45cc-af26-d56f1d19d399","local_time":"20201222214851","is_ascension_mode":false,"campfire_choices":[{"floor":1.0,"key":"RECALL"},{"data":"AT_FamilyPortrait","floor":20.0,"key":"SMITH"},{"data":"Slimebound:PrepareCrush","floor":37,"key":"SMITH"},{"data":"Replay:SS_fish_2","floor":45,"key":"SMITH"},{"data":"Slimebound:MinionMaster","floor":49,"key":"SMITH"},{"data":"Slimebound:Overexert","floor":56,"key":"SMITH"}],"circlet_count":0,"master_deck":["Slimebound:Split","Slimebound:CorrosiveSpit+1","AT_FamilyPortrait+1","Slimebound:PressTheAttack+1","Slimebound:Schlurp","Slimebound:SplitMire+1","Slimebound:OneTwoCombo","Slimebound:LeechingTouch","Slimebound:FirmFortitude","Slimebound:MegaLick","Slimebound:LeadByExample","Slimebound:Gluttony","Slimebound:PrepareCrush+1","Slimebound:HauntingLick","Slimebound:WasteNot","Slimebound:LivingWall","Slimebound:Schlurp","Slimebound:MegaLick","Slimebound:MassFeed","Slimebound:RallyTheTroops+1","Slimebound:RejuvenatingLick+1","Slimebound:Replication","Slimebound:Gluttony","J.A.X.","Slimebound:Gluttony+1","Slimebound:AcidTongue+1","Slimebound:GrowthPunch","Slimebound:SplitLeeching+1","Shame","Slimebound:GoopSpray","Slimebound:SlimeTap","Slimebound:ProtectTheBoss+1","Slimebound:SlimeSpikes","Slimebound:SpikyOuterGoop","Slimebound:PressTheAttack+1","Slimebound:SlimeSpikes+1","Slimebound:OozeBath","Slimebound:LeechEnergy","Slimebound:DisruptingSlam","Slimebound:SplitLeeching+1","Slimebound:LeechEnergy+1","expansioncontent:LastStand","Slimebound:Grow","Slimebound:MassRepurpose","Slimebound:RejuvenatingLick","Slimebound:ComboTackle","Slimebound:Split","Replay:SS_fish_2+1","Slimebound:SlimeTap+1","Slimebound:RollThrough+1","Slimebound:MinionMaster+1","Slimebound:ViciousTackle+1","Slimebound:Chomp+1","Slimebound:Equalize+1","Slimebound:Overexert+1","Slimebound:GrowthPunch","Slimebound:GrowthPunch","Slimebound:LeadByExample"],"relics":["Slimebound:AbsorbEndCombat","AT_ATBox","downfall:HeartsMalice","PreservedInsect","Odd Mushroom","Dota2Spire:MonkeyKingBar","Pandora\u0027s Box","downfall:HeartBlessingBlue","downfall:HeartBlessingRed","MutagenicStrength","Dota2Spire:OctarineCore","Replay:Bottled Flurry","Whetstone","War Paint","Dota2Spire:EtherealBlade","Dota2Spire:BattleFury","AT_TrinityForce","Replay:Bottled Snecko","Omamori","CatCart","Happy Flower","downfall:GremlinSack","Bag of Marbles","downfall:HeartBlessingGreen","InkBottle","Orichalcum"],"acts_visited":["Exordium","TheCity","TheBeyond","TheEnding"],"potions_floor_usage":[40,42,52,52,54,57],"damage_taken":[{"damage":0.0,"enemies":"Cultist","floor":2.0,"turns":1.0},{"damage":0.0,"enemies":"Small Slimes","floor":3.0,"turns":1.0},{"damage":0.0,"enemies":"2 Louse","floor":4.0,"turns":1.0},{"damage":3.0,"enemies":"Exordium Wildlife","floor":8.0,"turns":3.0},{"damage":20.0,"enemies":"The Mushroom Lair","floor":11.0,"turns":4.0},{"damage":22.0,"enemies":"Exordium Thugs","floor":13.0,"turns":5.0},{"damage":11.0,"enemies":"Large Slime","floor":14.0,"turns":4.0},{"damage":12.0,"enemies":"downfall:FleeingMerchant","floor":15.0,"turns":4.0},{"damage":16.0,"enemies":"Blue Slaver","floor":16.0,"turns":2.0},{"damage":8.0,"enemies":"2 Fungi Beasts","floor":17.0,"turns":2.0},{"damage":65.0,"enemies":"downfall:Silent","floor":18.0,"turns":5.0},{"damage":0.0,"enemies":"Chosen","floor":21.0,"turns":1.0},{"damage":39.0,"enemies":"downfall:Augmenter","floor":22.0,"turns":4.0},{"damage":28.0,"enemies":"Shell Parasite","floor":24.0,"turns":4.0},{"damage":55.0,"enemies":"downfall:Defect","floor":25.0,"turns":5.0},{"damage":20.0,"enemies":"Centurion and Healer","floor":27.0,"turns":4.0},{"damage":19.0,"enemies":"Snecko","floor":29.0,"turns":4.0},{"damage":43.0,"enemies":"Book of Stabbing","floor":30.0,"turns":5.0},{"damage":22.0,"enemies":"downfall:FleeingMerchant","floor":31.0,"turns":4.0},{"damage":8.0,"enemies":"Cultist and Chosen","floor":32.0,"turns":4.0},{"damage":19.0,"enemies":"Shelled Parasite and Fungi","floor":33.0,"turns":4.0},{"damage":3.0,"enemies":"Chosen and Byrds","floor":34.0,"turns":6.0},{"damage":23,"enemies":"downfall:Watcher","floor":35,"turns":7},{"damage":26,"enemies":"3 Darklings","floor":38,"turns":3},{"damage":3,"enemies":"Orb Walker","floor":39,"turns":2},{"damage":14,"enemies":"Spire Growth","floor":40,"turns":3},{"damage":4,"enemies":"downfall:FleeingMerchant","floor":41,"turns":2},{"damage":4,"enemies":"Orin","floor":42,"turns":7},{"damage":8,"enemies":"Orin","floor":44,"turns":1},{"damage":24,"enemies":"Maw","floor":46,"turns":5},{"damage":15,"enemies":"R_Hoarder","floor":47,"turns":4},{"damage":12,"enemies":"Jaw Worm Horde","floor":48,"turns":2},{"damage":18,"enemies":"Sphere and 2 Shapes","floor":50,"turns":4},{"damage":29,"enemies":"3 Darklings","floor":51,"turns":5},{"damage":64,"enemies":"downfall:Defect","floor":52,"turns":5},{"damage":31,"enemies":"downfall:CharBossMerchant","floor":54,"turns":4},{"damage":41,"enemies":"downfall:NeowBoss","floor":57,"turns":16}],"seed_played":"692726771015239399","potions_obtained":[{"floor":8.0,"key":"Swift Potion"},{"floor":13.0,"key":"AttackPotion"},{"floor":14.0,"key":"Venom Potion"},{"floor":18.0,"key":"Explosive Potion"},{"floor":24.0,"key":"Guardian:BlockOnCardUsePotion"},{"floor":29.0,"key":"Block Potion"},{"floor":30.0,"key":"Fire Potion"},{"floor":33.0,"key":"ColorlessPotion"},{"floor":34.0,"key":"Reflective Coating"},{"floor":39,"key":"EntropicBrew"},{"floor":42,"key":"BlessingOfTheForge"},{"floor":44,"key":"Dota2Spire:HealingSalve"},{"floor":54,"key":"Adrenaline Potion"}],"is_trial":false,"path_per_floor":["R","M","M","M","T","?","T","M","PTL","PTL","?","?","M","M","$","M","M","B",null,"R","M","?","?","M","?","T","M","?","M","E","$","M","M","M","B",null,"R","M","M","M","$","?","T","?","R","M","E","M","R","M","M","B",null,"E","$","R","B",null],"character_chosen":"SLIMEBOUND","items_purchased":["Dota2Spire:MonkeyKingBar","Dota2Spire:BattleFury","Slimebound:SlimeSpikes","Replay:Bottled Snecko","Omamori","expansioncontent:LastStand","Orichalcum","Slimebound:GrowthPunch","Slimebound:LeadByExample"],"campfire_rested":0,"item_purchase_floors":[15,31,31,41,41,41,55,55,55],"current_hp_per_floor":[60,60,60,60,60,60,60,60,60,60,56,56,60,60,60,52,60,40,60,70,70,59,46,40,19,19,33,33,44,21,33,55,58,75,75,75,75,61,68,69,75,75,75,75,75,75,75,75,75,67,75,66,75,75,75,75,75],"gold":11,"neow_bonus":"THREE_ENEMY_KILL","is_daily":false,"chose_seed":false,"campfire_upgraded":5,"win_rate":0.0,"timestamp":1608644931,"path_taken":["R","M","?","M","?","?","T","M","PTL","PTL","?","?","?","M","?","?","M","BOSS","R","M","?","?","M","?","T","M","?","?","E","$","M","M","M","BOSS","R","M","M","M","$","?","T","?","R","M","E","?","R","M","M","BOSS","E","$","R","BOSS"],"items_purchased_type":["Relic","Relic","Card","Relic","Relic","Card","Relic","Card","Card"],"build_version":"2020-12-13","purchased_purges":0,"victory":true,"max_hp_per_floor":[60,60,60,60,60,60,60,60,60,60,60,60,60,60,60,60,60,60,60,70,70,70,75,75,75,75,75,75,75,75,75,75,75,75,75,75,75,75,75,75,75,75,75,75,75,75,75,75,75,75,75,75,75,75,75,75,75],"card_choices":[{"not_picked":["Slimebound:Replication","Slimebound:FinishingTackle"],"picked":"Slimebound:PressTheAttack","floor":2.0},{"not_picked":["Slimebound:FlameTackle","Slimebound:BestDefense"],"picked":"Slimebound:FinishingTackle","floor":3.0},{"not_picked":["Slimebound:SlimeBarrage","Slimebound:ForwardTackle"],"picked":"Slimebound:Schlurp","floor":4.0},{"not_picked":["Slimebound:ComboTackle","Slimebound:FinishingTackle"],"picked":"Slimebound:SplitMire","floor":8.0},{"not_picked":["Slimebound:ComboTackle","Slimebound:SamplingLick"],"picked":"Slimebound:OneTwoCombo","floor":11.0},{"not_picked":["Slimebound:PressTheAttack","Slimebound:BestDefense"],"picked":"Slimebound:LeechingTouch","floor":13.0},{"not_picked":["Slimebound:LeechEnergy","Slimebound:SplitAcid"],"picked":"Slimebound:FirmFortitude","floor":14.0},{"not_picked":["Slimebound:Equalize","Slimebound:SpikyOuterGoop"],"picked":"Slimebound:MegaLick","floor":15.0},{"not_picked":["Slimebound:PressTheAttack","Slimebound:RollThrough"],"picked":"Slimebound:LeadByExample","floor":16.0},{"not_picked":["Slimebound:FinishingTackle","Slimebound:LevelUp"],"picked":"Slimebound:Gluttony","floor":17.0},{"not_picked":["Slimebound:DouseInSlime","Slimebound:Teamwork"],"picked":"Slimebound:PrepareCrush","floor":18.0},{"not_picked":["Slimebound:ViciousTackle","Slimebound:ForwardTackle"],"picked":"Slimebound:RejuvenatingLick+1","floor":21.0},{"not_picked":[],"picked":"J.A.X.","floor":22.0},{"not_picked":["Slimebound:LeechLife","Slimebound:LeechEnergy"],"picked":"Slimebound:Gluttony+1","floor":22.0},{"not_picked":["Slimebound:RollThrough","Slimebound:SplitMire+1"],"picked":"Slimebound:AcidTongue+1","floor":24.0},{"not_picked":["Slimebound:SplitAcid","Slimebound:Prepare"],"picked":"Slimebound:GrowthPunch","floor":25.0},{"not_picked":["Slimebound:SamplingLick+1","Slimebound:Replication"],"picked":"Slimebound:SplitLeeching+1","floor":27.0},{"not_picked":["Slimebound:SlimeBrawl","Slimebound:RallyTheTroops"],"picked":"Slimebound:GoopSpray","floor":29.0},{"not_picked":["Slimebound:RollThrough","Slimebound:ComboTackle+1"],"picked":"Slimebound:SlimeTap","floor":30.0},{"not_picked":["Slimebound:RollThrough","Slimebound:SamplingLick"],"picked":"Slimebound:ProtectTheBoss+1","floor":31.0},{"not_picked":["Slimebound:RollThrough","Slimebound:AcidTongue"],"picked":"Slimebound:SpikyOuterGoop","floor":32.0},{"not_picked":["Slimebound:SlimeSpikes","Slimebound:ForwardTackle"],"picked":"Slimebound:PressTheAttack+1","floor":33.0},{"not_picked":["Slimebound:SplitMire","Slimebound:LivingWall"],"picked":"Slimebound:SlimeSpikes+1","floor":34.0},{"not_picked":["Slimebound:DuplicatedForm","Slimebound:SlimeSlap"],"picked":"Slimebound:OozeBath","floor":35},{"not_picked":["Slimebound:Dissolve+1","Slimebound:FormOfPuddle+1"],"picked":"Slimebound:LeechEnergy","floor":38},{"not_picked":["Slimebound:SplitLeeching","Slimebound:SamplingLick"],"picked":"Slimebound:DisruptingSlam","floor":39},{"not_picked":["Slimebound:ForwardTackle+1","Slimebound:LeadByExample"],"picked":"Slimebound:SplitLeeching+1","floor":40},{"not_picked":["Slimebound:ItLooksTasty+1","Slimebound:Prepare+1"],"picked":"Slimebound:LeechEnergy+1","floor":41},{"not_picked":["Slimebound:PressTheAttack+1","Slimebound:LeechingTouch"],"picked":"Slimebound:Grow","floor":42},{"not_picked":["Slimebound:FirmFortitude+1","Slimebound:SlimeSpikes"],"picked":"Slimebound:SlimeTap+1","floor":44},{"not_picked":["Slimebound:SplitLeeching+1","Slimebound:GoopSpray+1"],"picked":"Slimebound:RollThrough+1","floor":46},{"not_picked":["Slimebound:RainOfGoop+1","Slimebound:ComboTackle"],"picked":"Slimebound:MinionMaster","floor":47},{"not_picked":["Slimebound:SlimeTap+1","Slimebound:RollThrough+1"],"picked":"Slimebound:ViciousTackle+1","floor":48},{"not_picked":["Slimebound:RejuvenatingLick","Slimebound:LeechingTouch"],"picked":"Slimebound:Chomp+1","floor":50},{"not_picked":["Slimebound:FinishingTackle","Slimebound:Prepare+1"],"picked":"Slimebound:Equalize+1","floor":51},{"not_picked":["Slimebound:RainOfGoop+1","Slimebound:Chomp+1"],"picked":"Slimebound:Overexert","floor":54}],"player_experience":242738,"relics_obtained":[{"floor":7.0,"key":"PreservedInsect"},{"floor":11.0,"key":"Odd Mushroom"},{"floor":22.0,"key":"MutagenicStrength"},{"floor":25.0,"key":"Dota2Spire:OctarineCore"},{"floor":25.0,"key":"Replay:Bottled Flurry"},{"floor":26.0,"key":"Whetstone"},{"floor":30.0,"key":"Dota2Spire:EtherealBlade"},{"floor":42,"key":"CatCart"},{"floor":43,"key":"Happy Flower"},{"floor":44,"key":"downfall:GremlinSack"},{"floor":47,"key":"Bag of Marbles"},{"floor":54,"key":"InkBottle"}],"event_choices":[{"damage_healed":0.0,"max_hp_gain":0.0,"max_hp_loss":0.0,"gold_gain":0.0,"event_name":"Mushrooms","player_choice":"Fought Mushrooms","floor":11.0,"gold_loss":0.0,"damage_taken":0.0},{"damage_healed":0.0,"max_hp_gain":0.0,"max_hp_loss":0.0,"gold_gain":0.0,"event_name":"Addict","player_choice":"Stole Relic","floor":28.0,"gold_loss":0.0,"damage_taken":0.0,"relics_obtained":["War Paint"],"cards_obtained":["Shame"]},{"damage_healed":0,"gold_gain":0,"player_choice":"Fight","damage_taken":0,"max_hp_gain":0,"max_hp_loss":0,"event_name":"OrinTheCat","floor":42,"gold_loss":0}],"is_beta":false,"boss_relics":[{"not_picked":["Busted Crown","Ring of Chaos"],"picked":"Pandora\u0027s Box"},{"not_picked":["Velvet Choker","Tiny House"],"picked":"AT_TrinityForce"}],"items_purged_floors":[],"is_endless":false,"potions_floor_spawned":[8,13,14,17,18,24,29,30,33,34,39,42,44,47,48,50,54],"ascension_level":0}}