{"host":"hfvpa4llnnjpeawn","time":1608614690,"event":{"mods":["2.2 Compatiblity","AchievementEnabler","Act Like it!","Aspiration","Bard","BaseMod","Beaked The Cultist","Better Sensory Stone","Better Skull","Better Third Choice","BetterRewards","CapriCore","Conspire","Downfall","Elementarium","Energized Spire","Hubris","Infinite Spire","Jorbs\u0027s Wanderer Trilogy","Minty Spire (QoL Compilation)","Replay The Spire","Shade Mod","Spicy Shops","StSLib","The Bladedancer","The Factory","The Gatherer","The Jungle","Waifu the Spire","Wandering Minibosses"],"gold_per_floor":[99,114,28,48,66,84,84,84,31,50,50,150,150,183,202,202,202],"floor_reached":16,"playtime":1347,"items_purged":[],"score":102,"play_id":"8f0c72ca-4123-4288-a33c-3bf424c977c2","local_time":"20201222002450","is_ascension_mode":false,"campfire_choices":[{"floor":8,"key":"REST"},{"floor":11,"key":"REST"},{"floor":13,"key":"REST"}],"circlet_count":0,"master_deck":["conspire:GhostlyStrike","conspire:GhostlyStrike","conspire:GhostlyStrike","conspire:GhostlyDefend","conspire:GhostlyDefend","conspire:GhostlyDefend","sneckomod:TailWhip","sneckomod:SnekBite","sneckomod:Unknown","sneckomod:Unknown","sneckomod:UnknownClassGREEN","sneckomod:QuickBite","sneckomod:DiceBoulder","sneckomod:SerpentIdol","sneckomod:MorePower","sneckomod:UnknownRareSkill+1","sneckomod:TrashToTreasure","sneckomod:Unknown0Cost+1","sneckomod:UnknownRarePower","sneckomod:DiceBoulder","hexamod:SixthSeal","sneckomod:UnknownRareSkill+1","sneckomod:SlitherStrike","sneckomod:UnknownClassSLIMEBOUND+1"],"relics":["sneckomod:SneckoSoul","hubris:GlazedTorus","hubris:MysteriousPyramids","Juzu Bracelet"],"acts_visited":["Exordium"],"potions_floor_usage":[6,9,14,16],"damage_taken":[{"damage":9,"enemies":"2 Louse","floor":2,"turns":5},{"damage":0,"enemies":"downfall:FleeingMerchant","floor":3,"turns":4},{"damage":6,"enemies":"Cultist","floor":4,"turns":4},{"damage":0,"enemies":"conspire:RoseBush","floor":5,"turns":3},{"damage":23,"enemies":"Exordium Wildlife","floor":6,"turns":5},{"damage":10,"enemies":"downfall:FleeingMerchant","floor":9,"turns":5},{"damage":30,"enemies":"Exordium Thugs","floor":10,"turns":6},{"damage":27,"enemies":"Gremlin Nob","floor":14,"turns":4},{"damage":29,"enemies":"Large Slime","floor":15,"turns":5},{"damage":33,"enemies":"downfall:Silent","floor":16,"turns":4}],"seed_played":"1396028400699250779","potions_obtained":[{"floor":2,"key":"SpeedPotion"},{"floor":6,"key":"LiquidMemories"},{"floor":10,"key":"Weak Potion"},{"floor":15,"key":"Slimebound:ThreeZeroPotion"}],"is_trial":false,"path_per_floor":["R","M","$","M","M","M","T","R","$","M","R","?","R","E","M","B"],"character_chosen":"THE_SNECKO","items_purchased":["sneckomod:DiceBoulder","sneckomod:DiceBoulder"],"campfire_rested":3,"item_purchase_floors":[3,9],"current_hp_per_floor":[81,73,73,67,67,45,45,69,61,32,57,57,82,56,29,0,0],"gold":202,"neow_bonus":"ONE_RARE_RELIC","is_daily":false,"chose_seed":false,"campfire_upgraded":0,"win_rate":0.0,"timestamp":1608614690,"path_taken":["R","M","$","M","M","M","T","R","$","?","R","?","R","E","M","BOSS"],"items_purchased_type":["Card","Card"],"build_version":"2020-12-13","purchased_purges":0,"victory":false,"max_hp_per_floor":[81,82,82,82,82,83,83,83,85,86,86,86,86,87,89,91,91],"card_choices":[{"not_picked":["sneckomod:UnknownClassBARD_COLOR","sneckomod:QuickMove"],"picked":"sneckomod:UnknownClassGREEN","floor":2},{"not_picked":["sneckomod:UnknownClassWANDERER_GRAY_COLOR","sneckomod:UnknownClassBLADEMASTER_GRAY"],"picked":"sneckomod:QuickBite","floor":3},{"not_picked":["sneckomod:PureSnecko","sneckomod:UnknownCommonAttack"],"picked":"sneckomod:SerpentIdol","floor":4},{"not_picked":["sneckomod:QuickBite","sneckomod:UnknownClassTHE_CHAMP_GRAY"],"picked":"sneckomod:MorePower","floor":5},{"not_picked":["sneckomod:UnknownClassBLADEMASTER_GRAY+1","sneckomod:UnknownBlock+1"],"picked":"sneckomod:UnknownRareSkill+1","floor":6},{"not_picked":["sneckomod:QuickBite","sneckomod:SerpentIdol"],"picked":"sneckomod:TrashToTreasure","floor":6},{"not_picked":["sneckomod:UnknownVulnerable+1","sneckomod:UnknownCommonSkill+1"],"picked":"sneckomod:Unknown0Cost+1","floor":9},{"not_picked":["sneckomod:QuickMove","sneckomod:UnknownX"],"picked":"sneckomod:UnknownRarePower","floor":9},{"not_picked":["hexamod:ThirdSeal","hexamod:FirstSeal"],"picked":"hexamod:SixthSeal","floor":10},{"not_picked":["sneckomod:UnknownStrength+1","sneckomod:UnknownClassSHADE_COLOR+1"],"picked":"sneckomod:UnknownRareSkill+1","floor":10},{"not_picked":["sneckomod:Nope","sneckomod:Unknown1Cost"],"picked":"sneckomod:SlitherStrike","floor":10},{"not_picked":["sneckomod:UnknownClassHEXA_GHOST_PURPLE+1","sneckomod:UnknownClassSHADE_COLOR+1"],"picked":"sneckomod:UnknownClassSLIMEBOUND+1","floor":14},{"not_picked":["sneckomod:ImprovisedGuard","sneckomod:UnknownBlock","sneckomod:WideSting"],"picked":"SKIP","floor":14},{"not_picked":["sneckomod:IronFang","sneckomod:QuickMove","sneckomod:UnknownUncommonSkill"],"picked":"SKIP","floor":15}],"player_experience":316190,"relics_obtained":[{"floor":7,"key":"hubris:MysteriousPyramids"},{"floor":14,"key":"Juzu Bracelet"}],"event_choices":[{"damage_healed":0,"gold_gain":0,"player_choice":"Agree","damage_taken":0,"max_hp_gain":0,"max_hp_loss":0,"event_name":"conspire:LoneGhost","floor":1,"gold_loss":0}],"is_beta":false,"boss_relics":[],"items_purged_floors":[],"is_endless":false,"potions_floor_spawned":[2,6,10,15],"killed_by":"downfall:Silent","ascension_level":0}}