{"host":"4nqeo0vu1vuav7gg","time":1608642609,"event":{"mods":["AchievementEnabler","BaseMod","Block Reminder","Colored Map","Colored Powertips","Highlight Path","Minty Spire (QoL Compilation)","Quick Restart","Rare Cards Sparkle","Relic Relevance Reorder","StSLib"],"gold_per_floor":[114,114,114,131,143,176,176,190,213,213,231,259,273,285,285,357,357,371,371,371],"floor_reached":19,"playtime":984,"items_purged":[],"score":317,"play_id":"7df581ef-929b-4b4e-9ea3-dc0ecfa532d1","local_time":"20201222141009","is_ascension_mode":true,"campfire_choices":[{"data":"Zap","floor":7,"key":"SMITH"},{"floor":10,"key":"REST"},{"data":"Defragment","floor":15,"key":"SMITH"}],"circlet_count":0,"master_deck":["AscendersBane","Zap+1","Dualcast+1","Auto Shields+1","Coolheaded","Cold Snap","Barrage","Defragment+1","Loop","Ball Lightning","Conserve Battery","Fission","Doom and Gloom","Ball Lightning","Compile Driver","All For One","Stack","Heatsinks","Force Field"],"relics":["Cracked Core","Art of War","Torii","Toy Ornithopter","War Paint","Pandora\u0027s Box"],"acts_visited":["TheCity"],"potions_floor_usage":[6,6,12,16,19,19],"damage_taken":[{"damage":1,"enemies":"2 Louse","floor":1,"turns":3},{"damage":0,"enemies":"Small Slimes","floor":4,"turns":2},{"damage":1,"enemies":"Cultist","floor":5,"turns":5},{"damage":6,"enemies":"Lagavulin","floor":6,"turns":8},{"damage":9,"enemies":"Red Slaver","floor":8,"turns":3},{"damage":1,"enemies":"Large Slime","floor":11,"turns":6},{"damage":11,"enemies":"3 Sentries","floor":12,"turns":9},{"damage":7,"enemies":"2 Fungi Beasts","floor":13,"turns":3},{"damage":8,"enemies":"Blue Slaver","floor":14,"turns":2},{"damage":4,"enemies":"The Guardian","floor":16,"turns":10},{"damage":29,"enemies":"3 Byrds","floor":18,"turns":4},{"damage":53,"enemies":"Masked Bandits","floor":19,"turns":3}],"seed_played":"-1480088388712775927","potions_obtained":[{"floor":1,"key":"Dexterity Potion"},{"floor":4,"key":"Strength Potion"},{"floor":8,"key":"Regen Potion"},{"floor":12,"key":"Regen Potion"},{"floor":13,"key":"Dexterity Potion"},{"floor":16,"key":"BlessingOfTheForge"}],"is_trial":false,"path_per_floor":["M","?","?","M","M","E","R","M","T","R","M","E","M","M","R","B",null,"M","?"],"character_chosen":"DEFECT","items_purchased":[],"campfire_rested":1,"item_purchase_floors":[],"current_hp_per_floor":[45,38,38,38,37,31,31,22,22,43,42,51,44,36,36,52,66,37,0,0],"gold":371,"neow_bonus":"ONE_RARE_RELIC","is_daily":false,"chose_seed":false,"campfire_upgraded":2,"win_rate":0.0,"timestamp":1608642609,"path_taken":["M","?","?","?","M","E","R","M","T","R","M","E","M","M","R","BOSS","M","?"],"items_purchased_type":[],"build_version":"2020-12-13","purchased_purges":0,"victory":false,"max_hp_per_floor":[71,71,71,71,71,71,71,71,71,71,71,71,71,71,71,71,71,71,71,71],"card_choices":[{"not_picked":["Rebound","Beam Cell"],"picked":"Auto Shields","floor":1},{"not_picked":["Streamline","Beam Cell"],"picked":"Coolheaded","floor":4},{"not_picked":["Self Repair","Leap"],"picked":"Cold Snap","floor":5},{"not_picked":["Amplify","Turbo"],"picked":"Barrage","floor":6},{"not_picked":["Consume","Sweeping Beam"],"picked":"Defragment","floor":8},{"not_picked":["FTL","Compile Driver"],"picked":"Loop","floor":11},{"not_picked":["Rebound","Beam Cell"],"picked":"Ball Lightning","floor":12},{"not_picked":["Barrage","Beam Cell","Steam"],"picked":"SKIP","floor":13},{"not_picked":["Consume","Steam"],"picked":"Conserve Battery","floor":14},{"not_picked":["Creative AI","Multi-Cast"],"picked":"Fission","floor":16},{"not_picked":["Ball Lightning","Chaos"],"picked":"Force Field","floor":18}],"player_experience":974156,"relics_obtained":[{"floor":6,"key":"Toy Ornithopter"},{"floor":9,"key":"War Paint"},{"floor":12,"key":"Art of War"}],"event_choices":[{"cards_removed":["Strike_B"],"damage_healed":0,"gold_gain":0,"player_choice":"Card Removal","damage_taken":7,"max_hp_gain":0,"max_hp_loss":0,"event_name":"Golden Wing","floor":2,"gold_loss":0},{"cards_removed":["Defend_B"],"damage_healed":0,"gold_gain":0,"player_choice":"Offered Basic","damage_taken":0,"max_hp_gain":0,"max_hp_loss":0,"event_name":"Bonfire Elementals","floor":3,"gold_loss":0},{"damage_healed":0,"gold_gain":0,"player_choice":"Fought Bandits","damage_taken":0,"max_hp_gain":0,"max_hp_loss":0,"event_name":"Masked Bandits","floor":19,"gold_loss":0}],"is_beta":false,"boss_relics":[{"not_picked":["Cursed Key","Empty Cage"],"picked":"Pandora\u0027s Box"}],"items_purged_floors":[],"is_endless":false,"potions_floor_spawned":[1,4,8,12,13,16],"killed_by":"Masked Bandits","ascension_level":15}}