{"host":"wft71y6k5l1g7d5f","time":1608680467,"event":{"mods":["AchievementEnabler","Aspiration","Bard","BaseMod","Beaked The Cultist","Better Altar","Better Match","Better Note","Better Sensory Stone","Better Skull","BetterRewards","CCEM","Clawfect","Colored Map","Conspire","Downfall","Friendly Minions","GifTheSpireLib","Halation","Hermit","Highlight Path","Hubris","Hunter ??","Infinite Spire","Jedi Mod","Jorbs\u0027s Wanderer Trilogy","Mad Scientist","Marisa????????","Mimic Mod","Minty Spire (QoL Compilation)","Permanent Neow","Replay The Spire","Shade Mod","Shop Mod","Spicy Shops","StSLib","Stuff the Spire","The Administrix","The Blackbeard","The Bug Knight","The Construct","The Cursed","The Disciple","The Gatherer","The Hierophant","The IronCluck","The Jungle","The Mystic","The Necromancer","The Problem Sleuth","The Runesmith","The Servant 0.9.4","The Spell Scribe","The Witch","Unceasing Turn Reminder","everything is the same but u backflip on backflip","slay the spire mod where everything is the same but ironclad has a cowboy hat"],"gold_per_floor":[110,110,35,35,55,55,55,55,55,55,71,71,71,87,87,206,206,224,224,247,247,247,247,260,10,35,35,35,48,48,98,98,227,227,241,254,0,0,13,47,47,80,128,128,128,144,175,50,50,50],"floor_reached":51,"playtime":7986,"items_purged":["Shade:OminousRitual","Shame","Shade:LoseControl"],"score":844,"play_id":"3184843f-f484-41f9-ad6a-0b976941b6bf","local_time":"20201222154107","daily_mods":["Draft","Shiny","Vintage","Allstar","Heirloom","Flight"],"is_ascension_mode":false,"campfire_choices":[{"data":"Shade:LichForm","floor":6,"key":"SMITH"},{"data":"Shade:PoundOfFlesh","floor":7,"key":"SMITH"},{"data":"Shade:Putrefaction","floor":8,"key":"SMITH"},{"data":"Shade:GreaterAnimation","floor":13,"key":"SMITH"},{"data":"Shade:SensePrey","floor":15,"key":"SMITH"},{"data":"Shade:FreshBones","floor":23,"key":"SMITH"},{"data":"Shade:Coordination","floor":27,"key":"SMITH"},{"data":"Shade:SkeletonArmy","floor":28,"key":"SMITH"},{"data":"Shade:SoulPierce","floor":30,"key":"SMITH"},{"data":"Shade:MadHubris","floor":32,"key":"PURGE"},{"data":"Shade:AuraOfUnlife","floor":41,"key":"SMITH"},{"data":"Shade:Premonition","floor":44,"key":"SMITH"},{"data":"Shade:OpenGraves","floor":49,"key":"SMITH"}],"circlet_count":0,"master_deck":["Shade:OfferingToTheBeyond","Shade:LichForm+1","Shade:LastGasp","Shade:Tombstone","Shade:SoulPierce+1","Shade:SelfBurial","Shade:Consume","Shade:Putrefaction+1","Shade:OneIsEnough","Shade:UnbarTheGrave","Shade:Coordination+1","Shade:DarkOfNight","Shade:GreaterAnimation+1","Shade:CommandSoldier","Shade:FingerOfDeath","Shade:SensePrey+1","Shade:ExtraLimbs","Shade:FreshBones+1","Shade:Patience","Shade:GraveStillness","Shade:CoffinDance","Shade:TouchOfTheGrave","Shade:Brains","Shade:GreyBargain","Shade:PoundOfFlesh+1","Shade:GraveStillness","Shade:WallOfFlesh","Shade:CommandSoldier","hubris:Rewind","Shade:AuraOfUnlife+1","Shade:SkeletonArmy+1","Shade:OminousRitual","Shade:OpenGraves+1","Shade:Premonition+1","Shade:Trample"],"relics":["Shade:YorickSkull","Coffee Dripper","jedi:battlestandard","halation:QuantumPhysicsTextbook","aspiration:ChemicalBlood","Golden Idol","StuffTheSpire:Tea","Ornamental Fan","Happy Flower","CCEMRelics:Sandal","halation:LoveArrow","Potion Belt","Turnip","hubris:Icosahedron","theJungle:PaperFaux","hubris:DeckOfHolding","aspiration:Lifesprig","Bag of Preparation","Sozu","CCEMRelics:FryingPan","Bottled Lightning","Red Mask","halation:EternalFortune","infinitespire:PuzzleCube","halation:SelfBoilingWater","jedi:purplefairy","CCEMRelics:GrindingGear","StuffTheSpire:Mouthbags","hubris:Metronome"],"acts_visited":["Exordium","Exordium","TheBeyond"],"potions_floor_usage":[11],"damage_taken":[{"damage":0,"enemies":"2 Louse","floor":1,"turns":1},{"damage":0,"enemies":"Small Slimes","floor":5,"turns":2},{"damage":0,"enemies":"Jaw Worm","floor":11,"turns":3},{"damage":0,"enemies":"Blue Slaver","floor":14,"turns":2},{"damage":10,"enemies":"Hexaghost","floor":16,"turns":5},{"damage":0,"enemies":"theJungle:5_Spyders","floor":18,"turns":5},{"damage":4,"enemies":"theJungle:Flameango_and_Byrd","floor":20,"turns":4},{"damage":1,"enemies":"theJungle:2_Snecko_Cultists","floor":24,"turns":4},{"damage":16,"enemies":"Snake Plant","floor":29,"turns":4},{"damage":5,"enemies":"theJungle:TotemBoss","floor":33,"turns":6},{"damage":13,"enemies":"Orb Walker","floor":35,"turns":3},{"damage":1,"enemies":"3 Shapes","floor":36,"turns":3},{"damage":0,"enemies":"Sphere and 2 Shapes","floor":39,"turns":2},{"damage":0,"enemies":"Giant Head","floor":40,"turns":5},{"damage":0,"enemies":"Reptomancer","floor":42,"turns":4},{"damage":0,"enemies":"Transient","floor":46,"turns":5},{"damage":0,"enemies":"Nemesis","floor":47,"turns":5},{"damage":22,"enemies":"hubris:GrandSnecko","floor":50,"turns":8}],"seed_played":"-3414188455422072341","potions_obtained":[{"floor":14,"key":"Weak Potion"},{"floor":24,"key":"BlessingOfTheForge"}],"is_trial":true,"path_per_floor":["M","?","$","?","M","R","R","R","T","?","M","?","R","M","R","B",null,"M","?","M","?","?","R","M","$","T","R","R","M","R","?","R_BF","B",null,"M","M","?","?","M","E","R","E","T","R","?","M","E","$","R","B",null],"character_chosen":"SHADE","items_purchased":["Shade:AuraOfUnlife","Shade:SkeletonArmy"],"campfire_rested":0,"item_purchase_floors":[25,25],"current_hp_per_floor":[65,49,49,54,54,54,54,54,54,37,46,46,46,46,46,36,70,70,70,66,66,66,66,65,65,65,65,65,49,49,40,40,35,70,57,56,56,59,59,62,62,62,62,72,72,72,72,72,76,61],"gold":50,"neow_bonus":"","is_daily":false,"chose_seed":false,"campfire_upgraded":12,"win_rate":0.0,"timestamp":1608680467,"path_taken":["M","?","$","?","M","R","R","R","T","?","?","?","R","M","R","BOSS","M","?","?","?","?","R","M","?","T","R","R","M","R","?","R_BF","BOSS","M","M","?","?","M","E","R","E","T","R","?","?","E","?","R","BOSS"],"items_purchased_type":["Card","Card"],"build_version":"2020-12-13","purchased_purges":3,"victory":true,"max_hp_per_floor":[65,65,65,70,70,70,70,70,70,70,70,70,70,70,70,70,70,70,70,70,70,70,70,70,70,70,70,70,70,70,70,70,70,70,70,70,70,73,73,76,76,76,76,76,76,76,76,76,76,76],"card_choices":[{"not_picked":["Shade:FleshToFlesh","Shade:CoffinDance"],"picked":"Shade:CommandSoldier","floor":0},{"not_picked":["Shade:RitualOffering","Shade:CloudOfShrapnel"],"picked":"Shade:FingerOfDeath","floor":0},{"not_picked":["Shade:AncientSpear","Shade:CommandSoldier"],"picked":"Shade:SensePrey","floor":0},{"not_picked":["Shade:Asphyxiate","Shade:CommandSoldier"],"picked":"Shade:ExtraLimbs","floor":0},{"not_picked":["Shade:CloudOfShrapnel","Shade:FeralStrike"],"picked":"Shade:FreshBones","floor":0},{"not_picked":["Shade:PressTheAttack","Shade:RitualOffering"],"picked":"Shade:Patience","floor":0},{"not_picked":["Shade:AncientSpear","Shade:FreshBones"],"picked":"Shade:GraveStillness","floor":0},{"not_picked":["Shade:CommandSoldier","Shade:SpectralStrikes"],"picked":"Shade:CoffinDance","floor":0},{"not_picked":["Shade:Patience","Shade:RitualOffering"],"picked":"Shade:TouchOfTheGrave","floor":0},{"not_picked":["Shade:Excise","Shade:TouchOfTheGrave"],"picked":"Shade:Brains","floor":0},{"not_picked":["Shade:AblativeArmor","Shade:CallOfTheGrave"],"picked":"Shade:GreyBargain","floor":0},{"not_picked":["Shade:Excise","Shade:Trample"],"picked":"Shade:PoundOfFlesh","floor":0},{"not_picked":["Shade:SanguineRitual","Shade:LyeBath"],"picked":"Shade:GraveStillness","floor":0},{"not_picked":["Shade:Doomsay","Shade:CallOfTheGrave"],"picked":"Shade:WallOfFlesh","floor":0},{"not_picked":["Shade:Frenzy","Shade:DangerousRitual"],"picked":"Shade:CommandSoldier","floor":0},{"not_picked":["infinitespire:Collect","infinitespire:UltimateForm"],"picked":"hubris:Rewind","floor":10},{"not_picked":["Shade:UnbarTheGrave","Shade:OneIsEnough"],"picked":"Shade:OminousRitual","floor":33},{"not_picked":["Shade:Putrefaction","Shade:SoulToxin+1"],"picked":"Shade:OpenGraves","floor":40},{"not_picked":["Shade:ClawBack","Shade:FreshBones"],"picked":"Shade:Premonition","floor":42},{"not_picked":["Shade:OpenGraves+1","Shade:PoundOfFlesh"],"picked":"Shade:Trample","floor":47}],"player_experience":169600,"relics_obtained":[{"floor":1,"key":"aspiration:ChemicalBlood"},{"floor":5,"key":"StuffTheSpire:Tea"},{"floor":9,"key":"Ornamental Fan"},{"floor":11,"key":"Happy Flower"},{"floor":14,"key":"CCEMRelics:Sandal"},{"floor":18,"key":"Potion Belt"},{"floor":20,"key":"Turnip"},{"floor":24,"key":"hubris:DeckOfHolding"},{"floor":26,"key":"aspiration:Lifesprig"},{"floor":29,"key":"Bag of Preparation"},{"floor":35,"key":"CCEMRelics:FryingPan"},{"floor":36,"key":"Bottled Lightning"},{"floor":39,"key":"infinitespire:PuzzleCube"},{"floor":40,"key":"halation:EternalFortune"},{"floor":40,"key":"halation:SelfBoilingWater"},{"floor":42,"key":"jedi:purplefairy"},{"floor":43,"key":"CCEMRelics:GrindingGear"},{"floor":46,"key":"StuffTheSpire:Mouthbags"},{"floor":47,"key":"hubris:Metronome"}],"event_choices":[{"damage_healed":0,"gold_gain":0,"player_choice":"Take Damage","damage_taken":16,"relics_obtained":["Golden Idol"],"max_hp_gain":0,"max_hp_loss":0,"event_name":"Golden Idol","floor":2,"gold_loss":0},{"damage_healed":0,"gold_gain":0,"player_choice":"Donut","damage_taken":0,"max_hp_gain":5,"max_hp_loss":0,"event_name":"Big Fish","floor":4,"gold_loss":0},{"damage_healed":0,"gold_gain":0,"player_choice":"Ignored","damage_taken":0,"max_hp_gain":0,"max_hp_loss":0,"event_name":"betterNote:BetterNote","floor":19,"gold_loss":0,"cards_obtained":["Bash"]},{"damage_healed":0,"gold_gain":0,"player_choice":"Paid","damage_taken":0,"relics_obtained":["Red Mask"],"max_hp_gain":0,"max_hp_loss":0,"event_name":"Tomb of Lord Red Mask","floor":37,"gold_loss":254}],"is_beta":false,"boss_relics":[{"not_picked":["ReplayTheSpireMod:SealedPack","Abe\u0027s Treasure"],"picked":"halation:LoveArrow"},{"not_picked":["conspire:RunicOctahedron","aspiration:IroncladSkillbook"],"picked":"Sozu"}],"items_purged_floors":[3,25,48],"is_endless":false,"potions_floor_spawned":[14,24,42,47],"ascension_level":0}}