{"host":"f0gpob8hq9vgebej","time":1608603961,"event":{"mods":["AchievementEnabler","BaseMod","Googly Eyes","Minty Spire (QoL Compilation)","Quick Restart","SuperFastMode"],"gold_per_floor":[117,130,52,52,62,73,73,83,83,8,8,37,47,47,47,47,47],"floor_reached":16,"playtime":249,"items_purged":["Strike_G"],"score":163,"play_id":"1dfaf3fb-3db9-48e1-9613-38f04f9dd56f","local_time":"20201222112601","is_ascension_mode":true,"campfire_choices":[{"floor":7,"key":"REST"},{"floor":11,"key":"REST"},{"floor":15,"key":"REST"}],"circlet_count":0,"master_deck":["AscendersBane","Strike_G","Strike_G","Strike_G","Strike_G","Defend_G","Defend_G","Defend_G","Defend_G","Defend_G","Survivor","Neutralize","Grand Finale","Deadly Poison","Masterful Stab","Well Laid Plans","Acrobatics","Backflip"],"relics":["Ring of the Snake","StrikeDummy","Sundial"],"acts_visited":["Exordium"],"potions_floor_usage":[12],"damage_taken":[{"damage":1,"enemies":"Cultist","floor":1,"turns":5},{"damage":2,"enemies":"Small Slimes","floor":2,"turns":5},{"damage":5,"enemies":"2 Louse","floor":5,"turns":3},{"damage":25,"enemies":"Large Slime","floor":6,"turns":7},{"damage":18,"enemies":"Lots of Slimes","floor":8,"turns":3},{"damage":12,"enemies":"Lagavulin","floor":12,"turns":5},{"damage":13,"enemies":"Red Slaver","floor":13,"turns":5},{"damage":0,"enemies":"Slime Boss","floor":16,"turns":1}],"seed_played":"-3987784944430408409","potions_obtained":[{"floor":2,"key":"Poison Potion"},{"floor":5,"key":"Dexterity Potion"},{"floor":12,"key":"FairyPotion"}],"is_trial":false,"path_per_floor":["M","M","$","?","M","M","R","M","T","$","R","E","M","?","R","B"],"character_chosen":"THE_SILENT","items_purchased":["Well Laid Plans"],"campfire_rested":3,"item_purchase_floors":[3],"current_hp_per_floor":[44,42,42,42,37,12,33,15,15,15,36,24,11,16,38,38,38],"gold":47,"neow_bonus":"THREE_RARE_CARDS","is_daily":false,"chose_seed":false,"campfire_upgraded":0,"win_rate":0.0,"timestamp":1608603961,"path_taken":["M","M","$","?","M","M","R","M","T","$","R","E","?","?","R","BOSS"],"items_purchased_type":["Card"],"build_version":"2020-12-13","purchased_purges":1,"victory":false,"max_hp_per_floor":[70,70,70,70,70,70,70,70,70,70,70,70,70,75,75,75,75],"card_choices":[{"not_picked":["Bullet Time","Storm of Steel"],"picked":"Grand Finale","floor":0},{"not_picked":["Leg Sweep","Eviscerate"],"picked":"Deadly Poison","floor":1},{"not_picked":["Dagger Spray","Masterful Stab","Underhanded Strike"],"picked":"SKIP","floor":2},{"not_picked":["Dagger Spray","Underhanded Strike"],"picked":"Masterful Stab","floor":2},{"not_picked":["PiercingWail","Quick Slash"],"picked":"Acrobatics","floor":5},{"not_picked":["Deadly Poison","Crippling Poison"],"picked":"Backflip","floor":6},{"not_picked":["Deadly Poison","Outmaneuver","Quick Slash"],"picked":"SKIP","floor":8},{"not_picked":["Unload","Endless Agony","Noxious Fumes"],"picked":"SKIP","floor":12},{"not_picked":["Dodge and Roll","Bane","Backflip"],"picked":"SKIP","floor":13}],"player_experience":183912,"relics_obtained":[{"floor":9,"key":"StrikeDummy"},{"floor":12,"key":"Sundial"}],"event_choices":[{"damage_healed":0,"gold_gain":0,"player_choice":"Bought 0 Potions","damage_taken":0,"max_hp_gain":0,"max_hp_loss":0,"event_name":"The Woman in Blue","floor":4,"gold_loss":0},{"damage_healed":0,"gold_gain":0,"player_choice":"Donut","damage_taken":0,"max_hp_gain":5,"max_hp_loss":0,"event_name":"Big Fish","floor":14,"gold_loss":0}],"is_beta":false,"boss_relics":[],"items_purged_floors":[10],"is_endless":false,"potions_floor_spawned":[2,5,8,12],"killed_by":"Slime Boss","ascension_level":12}}