{"host":"xko5sdb82mf02c09","time":1608630704,"event":{"mods":["AchievementEnabler","BaseMod","Colored Map","Minty Spire (QoL Compilation)","Quick Restart","StSLib","everything is the same but u backflip on backflip"],"gold_per_floor":[115,290,302,34,34,68,88,88,88,115,40,69,83,93,93,196,196,212,108,119,133,147,178,178,178,260,260,292,305,325,350,350,449,449,465,484,200,211,228,260,277,50,50,79,93,93,128,146,146,146,146,146,16,50,50,50],"floor_reached":55,"playtime":3668,"items_purged":["Doubt","Defend_P","Defend_P"],"score":1011,"play_id":"c53b9922-4c8c-4b48-91ec-5e6c11f086db","local_time":"20201222185144","is_ascension_mode":true,"campfire_choices":[{"data":"Apotheosis","floor":8.0,"key":"SMITH"},{"data":"EmptyMind","floor":15.0,"key":"SMITH"},{"floor":24.0,"key":"RECALL"},{"data":"Purity","floor":27.0,"key":"SMITH"},{"floor":32.0,"key":"REST"},{"data":"Halt","floor":46.0,"key":"SMITH"},{"data":"Eruption","floor":49,"key":"SMITH"},{"data":"Scrawl","floor":52,"key":"SMITH"}],"circlet_count":0,"master_deck":["Strike_P","Strike_P","Strike_P","Strike_P","Defend_P","Defend_P","Eruption+1","Vigilance","FollowUp","Sanctity","Apotheosis+1","Prostrate","CrushJoints","InnerPeace","Halt+1","EmptyMind+1","Consecrate","Scrawl+1","JustLucky","Purity+1","Halt","Prostrate","CutThroughFate","ClearTheMind+1","WaveOfTheHand+1","Adaptation+1","ConjureBlade+1","Prostrate+1","WaveOfTheHand+1","Madness+1","EmptyMind+1","Brilliance","Ragnarok+1","Parasite","Tantrum+1","Halt+1"],"relics":["PureWater","NeowsBlessing","Membership Card","Gambling Chip","Happy Flower","Bottled Lightning","Toolbox","Akabeko","Runic Pyramid","Singing Bowl","Nilry\u0027s Codex","Toxic Egg 2","Pantograph","MealTicket","VioletLotus","Sling","Ancient Tea Set","Mercury Hourglass","TungstenRod","Ginger","Molten Egg 2","Nunchaku","TeardropLocket","Thread and Needle"],"acts_visited":["Exordium","TheCity","TheBeyond","TheEnding"],"potions_floor_usage":[48],"damage_taken":[{"damage":0.0,"enemies":"2 Louse","floor":1.0,"turns":1.0},{"damage":0.0,"enemies":"Jaw Worm","floor":3.0,"turns":1.0},{"damage":0.0,"enemies":"3 Sentries","floor":6.0,"turns":1.0},{"damage":4.0,"enemies":"Cultist","floor":7.0,"turns":3.0},{"damage":2.0,"enemies":"Lagavulin","floor":10.0,"turns":6.0},{"damage":27.0,"enemies":"3 Sentries","floor":12.0,"turns":8.0},{"damage":4.0,"enemies":"Exordium Thugs","floor":13.0,"turns":3.0},{"damage":0.0,"enemies":"Large Slime","floor":14.0,"turns":4.0},{"damage":14.0,"enemies":"Hexaghost","floor":16.0,"turns":6.0},{"damage":0.0,"enemies":"Spheric Guardian","floor":18.0,"turns":3.0},{"damage":0.0,"enemies":"2 Thieves","floor":20.0,"turns":2.0},{"damage":0.0,"enemies":"Centurion and Healer","floor":21.0,"turns":2.0},{"damage":0.0,"enemies":"Chosen and Byrds","floor":22.0,"turns":2.0},{"damage":0.0,"enemies":"Book of Stabbing","floor":23.0,"turns":3.0},{"damage":8.0,"enemies":"Slavers","floor":28.0,"turns":4.0},{"damage":0.0,"enemies":"Sentry and Sphere","floor":29.0,"turns":2.0},{"damage":0.0,"enemies":"3 Cultists","floor":30.0,"turns":3.0},{"damage":7.0,"enemies":"Book of Stabbing","floor":31.0,"turns":4.0},{"damage":1.0,"enemies":"Automaton","floor":33.0,"turns":5.0},{"damage":6.0,"enemies":"3 Darklings","floor":35.0,"turns":6.0},{"damage":8.0,"enemies":"Orb Walker","floor":36.0,"turns":3.0},{"damage":0.0,"enemies":"Transient","floor":38.0,"turns":5.0},{"damage":15.0,"enemies":"4 Shapes","floor":39.0,"turns":6.0},{"damage":0.0,"enemies":"Reptomancer","floor":40.0,"turns":3.0},{"damage":0.0,"enemies":"3 Darklings","floor":41.0,"turns":6.0},{"damage":1.0,"enemies":"Nemesis","floor":44.0,"turns":3.0},{"damage":1.0,"enemies":"Writhing Mass","floor":45.0,"turns":5.0},{"damage":0.0,"enemies":"Giant Head","floor":47.0,"turns":4.0},{"damage":7,"enemies":"Jaw Worm Horde","floor":48,"turns":3},{"damage":45,"enemies":"Donu and Deca","floor":50,"turns":6},{"damage":53,"enemies":"Shield and Spear","floor":54,"turns":4},{"damage":65,"enemies":"The Heart","floor":55,"turns":6}],"seed_played":"-3313996633156880537","potions_obtained":[{"floor":1.0,"key":"Dexterity Potion"},{"floor":7.0,"key":"LiquidBronze"},{"floor":13.0,"key":"LiquidMemories"},{"floor":16.0,"key":"Fire Potion"},{"floor":22.0,"key":"SmokeBomb"},{"floor":30.0,"key":"FearPotion"},{"floor":31.0,"key":"Fruit Juice"},{"floor":35.0,"key":"BlessingOfTheForge"},{"floor":38.0,"key":"Swift Potion"},{"floor":40.0,"key":"BottledMiracle"},{"floor":47.0,"key":"PowerPotion"}],"is_trial":false,"path_per_floor":["M","?","M","$","?","E","M","R","T","E","$","E","M","M","R","B",null,"M","$","M","M","M","E","R","?","T","R","E","M","M","E","R","B",null,"M","M","$","M","M","E","M","$","T","E","M","R","E","M","R","B",null,"R","$","E","B"],"character_chosen":"WATCHER","items_purchased":["Membership Card","Apotheosis","Toolbox","Purity","Halt","WaveOfTheHand+1","Madness+1","Sling","Ancient Tea Set","TungstenRod","Brilliance","TeardropLocket"],"campfire_rested":1,"item_purchase_floors":[4,4,11,19,19,37,37,37,37,42,42,53],"current_hp_per_floor":[72,72,72,72,72,72,68,68,68,66,66,39,35,35,35,21,72,72,72,72,72,72,72,72,56,56,56,50,50,50,43,65,78,79,73,67,81,83,70,70,72,87,87,86,87,87,89,82,82,46,91,91,91,38,0,0],"gold":50,"neow_bonus":"THREE_ENEMY_KILL","is_daily":false,"chose_seed":false,"campfire_upgraded":6,"win_rate":0.0,"timestamp":1608630704,"path_taken":["M","?","M","$","?","E","M","R","T","E","$","E","M","M","R","BOSS","M","$","M","?","M","E","R","?","T","R","E","M","M","E","R","BOSS","M","M","$","M","M","E","M","$","T","E","M","R","E","M","R","BOSS","R","$","E","BOSS"],"items_purchased_type":["Relic","Card","Relic","Card","Card","Card","Card","Relic","Relic","Relic","Card","Relic"],"build_version":"2020-12-13","purchased_purges":3,"victory":false,"max_hp_per_floor":[72,72,72,72,72,72,72,72,72,72,72,72,72,72,72,72,72,72,72,72,72,72,72,72,72,72,72,74,74,74,74,74,79,79,79,81,81,83,85,85,87,87,87,87,89,89,91,91,91,91,91,91,91,91,91,91],"card_choices":[{"not_picked":["WreathOfFlame","Wallop"],"picked":"FollowUp","floor":1.0},{"not_picked":["ClearTheMind","SashWhip"],"picked":"Sanctity","floor":3.0},{"not_picked":["FlurryOfBlows","Fasting2"],"picked":"Prostrate","floor":6.0},{"not_picked":["BowlingBash","EmptyFist"],"picked":"CrushJoints","floor":7.0},{"not_picked":["ReachHeaven","FollowUp"],"picked":"InnerPeace","floor":10.0},{"not_picked":["Blasphemy","JustLucky"],"picked":"Halt","floor":12.0},{"not_picked":["Consecrate","ThirdEye"],"picked":"EmptyMind","floor":13.0},{"not_picked":["ThirdEye","BowlingBash"],"picked":"Consecrate","floor":14.0},{"not_picked":["Alpha","Establishment"],"picked":"Scrawl","floor":16.0},{"not_picked":["Conclude","InnerPeace+1"],"picked":"JustLucky","floor":18.0},{"not_picked":["Protect","Pray","SignatureMove"],"picked":"SKIP","floor":20.0},{"not_picked":["PathToVictory","EmptyMind"],"picked":"Prostrate","floor":21.0},{"not_picked":["WaveOfTheHand","Protect","Wireheading"],"picked":"SKIP","floor":22.0},{"not_picked":["Pray","SashWhip"],"picked":"CutThroughFate","floor":23.0},{"not_picked":["Nirvana","Establishment","Swivel+1"],"picked":"Singing Bowl","floor":28.0},{"not_picked":["Protect+1","WreathOfFlame+1"],"picked":"ClearTheMind+1","floor":29.0},{"not_picked":["CarveReality","CrushJoints"],"picked":"WaveOfTheHand+1","floor":30.0},{"not_picked":["Ragnarok","Vengeance+1"],"picked":"Adaptation+1","floor":31.0},{"not_picked":["Establishment","Scrawl+1"],"picked":"ConjureBlade+1","floor":33.0},{"not_picked":["FlyingSleeves+1","ClearTheMind+1"],"picked":"Prostrate+1","floor":35.0},{"not_picked":["EmptyBody+1","CrushJoints","Wireheading+1"],"picked":"Singing Bowl","floor":36.0},{"not_picked":["FlyingSleeves+1","Meditate+1","SashWhip"],"picked":"Singing Bowl","floor":38.0},{"not_picked":["Consecrate","FlyingSleeves","BowlingBash+1"],"picked":"Singing Bowl","floor":39.0},{"not_picked":["Collect+1","DeceiveReality+1"],"picked":"EmptyMind+1","floor":40.0},{"not_picked":["EmptyFist","Indignation+1","PathToVictory+1"],"picked":"Singing Bowl","floor":41.0},{"not_picked":["SandsOfTime+1","Protect+1"],"picked":"Ragnarok+1","floor":44.0},{"not_picked":["FlurryOfBlows+1","Pray+1","Swivel+1"],"picked":"Singing Bowl","floor":45.0},{"not_picked":["Fasting2","FlurryOfBlows+1","ThirdEye+1"],"picked":"Singing Bowl","floor":47.0},{"not_picked":["Crescendo+1","WindmillStrike+1"],"picked":"Tantrum+1","floor":48},{"not_picked":["Scrawl+1","FearNoEvil+1"],"picked":"Halt+1","floor":54}],"player_experience":687394,"relics_obtained":[{"floor":6.0,"key":"Happy Flower"},{"floor":10.0,"key":"Bottled Lightning"},{"floor":12.0,"key":"Akabeko"},{"floor":23.0,"key":"Singing Bowl"},{"floor":25.0,"key":"Nilry\u0027s Codex"},{"floor":26.0,"key":"Toxic Egg 2"},{"floor":28.0,"key":"Pantograph"},{"floor":31.0,"key":"MealTicket"},{"floor":40.0,"key":"Mercury Hourglass"},{"floor":43.0,"key":"Ginger"},{"floor":44.0,"key":"Molten Egg 2"},{"floor":47.0,"key":"Nunchaku"},{"floor":54,"key":"Thread and Needle"}],"event_choices":[{"damage_healed":0.0,"max_hp_gain":0.0,"max_hp_loss":0.0,"gold_gain":175.0,"event_name":"Liars Game","player_choice":"AGREE","floor":2.0,"gold_loss":0.0,"damage_taken":0.0,"cards_obtained":["Doubt"]},{"damage_healed":0.0,"max_hp_gain":0.0,"max_hp_loss":0.0,"gold_gain":0.0,"event_name":"WeMeetAgain","player_choice":"Gave Potion","floor":5.0,"gold_loss":0.0,"damage_taken":0.0,"relics_obtained":["Gambling Chip"]},{"damage_healed":0.0,"max_hp_gain":0.0,"max_hp_loss":0.0,"gold_gain":0.0,"event_name":"Cursed Tome","player_choice":"Obtained Book","floor":25.0,"gold_loss":0.0,"damage_taken":16.0}],"is_beta":false,"boss_relics":[{"not_picked":["Snecko Eye","Cursed Key"],"picked":"Runic Pyramid"},{"not_picked":["SacredBark","Calling Bell"],"picked":"VioletLotus"}],"items_purged_floors":[4,19,37],"is_endless":false,"potions_floor_spawned":[1,7,13,16,22,30,31,35,38,40,47],"killed_by":"The Heart","ascension_level":1}}