{"host":"2461dio7vetlq1z3","time":1608681458,"event":{"mods":["2.2 Compatiblity","AchievementEnabler","BaseMod","Better Third Choice","Hermit","Marisa????????","Minty Spire (QoL Compilation)","Relic Stats","Spicy Shops","StSLib","The Runesmith","Waifu the Spire"],"gold_per_floor":[117,69,81,100,110,110,135,135,135,172,172,194,19,61,61,61,61],"floor_reached":16,"playtime":929,"items_purged":["Runesmith:CraftFirestone","Runesmith:CraftReservo"],"score":160,"play_id":"a312fe1f-9f8b-4a80-8242-c9168eed4e94","local_time":"20201223005738","is_ascension_mode":true,"campfire_choices":[{"data":"Runesmith:LithiumIon","floor":6,"key":"SMITH"},{"data":"Runesmith:ArcReactor","floor":8,"key":"SMITH"},{"data":"Runesmith:Refine","floor":11,"key":"SMITH"},{"data":"Runesmith:DoubleUp","floor":15,"key":"SMITH"}],"circlet_count":0,"master_deck":["Runesmith:Fortify","Runesmith:RunicBlueprint","Runesmith:CraftIncendium","Runesmith:CraftObretio","Runesmith:RunicBlueprint","Runesmith:CraftMagma","Runesmith:HammerAndChisel","Runesmith:CraftVitae","Runesmith:LithiumIon+1","Runesmith:BackupBattery","Runesmith:BackupBattery","Runesmith:PoweredAnvil","Runesmith:BackupBattery","Runesmith:ArcReactor+1","Runesmith:Refine+1","Runesmith:DoubleUp+1","Runesmith:NanitesCloud"],"relics":["Pandora\u0027s Box","Happy Flower","CeramicFish","Mercury Hourglass","Omamori"],"acts_visited":["Exordium"],"potions_floor_usage":[16],"damage_taken":[{"damage":3,"enemies":"Cultist","floor":1,"turns":4},{"damage":9,"enemies":"2 Louse","floor":3,"turns":4},{"damage":0,"enemies":"Jaw Worm","floor":4,"turns":4},{"damage":6,"enemies":"Blue Slaver","floor":5,"turns":3},{"damage":22,"enemies":"3 Sentries","floor":7,"turns":5},{"damage":0,"enemies":"Lagavulin","floor":10,"turns":7},{"damage":17,"enemies":"2 Fungi Beasts","floor":12,"turns":4},{"damage":4,"enemies":"Gremlin Nob","floor":14,"turns":5},{"damage":11,"enemies":"The Guardian","floor":16,"turns":2}],"seed_played":"5679782257315771842","potions_obtained":[{"floor":1,"key":"Weak Potion"},{"floor":5,"key":"Explosive Potion"},{"floor":7,"key":"SpeedPotion"}],"is_trial":false,"path_per_floor":["M","$","M","M","M","R","E","R","T","E","R","M","$","E","R","B"],"character_chosen":"RUNESMITH_CLASS","items_purchased":["Runesmith:BackupBattery"],"campfire_rested":0,"item_purchase_floors":[2],"current_hp_per_floor":[67,67,58,58,52,52,30,30,30,30,30,13,13,9,9,0,0],"gold":61,"neow_bonus":"BOSS_RELIC","is_daily":false,"chose_seed":false,"campfire_upgraded":4,"win_rate":0.0,"timestamp":1608681458,"path_taken":["M","?","M","M","M","R","E","R","T","E","R","M","$","E","R","BOSS"],"items_purchased_type":["Card"],"build_version":"2020-12-13","purchased_purges":2,"victory":false,"max_hp_per_floor":[70,70,70,70,70,70,70,70,70,70,70,70,70,70,70,70,70],"relic_stats":{"Happy Flower":[6],"counters":[9,38],"CeramicFish":27,"Pandora\u0027s Box":["Runesmith:RunicBlueprint","Runesmith:CraftIncendium","Runesmith:CraftObretio","Runesmith:CraftReservo","Runesmith:RunicBlueprint","Runesmith:CraftMagma","Runesmith:HammerAndChisel","Runesmith:CraftVitae"],"obtain_stats":[{"Runesmith:BrokenRuby":0,"Happy Flower":7,"CeramicFish":9,"Pandora\u0027s Box":0,"Omamori":14,"Mercury Hourglass":10},{"Runesmith:BrokenRuby":0,"Happy Flower":5,"CeramicFish":5,"Pandora\u0027s Box":0,"Omamori":8,"Mercury Hourglass":6},{"Runesmith:BrokenRuby":0,"Happy Flower":20,"CeramicFish":20,"Pandora\u0027s Box":0,"Omamori":36,"Mercury Hourglass":27}],"Mercury Hourglass":[36]},"card_choices":[{"not_picked":["Runesmith:EnergizedChisel","Runesmith:HammerThrow"],"picked":"Runesmith:LithiumIon","floor":1},{"not_picked":["Runesmith:Permafrost","Runesmith:CraftMagma"],"picked":"Runesmith:BackupBattery","floor":3},{"not_picked":["Runesmith:EnergizedChisel","Runesmith:CraftReservo"],"picked":"Runesmith:PoweredAnvil","floor":4},{"not_picked":["Runesmith:CraftProtectio","Runesmith:HeatExchange"],"picked":"Runesmith:BackupBattery","floor":5},{"not_picked":["Runesmith:NegativeSpace","Runesmith:UnstableHammer"],"picked":"Runesmith:ArcReactor","floor":7},{"not_picked":["Runesmith:Duplicate","Runesmith:Repurpose"],"picked":"Runesmith:Refine","floor":10},{"not_picked":["Runesmith:CraftProtectio","Runesmith:HammerThrow"],"picked":"Runesmith:DoubleUp","floor":12},{"not_picked":["Runesmith:Firestorm","Runesmith:CraftProtectio"],"picked":"Runesmith:NanitesCloud","floor":14}],"player_experience":946615,"relics_obtained":[{"floor":7,"key":"Happy Flower"},{"floor":9,"key":"CeramicFish"},{"floor":10,"key":"Mercury Hourglass"},{"floor":14,"key":"Omamori"}],"event_choices":[],"is_beta":false,"boss_relics":[],"items_purged_floors":[13,13],"is_endless":false,"potions_floor_spawned":[1,5,7,14],"killed_by":"The Guardian","ascension_level":2}}