{"host":"c1oza4x7xlyuasvd","time":1608666737,"event":{"mods":["ATMod(阿瑾Mod)","Act Like it!","BaseMod","Better Vampires","Colored Powertips","Gensokyo","Minty Spire (QoL Compilation)","MostiFishMod","StSLib","TestMod","Waifu the Spire","【遗物卡牌】REMEMod"],"gold_per_floor":[118,118,142,154,167,198,123,150,150,183,183,183,583,603,603,681,681,691,709,759,778,484,484,514,533,559,594,594,629,629,646,646,718,718,728,748,748,748,456,491,516,566,592,619,629,656,673,153,153,153,153,153,153,180,180],"floor_reached":56,"playtime":2715,"items_purged":["Strike_R","Bash","Strike_R","Strike_R"],"score":2554,"play_id":"97f25dce-e4e9-4f2b-8640-a59ff5009ce4","local_time":"20201223035217","is_ascension_mode":true,"campfire_choices":[{"data":"Burning Pact","floor":11.0,"key":"SMITH"},{"data":"Carnage","floor":15.0,"key":"SMITH"},{"data":"testmod-EternalityOfKhronos","floor":23.0,"key":"SMITH"},{"data":"REME_Fury","floor":30.0,"key":"SMITH"},{"floor":32.0,"key":"RECALL"},{"data":"MostiFishMod:FlyOverUtopia","floor":49,"key":"SMITH"},{"data":"REME_Cut","floor":52,"key":"SMITH"}],"circlet_count":0,"master_deck":["AscendersBane","Strike_R","Strike_R","Defend_R","Defend_R","Defend_R","Defend_R","AT_FamilyPortrait","Shrug It Off","MostiFishMod:BrandingRite","Second Wind","Burning Pact+1","Carnage+1","REME_Cut+1","Reckless Charge","Disarm","REME_Fury+1","Rupture+1","Seeing Red+1","AT_CaressingTears","testmod-EternalityOfKhronos+1","AT_GerminateFire","MostiFishMod:#F4004+1","Barricade","Pommel Strike+1","REME_Fury+1","MostiFishMod:FlyOverUtopia+1","Sword Boomerang","REME_FearOfPain+1","REME_MawOfCthun","Entrench+1"],"relics":["Burning Blood","testmod-TestBox","AT_ATBox","DaveBox","REME_ComplimentaryCards","xbg","testmod-ChristmasGift","AT_BellDemon","Pen Nib","Ice Cream","testmod-Hope","WingedGreaves","testmod-Nyarlathotep","Ornamental Fan","testmod-TimeTraveler","Singing Bowl","AT_ChloranthyRing","Self Forming Clay","AT_SeraphEmbrace","GreenFoldingFan","DollysMirror","testmod-FatalChain","Mummified Hand","Ginger","Du-Vu Doll","AT_SunfireAegis","AT_RedTearstoneRing"],"acts_visited":["Gensokyo:Gensokyo","TheCity","Gensokyo:Gensokyoest","TheEnding"],"potions_floor_usage":[42],"damage_taken":[{"damage":0.0,"enemies":"Gensokyo:Gryphon","floor":1.0,"turns":1.0},{"damage":0.0,"enemies":"Gensokyo:2_Kodama","floor":4.0,"turns":2.0},{"damage":0.0,"enemies":"Gensokyo:3_Fairies","floor":5.0,"turns":2.0},{"damage":13.0,"enemies":"Gensokyo:Aya","floor":6.0,"turns":6.0},{"damage":12.0,"enemies":"Gensokyo:Cirno","floor":8.0,"turns":7.0},{"damage":3.0,"enemies":"Gensokyo:Mamizou","floor":10.0,"turns":6.0},{"damage":12.0,"enemies":"Gensokyo:3_Kodama","floor":14.0,"turns":5.0},{"damage":21.0,"enemies":"Gensokyo:Kokoro","floor":16.0,"turns":9.0},{"damage":9.0,"enemies":"Shell Parasite","floor":18.0,"turns":5.0},{"damage":3.0,"enemies":"3 Byrds","floor":19.0,"turns":1.0},{"damage":17.0,"enemies":"Cultist and Chosen","floor":21.0,"turns":4.0},{"damage":37.0,"enemies":"Book of Stabbing","floor":24.0,"turns":6.0},{"damage":5.0,"enemies":"3 Cultists","floor":25.0,"turns":6.0},{"damage":18.0,"enemies":"Gremlin Leader","floor":27.0,"turns":5.0},{"damage":12.0,"enemies":"Slavers","floor":29.0,"turns":4.0},{"damage":0.0,"enemies":"Snake Plant","floor":31.0,"turns":5.0},{"damage":5.0,"enemies":"Automaton","floor":33.0,"turns":4.0},{"damage":16.0,"enemies":"Gensokyo:3_Boulders","floor":35.0,"turns":4.0},{"damage":12.0,"enemies":"Gensokyo:AncientGuardian","floor":36.0,"turns":3.0},{"damage":25,"enemies":"Gensokyo:Marisa","floor":40,"turns":5},{"damage":12,"enemies":"Gensokyo:Doremy","floor":41,"turns":4},{"damage":15,"enemies":"Gensokyo:4_Bats","floor":42,"turns":3},{"damage":10,"enemies":"Gensokyo:Kasen","floor":44,"turns":3},{"damage":8,"enemies":"Gensokyo:AtlasGolem","floor":45,"turns":2},{"damage":8,"enemies":"Gensokyo:Marisa","floor":46,"turns":2},{"damage":24,"enemies":"Gensokyo:Sharpion","floor":47,"turns":2},{"damage":12,"enemies":"Gensokyo:Shinki","floor":50,"turns":4},{"damage":14,"enemies":"Shield and Spear","floor":54,"turns":3},{"damage":22,"enemies":"The Heart","floor":55,"turns":5}],"seed_played":"-8002302094541297410","potions_obtained":[{"floor":4.0,"key":"Swift Potion"},{"floor":16.0,"key":"PowerPotion"},{"floor":41,"key":"REME_GoldPotion"},{"floor":44,"key":"testmod-SpacePotion"}],"is_trial":false,"path_per_floor":["M","COS","T","M","M","E","$","E","T","E","R","?","?","M","R","B",null,"M","M","?","M","$","R","E","M","T","E","?","E","R","M","R","B",null,"M","M","?","?","$","E","E","M","T","E","M","E","M","$","R","B",null,"R","$","E","B",null],"character_chosen":"IRONCLAD","items_purchased":["testmod-EternalityOfKhronos","DollysMirror","AT_SunfireAegis","REME_MawOfCthun"],"campfire_rested":0,"item_purchase_floors":[22,39,48,48],"current_hp_per_floor":[74,74,74,75,75,68,68,69,69,75,75,75,75,75,75,75,75,75,75,75,68,68,68,76,79,79,69,46,84,84,86,86,86,86,88,88,88,88,88,88,90,90,90,90,92,94,96,96,96,96,96,96,96,96,96],"gold":180,"neow_bonus":"THREE_ENEMY_KILL","is_daily":false,"chose_seed":false,"campfire_upgraded":6,"win_rate":0.0,"timestamp":1608666737,"path_taken":["M","COS","?","?","M","E","?","E","T","E","R","?","?","M","R","BOSS","M","M","?","?","$","R","E","M","T","E","?","E","R","M","R","BOSS","M","M","?","?","$","E","E","M","T","E","M","E","M","$","R","BOSS","R","$","E","BOSS"],"items_purchased_type":["Card","Relic","Relic","Card"],"build_version":"2020-12-13","purchased_purges":4,"victory":true,"max_hp_per_floor":[75,75,75,75,75,75,75,75,75,75,75,75,75,75,75,75,75,75,75,75,75,75,75,77,79,79,79,84,84,84,86,86,86,86,88,88,88,88,88,88,90,90,90,90,92,94,96,96,96,96,96,96,96,96,96],"card_choices":[{"not_picked":["Perfected Strike","Headbutt"],"picked":"Shrug It Off","floor":1.0},{"not_picked":["Twin Strike","Sever Soul"],"picked":"MostiFishMod:BrandingRite","floor":4.0},{"not_picked":["Body Slam","Warcry"],"picked":"Second Wind","floor":5.0},{"not_picked":["Havoc","Combust","Cleave"],"picked":"SKIP","floor":6.0},{"not_picked":["Sever Soul","AT_BodySlamDance"],"picked":"Burning Pact","floor":8.0},{"not_picked":["Warcry","Hemokinesis"],"picked":"Carnage","floor":10.0},{"not_picked":["Twin Strike","Spot Weakness"],"picked":"REME_Cut","floor":12.0},{"not_picked":["Thunderclap","Fiend Fire"],"picked":"Reckless Charge","floor":12.0},{"not_picked":["Perfected Strike","Anger"],"picked":"Disarm","floor":14.0},{"not_picked":["Feed","MostiFishMod:Chiaki"],"picked":"REME_Fury","floor":16.0},{"not_picked":["Clothesline","Wild Strike","AT_BodySlamDance"],"picked":"Rupture+1","floor":18.0},{"not_picked":["Thunderclap","Intimidate"],"picked":"Seeing Red+1","floor":19.0},{"not_picked":["Shrug It Off","True Grit"],"picked":"AT_CaressingTears","floor":21.0},{"not_picked":["Pommel Strike","Flame Barrier","Rupture+1"],"picked":"Singing Bowl","floor":24.0},{"not_picked":["Iron Wave","Sword Boomerang","REME_Cut"],"picked":"Singing Bowl","floor":25.0},{"not_picked":["Metallicize","Fire Breathing+1"],"picked":"AT_GerminateFire","floor":27.0},{"not_picked":["Shockwave","Flex"],"picked":"MostiFishMod:#F4004+1","floor":29.0},{"not_picked":["Hemokinesis","MostiFishMod:#F4004","Wild Strike"],"picked":"Singing Bowl","floor":31.0},{"not_picked":["MostiFishMod:ChineseTea","Fiend Fire"],"picked":"Barricade","floor":33.0},{"not_picked":["Warcry","Cleave+1","Wild Strike+1"],"picked":"Singing Bowl","floor":35.0},{"not_picked":["Rage+1","True Grit"],"picked":"Pommel Strike+1","floor":36.0},{"not_picked":["Sever Soul","Headbutt"],"picked":"MostiFishMod:FlyOverUtopia","floor":40},{"not_picked":["Armaments","Flex+1","Heavy Blade"],"picked":"Singing Bowl","floor":41},{"not_picked":["Twin Strike+1","Headbutt"],"picked":"Sword Boomerang","floor":42},{"not_picked":["Cleave","Iron Wave+1"],"picked":"REME_FearOfPain+1","floor":44},{"not_picked":["Headbutt","AT_BodySlamDance","Wild Strike"],"picked":"Singing Bowl","floor":45},{"not_picked":["MostiFishMod:404NotFound","Headbutt","AT_IchimonjiDouble"],"picked":"Singing Bowl","floor":46},{"not_picked":["Flex","AT_DrawKnifeCut","True Grit"],"picked":"Singing Bowl","floor":47},{"not_picked":["Carnage","Thunderclap"],"picked":"Entrench+1","floor":54}],"player_experience":195833,"relics_obtained":[{"floor":3.0,"key":"AT_BellDemon"},{"floor":4.0,"key":"Pen Nib"},{"floor":5.0,"key":"Ice Cream"},{"floor":6.0,"key":"testmod-Hope"},{"floor":8.0,"key":"WingedGreaves"},{"floor":9.0,"key":"testmod-Nyarlathotep"},{"floor":10.0,"key":"Ornamental Fan"},{"floor":24.0,"key":"Singing Bowl"},{"floor":26.0,"key":"AT_ChloranthyRing"},{"floor":27.0,"key":"Self Forming Clay"},{"floor":29.0,"key":"AT_ArchangelStaff"},{"floor":40,"key":"testmod-FatalChain"},{"floor":41,"key":"Mummified Hand"},{"floor":44,"key":"Ginger"},{"floor":46,"key":"Du-Vu Doll"},{"floor":54,"key":"AT_RedTearstoneRing"}],"event_choices":[{"damage_healed":0.0,"max_hp_gain":0.0,"max_hp_loss":0.0,"gold_gain":400.0,"event_name":"恩洛斯的盘子","player_choice":"Sell","floor":13.0,"relics_lost":["NeowsBlessing"],"gold_loss":0.0,"damage_taken":0.0},{"damage_healed":0.0,"max_hp_gain":0.0,"max_hp_loss":0.0,"gold_gain":50.0,"event_name":"Golden Shrine","player_choice":"Pray","floor":20.0,"gold_loss":0.0,"damage_taken":0.0},{"damage_healed":0.0,"max_hp_gain":5.0,"max_hp_loss":0.0,"gold_gain":0.0,"event_name":"Forgotten Altar","player_choice":"Shed Blood","floor":28.0,"gold_loss":0.0,"damage_taken":28.0},{"damage_healed":0.0,"max_hp_gain":0.0,"max_hp_loss":0.0,"gold_gain":0.0,"event_name":"给自己的盒子","player_choice":"Ignored","floor":38.0,"gold_loss":0.0,"damage_taken":0.0}],"is_beta":false,"boss_relics":[{"not_picked":["testmod-CardMagician","Transparent"],"picked":"testmod-TimeTraveler"},{"not_picked":["Snecko Eye","Mark of Pain"],"picked":"GreenFoldingFan"}],"items_purged_floors":[7,22,39,48],"is_endless":false,"potions_floor_spawned":[4,10,16,18,24,31,41,42,44],"ascension_level":18}}