{"host":"zdznbz1vk7bo8bwe","time":1608613289,"event":{"mods":["Act Like it!","Aspiration","BaseMod","Better-Laid Plans","Block Reminder","Conspire","Custom Start","Defuse TimeMaze Blight","Ekko","Elementarium","Energized Spire","Gensokyo","Hubris","Infinite Spire","Jedi Mod","Jorbs\u0027s Wanderer Trilogy","Lobotomy","Menagerie","Minty Spire (QoL Compilation)","Rare Cards Sparkle","Replay The Spire","Spicy Shops","StSLib","The Animator","The Bug Knight","The Cursed","The Factory","The Jungle","The Vixen","Transform Curses","vexMod"],"gold_per_floor":[119,138,156,156,180,180,180,180,207,132,149,161,161,192,192,295,295,314,314,314,325,352,386,386,396,421,453,453,483,500,500,500,604,604,620,620,594,614,625,651,106,106,106],"floor_reached":42,"playtime":2467,"items_purged":["Pain"],"score":831,"play_id":"d7167a6e-b0bb-43fd-ba39-2cb994668f87","local_time":"20201221210129","daily_mods":["Heirloom","Elite Swarm"],"is_ascension_mode":true,"campfire_choices":[{"data":"ekkoTheBoyWhoShatteredTime:HailOfBlades","floor":6.0,"key":"SMITH"},{"data":"ekkoTheBoyWhoShatteredTime:PulsefirePooling","floor":13.0,"key":"SMITH"},{"data":"ekkoTheBoyWhoShatteredTime:NashorsTooth","floor":15.0,"key":"SMITH"},{"data":"ReplayTheSpireMod:Echoes of Time","floor":28,"key":"SMITH"},{"data":"ekkoTheBoyWhoShatteredTime:NeedlesslyLargeRod","floor":32,"key":"SMITH"}],"circlet_count":0,"master_deck":["ekkoTheBoyWhoShatteredTime:Disturblast+1","ekkoTheBoyWhoShatteredTime:PhaseDive+1","ekkoTheBoyWhoShatteredTime:TimeIndustry+1","ekkoTheBoyWhoShatteredTime:NashorsTooth+1","ekkoTheBoyWhoShatteredTime:NeedlesslyLargeRod+1","ekkoTheBoyWhoShatteredTime:PulsefirePooling+1","ekkoTheBoyWhoShatteredTime:HailOfBlades+1","ekkoTheBoyWhoShatteredTime:Knowledge+1","ekkoTheBoyWhoShatteredTime:HextechProtobelt","ekkoTheBoyWhoShatteredTime:TimeRecall","ekkoTheBoyWhoShatteredTime:PulsefirePooling","ekkoTheBoyWhoShatteredTime:SneakHit","ReplayTheSpireMod:Echoes of Time+1","ekkoTheBoyWhoShatteredTime:TrinityForce","ekkoTheBoyWhoShatteredTime:HailOfBlades+1","Gensokyo:ScrapIron","Gensokyo:Shovel","Gensokyo:RustyChest"],"relics":["ekkoTheBoyWhoShatteredTime:zDriveResonance","Ice Cream","infinitespire:Lucky Rock","Gensokyo:LunaticRedEyes","HollowMod:PaleOreRelic","ReplayTheSpireMod:Lightbulb","hubris:ScarierMask","infinitespire:Bottled Soul","Elementarium:GoldenMirage","Snack Pack","Omamori","aspiration:Lifesprig","Calipers","Elementarium:ElementariumTrophy","energizedSpire:MagnifyingGlass","ekkoTheBoyWhoShatteredTime:zDriveGreediness","hubris:SphereOfDissonance","vexMod:Spyglass","Strange Spoon","HandDrill"],"acts_visited":["Gensokyo:Gensokyo","Elementarium:Elementarium","Gensokyo:Gensokyoest"],"potions_floor_usage":[],"damage_taken":[{"damage":0.0,"enemies":"Gensokyo:2_Kodama","floor":1.0,"turns":1.0},{"damage":0.0,"enemies":"Gensokyo:Python","floor":2.0,"turns":1.0},{"damage":8.0,"enemies":"Gensokyo:Gryphon","floor":3.0,"turns":2.0},{"damage":0.0,"enemies":"Gensokyo:3_Kodama","floor":11.0,"turns":1.0},{"damage":4.0,"enemies":"Gensokyo:5_Fairies","floor":12.0,"turns":3.0},{"damage":0.0,"enemies":"Gensokyo:Aya","floor":14.0,"turns":1.0},{"damage":7.0,"enemies":"Gensokyo:Kokoro","floor":16.0,"turns":4.0},{"damage":5.0,"enemies":"Elementarium:Cyclone","floor":18.0,"turns":2.0},{"damage":0,"enemies":"Elementarium:2_ELEMENTALS","floor":21,"turns":1},{"damage":0,"enemies":"Elementarium:GOLDEN_STATUES","floor":22,"turns":1},{"damage":0,"enemies":"Elementarium:ElementalPortal","floor":23,"turns":2},{"damage":0,"enemies":"Elementarium:Hydrostalker","floor":25,"turns":1},{"damage":0,"enemies":"Nightmare","floor":27,"turns":2},{"damage":0,"enemies":"Elementarium:ElementalPortal","floor":29,"turns":2},{"damage":4,"enemies":"Elementarium:CYCLONE_AND_LIVING_STORMCLOUD","floor":30,"turns":1},{"damage":0,"enemies":"Elementarium:GoldenDragon","floor":33,"turns":2},{"damage":0,"enemies":"Gensokyo:AncientGuardian","floor":35,"turns":1},{"damage":0,"enemies":"Gensokyo:3_Bats","floor":38,"turns":1},{"damage":0,"enemies":"Gensokyo:3_Boulders","floor":39,"turns":2},{"damage":0,"enemies":"Gensokyo:Doremy","floor":40,"turns":1},{"damage":67,"enemies":"Nightmare","floor":42,"turns":4}],"seed_played":"5093761766714316981","potions_obtained":[{"floor":1.0,"key":"ColorlessPotion"},{"floor":4.0,"key":"Dexterity Potion"},{"floor":12.0,"key":"ekkoTheBoyWhoShatteredTime:BottledSheen"},{"floor":23,"key":"jedi:StrikingPotion"},{"floor":30,"key":"DuplicationPotion"}],"is_trial":true,"path_per_floor":["M","M","M","?","T","R","?","?","T","$","M","M","R","E","R","B",null,"M","?","?","M","?","E","?","M","T","NM","R","E","M","?","R","B",null,"M","?","$","M","M","E","COS","NM"],"character_chosen":"EKKO_THE_BOY_WHO_SHATTERED_TIME","items_purchased":["ekkoTheBoyWhoShatteredTime:HauntingGuise"],"campfire_rested":0,"item_purchase_floors":[37],"current_hp_per_floor":[78,78,70,70,70,70,70,70,70,70,70,66,66,66,66,59,78,73,73,73,73,73,73,78,78,78,78,78,78,78,78,78,78,78,78,59,59,59,59,59,59,0,0],"gold":106,"neow_bonus":"","is_daily":false,"chose_seed":false,"campfire_upgraded":5,"win_rate":0.0,"timestamp":1608613289,"path_taken":["M","M","M","?","?","R","?","?","T","$","?","M","R","E","R","BOSS","M","?","?","?","?","E","?","M","T","NM","R","E","?","?","R","BOSS","M","?","$","?","M","E","COS","NM"],"items_purchased_type":["Card"],"build_version":"2020-12-13","purchased_purges":1,"victory":false,"max_hp_per_floor":[78,78,78,78,78,78,78,78,78,78,78,78,78,78,78,78,78,78,78,78,78,78,78,78,78,78,78,78,78,78,78,78,78,78,78,59,59,59,59,59,59,59,59],"card_choices":[{"not_picked":["ekkoTheBoyWhoShatteredTime:ParallelConvergence","ekkoTheBoyWhoShatteredTime:SpHit","ekkoTheBoyWhoShatteredTime:Dash"],"picked":"SKIP","floor":1.0},{"not_picked":["ekkoTheBoyWhoShatteredTime:CommittedStrike","ekkoTheBoyWhoShatteredTime:FluidEnergy","ekkoTheBoyWhoShatteredTime:Dash"],"picked":"SKIP","floor":2.0},{"not_picked":["ekkoTheBoyWhoShatteredTime:GrandeFinale","ekkoTheBoyWhoShatteredTime:VelocityConsuming"],"picked":"ekkoTheBoyWhoShatteredTime:TimeRecall","floor":3.0},{"not_picked":["ekkoTheBoyWhoShatteredTime:RecallingPunch","ekkoTheBoyWhoShatteredTime:AfterimageTease","ekkoTheBoyWhoShatteredTime:AfterimageBait"],"picked":"SKIP","floor":11.0},{"not_picked":["ekkoTheBoyWhoShatteredTime:SpHit","ekkoTheBoyWhoShatteredTime:NaggingBlow","ekkoTheBoyWhoShatteredTime:Dash"],"picked":"SKIP","floor":12.0},{"not_picked":["ekkoTheBoyWhoShatteredTime:SktSynergy","ekkoTheBoyWhoShatteredTime:CatchUpTime","ekkoTheBoyWhoShatteredTime:TimeIndustry"],"picked":"SKIP","floor":14.0},{"not_picked":["ekkoTheBoyWhoShatteredTime:GrandeFinale","ekkoTheBoyWhoShatteredTime:SktSynergy"],"picked":"ekkoTheBoyWhoShatteredTime:PulsefirePooling","floor":16.0},{"not_picked":["ekkoTheBoyWhoShatteredTime:FeelIt","ekkoTheBoyWhoShatteredTime:AfterimageBait","ekkoTheBoyWhoShatteredTime:Timewinder"],"picked":"SKIP","floor":18.0},{"not_picked":["ekkoTheBoyWhoShatteredTime:CommittedStrike","ekkoTheBoyWhoShatteredTime:AfterimageBait","ekkoTheBoyWhoShatteredTime:SneakHit"],"picked":"SKIP","floor":21},{"not_picked":["ekkoTheBoyWhoShatteredTime:GrandeFinale","ekkoTheBoyWhoShatteredTime:Discharge"],"picked":"ekkoTheBoyWhoShatteredTime:Powered","floor":23},{"not_picked":["ekkoTheBoyWhoShatteredTime:HauntedAfterimage","ekkoTheBoyWhoShatteredTime:WideSlice"],"picked":"ekkoTheBoyWhoShatteredTime:SneakHit","floor":25},{"not_picked":["infinitespire:NeuralNetwork","infinitespire:DeathsTouch"],"picked":"ReplayTheSpireMod:Echoes of Time","floor":27},{"not_picked":["ekkoTheBoyWhoShatteredTime:Periocharge","ekkoTheBoyWhoShatteredTime:OverloadingWeapon","ekkoTheBoyWhoShatteredTime:ProjectPreference"],"picked":"SKIP","floor":27},{"not_picked":["ekkoTheBoyWhoShatteredTime:GuinsoosRageblade","ekkoTheBoyWhoShatteredTime:OverloadingWeapon","ekkoTheBoyWhoShatteredTime:TrinityForce"],"picked":"SKIP","floor":29},{"not_picked":["ekkoTheBoyWhoShatteredTime:AfterimageHit","ekkoTheBoyWhoShatteredTime:AfterimageTease","ekkoTheBoyWhoShatteredTime:FeelIt"],"picked":"SKIP","floor":30},{"not_picked":["ekkoTheBoyWhoShatteredTime:SandstormSympathy","ekkoTheBoyWhoShatteredTime:Unleashed"],"picked":"ekkoTheBoyWhoShatteredTime:TrinityForce","floor":33},{"not_picked":["ekkoTheBoyWhoShatteredTime:FeelIt","ekkoTheBoyWhoShatteredTime:Vibin","ekkoTheBoyWhoShatteredTime:Greed+1"],"picked":"SKIP","floor":35},{"not_picked":["ekkoTheBoyWhoShatteredTime:HauntedAfterimage+1","ekkoTheBoyWhoShatteredTime:LoadUp","ekkoTheBoyWhoShatteredTime:Backtrack"],"picked":"SKIP","floor":38},{"not_picked":["ekkoTheBoyWhoShatteredTime:Greed+1","ekkoTheBoyWhoShatteredTime:HauntingGuise+1"],"picked":"ekkoTheBoyWhoShatteredTime:HailOfBlades+1","floor":39},{"not_picked":["ekkoTheBoyWhoShatteredTime:URF","ekkoTheBoyWhoShatteredTime:AcademyAttraction","ekkoTheBoyWhoShatteredTime:Periocharge"],"picked":"SKIP","floor":40}],"player_experience":49203,"relics_obtained":[{"floor":5.0,"key":"infinitespire:Lucky Rock"},{"floor":9.0,"key":"HollowMod:PaleOreRelic"},{"floor":14.0,"key":"ReplayTheSpireMod:Lightbulb"},{"floor":22,"key":"Elementarium:GoldenMirage"},{"floor":23,"key":"Snack Pack"},{"floor":26,"key":"Omamori"},{"floor":27,"key":"aspiration:Lifesprig"},{"floor":29,"key":"Calipers"},{"floor":40,"key":"hubris:SphereOfDissonance"}],"event_choices":[{"damage_healed":0.0,"max_hp_gain":0.0,"max_hp_loss":0.0,"gold_gain":0.0,"event_name":"Elementarium:VoidShrine","player_choice":"Pray","floor":19.0,"gold_loss":0.0,"damage_taken":0.0,"cards_upgraded":["ekkoTheBoyWhoShatteredTime:Knowledge"]},{"damage_healed":0,"gold_gain":0,"player_choice":"Fight","damage_taken":0,"max_hp_gain":0,"max_hp_loss":0,"event_name":"Elementarium:GoldenStatues","floor":22,"gold_loss":0},{"cards_removed":["ekkoTheBoyWhoShatteredTime:Powered"],"damage_healed":0,"gold_gain":0,"player_choice":"Burn","damage_taken":0,"max_hp_gain":0,"max_hp_loss":0,"event_name":"Elementarium:LostScrolls","floor":31,"gold_loss":0}],"is_beta":false,"boss_relics":[{"not_picked":["energizedSpire:CursedPentagram","hubris:CrackedHourglass"],"picked":"hubris:ScarierMask"},{"not_picked":["Coffee Dripper","hubris:VirtuousBlindfold"],"picked":"energizedSpire:MagnifyingGlass"}],"items_purged_floors":[10],"is_endless":true,"potions_floor_spawned":[1,12,14,23,25,30,33,39],"killed_by":"Nightmare","ascension_level":4}}