{"host":"07ljfmttuzqopd7f","time":1608603906,"event":{"mods":["2.2 Compatiblity","BaseMod","Bestiary","Block Reminder","Colored Map","Colored Powertips","Curses Come First","Hermit","Minty Spire (QoL Compilation)","Quick Restart","Random Character Button","Rare Cards Sparkle","Relic Stats","StSLib","The Cursed","UnlockEverythingMod","everything is the same but u backflip on backflip"],"gold_per_floor":[116,191,268,268,35,35,0,28,54,69,89,89,89,115,115,220,220,239,289,305,35,45,45,75,75,102,102,132,132,54,72,72,172,172,189,189,208,226,226,226],"floor_reached":39,"playtime":1524,"items_purged":["hermit:Strike_Hermit"],"score":595,"play_id":"beec9892-e417-42b6-aa00-9093c34de9ad","local_time":"20201221212506","is_ascension_mode":true,"campfire_choices":[{"data":"hermit:FlashPowder","floor":6.0,"key":"SMITH"},{"floor":12.0,"key":"REST"},{"data":"hermit:Roughhouse","floor":15.0,"key":"SMITH"},{"floor":23,"key":"REST"},{"floor":25,"key":"REST"},{"floor":27,"key":"RECALL"},{"floor":32,"key":"REST"}],"circlet_count":0,"master_deck":["hermit:Snapshot","hermit:Covet","hermit:Enervate","hermit:FlashPowder+1","hermit:LoneWolf","hermit:Brawl","hermit:Coalescence","hermit:Vantage","hermit:Roughhouse+1","hermit:Adapt","hermit:PistolWhip","Apotheosis+1","hermit:GhostlyPresence","hermit:FromBeyond","hermit:Deadeye+1","hermit:Gestalt+1","hermit:NoHoldsBarred+1","hermit:Deadeye","hermit:OverwhelmingPower","hermit:Dive+1","hermit:Headshot","hermit:EternalForm","hermit:Determination+1"],"relics":["Empty Cage","Eternal Feather","Happy Flower","Incense Burner","Bronze Scales","Matryoshka","Fusion Hammer","Tiny Chest","Darkstone Periapt","MealTicket","Dream Catcher","hermit:Spyglass","Toxic Egg 2","Pandora\u0027s Box"],"acts_visited":["Exordium","TheCity","TheBeyond"],"potions_floor_usage":[24,39,39],"damage_taken":[{"damage":3.0,"enemies":"2 Louse","floor":1.0,"turns":3.0},{"damage":22.0,"enemies":"Gremlin Nob","floor":8.0,"turns":4.0},{"damage":3.0,"enemies":"Jaw Worm","floor":10.0,"turns":3.0},{"damage":8.0,"enemies":"Small Slimes","floor":11.0,"turns":3.0},{"damage":8.0,"enemies":"3 Sentries","floor":14.0,"turns":7.0},{"damage":35.0,"enemies":"The Guardian","floor":16.0,"turns":12.0},{"damage":4,"enemies":"3 Byrds","floor":18,"turns":3},{"damage":2,"enemies":"2 Thieves","floor":20,"turns":4},{"damage":10,"enemies":"Sentry and Sphere","floor":22,"turns":5},{"damage":45,"enemies":"Slavers","floor":24,"turns":8},{"damage":11,"enemies":"Book of Stabbing","floor":28,"turns":6},{"damage":12,"enemies":"Snake Plant","floor":31,"turns":3},{"damage":17,"enemies":"Automaton","floor":33,"turns":9},{"damage":8,"enemies":"Orb Walker","floor":35,"turns":3},{"damage":20,"enemies":"3 Darklings","floor":37,"turns":5},{"damage":34,"enemies":"Spire Growth","floor":38,"turns":6},{"damage":18,"enemies":"Transient","floor":39,"turns":2}],"seed_played":"-4357982128599439905","potions_obtained":[{"floor":1.0,"key":"SteroidPotion"},{"floor":10.0,"key":"PowerPotion"},{"floor":11.0,"key":"Fire Potion"},{"floor":18,"key":"hermit:BlackBile"},{"floor":22,"key":"PowerPotion"},{"floor":24,"key":"GamblersBrew"},{"floor":33,"key":"DuplicationPotion"}],"is_trial":false,"path_per_floor":["M","?","?","?","$","R","$","E","T","M","M","R","?","E","R","B",null,"M","?","M","$","M","R","E","R","T","R","E","T","$","M","R","B",null,"M","?","M","M","M"],"character_chosen":"HERMIT","items_purchased":["hermit:FlashPowder","Happy Flower","hermit:LoneWolf","Apotheosis","hermit:Gestalt+1"],"campfire_rested":4,"item_purchase_floors":[5,5,7,21,30],"current_hp_per_floor":[65,54,54,51,51,57,57,35,35,32,24,52,52,44,53,18,61,57,57,55,55,45,75,30,61,61,70,59,59,74,62,75,58,71,63,63,43,9,0,0],"gold":226,"neow_bonus":"BOSS_RELIC","is_daily":false,"chose_seed":false,"campfire_upgraded":2,"win_rate":0.0,"timestamp":1608603906,"path_taken":["M","?","?","?","?","R","$","E","T","M","M","R","?","E","R","BOSS","M","?","M","$","?","R","E","R","T","R","E","?","$","?","R","BOSS","M","?","M","M","M"],"items_purchased_type":["Card","Relic","Card","Card","Card"],"build_version":"2020-12-13","purchased_purges":1,"victory":false,"max_hp_per_floor":[75,75,75,75,75,75,75,75,75,75,75,75,75,75,75,75,75,75,75,75,75,75,75,75,75,75,75,75,75,75,75,75,75,75,75,75,75,75,75,75],"relic_stats":{"Darkstone Periapt":0,"Dream Catcher":1,"Happy Flower":[27],"counters":[17,86],"Bronze Scales":[287],"Eternal Feather":60,"Tiny Chest":0,"MealTicket":15,"Pandora\u0027s Box":["hermit:Deadeye","hermit:OverwhelmingPower","hermit:Dive","hermit:Headshot","hermit:EternalForm"],"obtain_stats":[{"Darkstone Periapt":26,"Happy Flower":5,"Eternal Feather":4,"Incense Burner":8,"Empty Cage":0,"Dream Catcher":28,"Matryoshka":14,"Bronze Scales":9,"Tiny Chest":24,"MealTicket":26,"Pandora\u0027s Box":34,"Fusion Hammer":17,"Toxic Egg 2":29,"hermit:Momento":0,"hermit:Spyglass":29},{"Darkstone Periapt":10,"Happy Flower":1,"Eternal Feather":1,"Incense Burner":2,"Empty Cage":0,"Dream Catcher":11,"Matryoshka":5,"Bronze Scales":2,"Tiny Chest":10,"MealTicket":10,"Pandora\u0027s Box":13,"Fusion Hammer":6,"Toxic Egg 2":11,"hermit:Momento":0,"hermit:Spyglass":11},{"Darkstone Periapt":52,"Happy Flower":3,"Eternal Feather":3,"Incense Burner":7,"Empty Cage":0,"Dream Catcher":58,"Matryoshka":20,"Bronze Scales":7,"Tiny Chest":52,"MealTicket":52,"Pandora\u0027s Box":70,"Fusion Hammer":32,"Toxic Egg 2":58,"hermit:Momento":0,"hermit:Spyglass":58}]},"card_choices":[{"not_picked":["hermit:TakeCover","hermit:CursedWeapon"],"picked":"hermit:Enervate","floor":1.0},{"not_picked":["hermit:BodyArmor","hermit:WideOpen"],"picked":"hermit:Brawl","floor":8.0},{"not_picked":["hermit:HoleUp","hermit:SprayPray"],"picked":"hermit:Coalescence","floor":10.0},{"not_picked":["hermit:Snipe","hermit:Misfire"],"picked":"hermit:Vantage","floor":11.0},{"not_picked":["hermit:Feint","hermit:Headshot"],"picked":"hermit:Roughhouse","floor":14.0},{"not_picked":["hermit:Dissolve","hermit:FinalCanter"],"picked":"hermit:Adapt","floor":16.0},{"not_picked":["hermit:FullyLoaded","hermit:Midnight","hermit:Manifest"],"picked":"SKIP","floor":18},{"not_picked":["hermit:Misfire","hermit:CursedWeapon+1"],"picked":"hermit:PistolWhip","floor":20},{"not_picked":["hermit:Snipe","hermit:FullyLoaded"],"picked":"hermit:GhostlyPresence","floor":22},{"not_picked":["hermit:Scavenge","hermit:HoleUp"],"picked":"hermit:FromBeyond","floor":24},{"not_picked":["hermit:EyeOfTheStorm","hermit:Feint+1"],"picked":"hermit:Deadeye+1","floor":28},{"not_picked":["hermit:Showdown","hermit:SprayPray+1"],"picked":"hermit:NoHoldsBarred+1","floor":31},{"not_picked":["hermit:Feint+1","hermit:TakeCover+1","hermit:WideOpen+1"],"picked":"SKIP","floor":35},{"not_picked":["hermit:Deadeye+1","hermit:Headshot+1","hermit:FullyLoaded+1"],"picked":"SKIP","floor":37},{"not_picked":["hermit:TrackingShot","hermit:FlashPowder+1"],"picked":"hermit:Determination+1","floor":38}],"player_experience":451854,"relics_obtained":[{"floor":8.0,"key":"Incense Burner"},{"floor":9.0,"key":"Bronze Scales"},{"floor":14.0,"key":"Matryoshka"},{"floor":24,"key":"Tiny Chest"},{"floor":26,"key":"Darkstone Periapt"},{"floor":26,"key":"MealTicket"},{"floor":28,"key":"Dream Catcher"},{"floor":29,"key":"hermit:Spyglass"},{"floor":29,"key":"Toxic Egg 2"}],"event_choices":[{"damage_healed":0.0,"max_hp_gain":0.0,"max_hp_loss":0.0,"gold_gain":75.0,"event_name":"World of Goop","player_choice":"Gather Gold","floor":2.0,"gold_loss":0.0,"damage_taken":11.0},{"damage_healed":0.0,"max_hp_gain":0.0,"max_hp_loss":0.0,"gold_gain":77.0,"event_name":"Golden Wing","player_choice":"Gained Gold","floor":3.0,"gold_loss":0.0,"damage_taken":0.0},{"damage_healed":0.0,"max_hp_gain":0.0,"max_hp_loss":0.0,"gold_gain":0.0,"event_name":"Scrap Ooze","player_choice":"Success","floor":4.0,"gold_loss":0.0,"damage_taken":3.0,"relics_obtained":["Eternal Feather"]},{"damage_healed":0.0,"max_hp_gain":0.0,"max_hp_loss":0.0,"gold_gain":0.0,"event_name":"Golden Idol","player_choice":"Ignored","floor":13.0,"gold_loss":0.0,"damage_taken":0.0},{"damage_healed":0,"gold_gain":100,"player_choice":"Bet on Murderer","damage_taken":0,"max_hp_gain":0,"max_hp_loss":0,"event_name":"The Joust","floor":19,"gold_loss":50},{"damage_healed":0,"gold_gain":0,"player_choice":"Upgraded","damage_taken":0,"max_hp_gain":0,"max_hp_loss":0,"event_name":"Upgrade Shrine","floor":36,"gold_loss":0,"cards_upgraded":["Apotheosis"]}],"is_beta":false,"boss_relics":[{"not_picked":["Busted Crown","Ectoplasm"],"picked":"Fusion Hammer"},{"not_picked":["Tiny House","Runic Pyramid"],"picked":"Pandora\u0027s Box"}],"items_purged_floors":[21],"is_endless":false,"potions_floor_spawned":[1,10,11,18,22,24,33,37],"killed_by":"Transient","ascension_level":8}}