{"host":"nsu382cuivk29rjh","time":1608606225,"event":{"mods":["BaseMod","Downfall","Minty Spire (QoL Compilation)","StSLib"],"gold_per_floor":[99,99,99,99,24,36,106,118,145,145,179,104,121,132,151,151,151,151],"floor_reached":16,"playtime":662,"items_purged":["Guardian:Strike_Guardian"],"score":116,"play_id":"447b675b-c39e-4109-8dc5-4bf0b5396c67","local_time":"20201222110345","is_ascension_mode":true,"campfire_choices":[{"floor":1.0,"key":"RECALL"},{"data":"Guardian:RefractedBeam","floor":12.0,"key":"SMITH"}],"circlet_count":0,"master_deck":["Guardian:Strike_Guardian","Guardian:Strike_Guardian","Guardian:Defend_Guardian","Guardian:Defend_Guardian","Guardian:Defend_Guardian","Guardian:CurlUp","Guardian:TwinSlam","Guardian:Emergency","Guardian:RefractedBeam+1","Guardian:BronzeArmor","Guardian:PrimingBeam","Guardian:Orbwalk","Guardian:Recover","Guardian:ChargeUp"],"relics":["Guardian:ModeShifter","downfall:HeartsMalice","Singing Bowl","TungstenRod","Blood Vial","downfall:HeartBlessingRed"],"acts_visited":["Exordium"],"potions_floor_usage":[14,16,16],"damage_taken":[{"damage":0.0,"enemies":"Jaw Worm","floor":3.0,"turns":1.0},{"damage":0.0,"enemies":"Cultist","floor":4.0,"turns":1.0},{"damage":0.0,"enemies":"downfall:FleeingMerchant","floor":5.0,"turns":1.0},{"damage":5.0,"enemies":"Small Slimes","floor":6.0,"turns":2.0},{"damage":0.0,"enemies":"Red Slaver","floor":8.0,"turns":4.0},{"damage":34.0,"enemies":"3 Sentries","floor":9.0,"turns":13.0},{"damage":37.0,"enemies":"Gremlin Nob","floor":11.0,"turns":6.0},{"damage":0.0,"enemies":"2 Fungi Beasts","floor":13.0,"turns":2.0},{"damage":0,"enemies":"Large Slime","floor":14,"turns":1},{"damage":2,"enemies":"Red Slaver","floor":15,"turns":4},{"damage":12,"enemies":"downfall:Defect","floor":16,"turns":5}],"seed_played":"-2095006712220892195","potions_obtained":[{"floor":6.0,"key":"Fire Potion"},{"floor":8.0,"key":"FearPotion"},{"floor":11.0,"key":"SteroidPotion"},{"floor":13.0,"key":"EssenceOfSteel"},{"floor":15,"key":"Block Potion"}],"is_trial":false,"path_per_floor":["R","?","M","M","$","M","T","M","E","?","E","R","M","M","M","B"],"character_chosen":"GUARDIAN","items_purchased":[],"campfire_rested":0,"item_purchase_floors":[],"current_hp_per_floor":[80,80,80,80,80,75,75,77,43,43,6,6,8,10,10,0,0,0],"gold":151,"neow_bonus":"THREE_ENEMY_KILL","is_daily":false,"chose_seed":false,"campfire_upgraded":1,"win_rate":0.0,"timestamp":1608606225,"path_taken":["R","?","M","M","$","?","T","M","E","?","E","R","?","M","M","BOSS"],"items_purchased_type":[],"build_version":"2020-12-13","purchased_purges":1,"victory":false,"max_hp_per_floor":[80,80,80,80,80,80,80,82,82,82,82,82,82,82,82,82,82,82],"card_choices":[{"not_picked":["Guardian:RollAttack","Guardian:DonusPower"],"picked":"Guardian:Emergency","floor":3.0},{"not_picked":["Guardian:CrystalBeam","Guardian:Incinerate"],"picked":"Guardian:RefractedBeam","floor":4.0},{"not_picked":["Guardian:ChargeCore","Guardian:Harden"],"picked":"Guardian:Gem_White","floor":5.0},{"not_picked":["Guardian:Gem_Purple","Guardian:Gem_Red"],"picked":"Guardian:Gem_Cyan","floor":6.0},{"not_picked":["Guardian:TemporalStrike","Guardian:WalkerClaw","Guardian:RollAttack"],"picked":"Singing Bowl","floor":8.0},{"not_picked":["Guardian:Harden","Guardian:Gem_Cyan"],"picked":"Guardian:BronzeArmor","floor":9.0},{"not_picked":["Guardian:WalkerClaw","Guardian:EvasiveProtocol"],"picked":"Guardian:PrimingBeam","floor":11.0},{"not_picked":["Guardian:Gem_Cyan","Guardian:VentSteam"],"picked":"Guardian:Orbwalk","floor":13.0},{"not_picked":["Guardian:Gem_Lightblue","Guardian:Gem_Red"],"picked":"Guardian:Recover","floor":14},{"not_picked":["Guardian:TemporalShield","Guardian:Gem_Lightblue"],"picked":"Guardian:ChargeUp","floor":15}],"player_experience":1111597,"relics_obtained":[{"floor":7.0,"key":"Singing Bowl"},{"floor":9.0,"key":"TungstenRod"},{"floor":11.0,"key":"Blood Vial"}],"event_choices":[{"cards_removed":["Guardian:Strike_Guardian"],"damage_healed":0.0,"max_hp_gain":0.0,"max_hp_loss":0.0,"gold_gain":0.0,"event_name":"Purifier","player_choice":"Purged","floor":2.0,"gold_loss":0.0,"damage_taken":0.0},{"cards_removed":["Guardian:Defend_Guardian"],"damage_healed":0.0,"max_hp_gain":0.0,"max_hp_loss":0.0,"gold_gain":0.0,"event_name":"Wheel of Change","player_choice":"Card Removal","floor":10.0,"gold_loss":0.0,"damage_taken":0.0}],"is_beta":false,"boss_relics":[],"items_purged_floors":[5],"is_endless":false,"potions_floor_spawned":[6,8,11,13,15],"killed_by":"downfall:Defect","ascension_level":1}}