{"host":"ih7ofq2zpufcoifs","time":1608606842,"event":{"mods":["BaseMod","Colored Map","Minty Spire (QoL Compilation)"],"gold_per_floor":[368,333,352,366,366,366,30,30,30,43,43,69,69,85,85,161,161,173,173,30,48,59,59,92,108,131,131,148,163,163,183,183,257,257,269,249,269,29,45,72,72,72,99,116,116,129,145,145,145,145,145,145,145,25,54,54],"floor_reached":57,"playtime":10507,"items_purged":["Strike_G","Strike_G","Strike_G","Parasite"],"score":2562,"play_id":"54ba5b93-3627-4332-bd68-7ae8b62af33b","local_time":"20201222131402","is_ascension_mode":true,"campfire_choices":[{"data":"1","floor":6.0,"key":"LIFT"},{"data":"2","floor":8.0,"key":"LIFT"},{"data":"3","floor":11.0,"key":"LIFT"},{"data":"Catalyst","floor":15.0,"key":"SMITH"},{"data":"Burst","floor":23.0,"key":"SMITH"},{"data":"Footwork","floor":27.0,"key":"SMITH"},{"data":"Footwork","floor":30.0,"key":"SMITH"},{"data":"Venomology","floor":32.0,"key":"SMITH"},{"floor":41,"key":"REST"},{"floor":45,"key":"RECALL"},{"floor":49,"key":"REST"},{"data":"Night Terror","floor":53,"key":"SMITH"}],"circlet_count":0,"master_deck":["AscendersBane","Defend_G","Defend_G","Defend_G","Defend_G","Defend_G","Survivor","Neutralize+1","Poisoned Stab","Catalyst+1","Skewer","Dagger Spray","Footwork+1","PiercingWail","Burst+1","Venomology+1","Dagger Throw+1","Predator","Footwork+1","Poisoned Stab+1","PiercingWail","Grand Finale+1","Reflex","PiercingWail","Night Terror+1","Deadly Poison","Noxious Fumes","Impatience","Backflip","Tactician+1","Venomology","Burst+1"],"relics":["Ring of the Snake","Girya","Strange Spoon","Calipers","Anchor","Runic Pyramid","The Courier","Strawberry","Cursed Key","Lantern","Whetstone"],"acts_visited":["Exordium","TheCity","TheBeyond","TheEnding"],"potions_floor_usage":[37,39,44,46,46,46,46,46,46,46,47,47,47,50,50,50,50,50,50,51,51,51,51,55,55,55,55,55,55,55,55,55,55,55,55,56,56,56,56,56,56,56,56,56,56,56,56,56,56],"damage_taken":[{"damage":1.0,"enemies":"Jaw Worm","floor":1.0,"turns":5.0},{"damage":2.0,"enemies":"2 Louse","floor":3.0,"turns":3.0},{"damage":1.0,"enemies":"Cultist","floor":4.0,"turns":4.0},{"damage":0.0,"enemies":"Large Slime","floor":10.0,"turns":4.0},{"damage":5.0,"enemies":"3 Sentries","floor":12.0,"turns":3.0},{"damage":0.0,"enemies":"Red Slaver","floor":14.0,"turns":3.0},{"damage":32.0,"enemies":"Hexaghost","floor":16.0,"turns":12.0},{"damage":0.0,"enemies":"3 Byrds","floor":18.0,"turns":8.0},{"damage":3.0,"enemies":"Spheric Guardian","floor":21.0,"turns":11.0},{"damage":14.0,"enemies":"Chosen and Byrds","floor":22.0,"turns":9.0},{"damage":10.0,"enemies":"Book of Stabbing","floor":24.0,"turns":6.0},{"damage":1.0,"enemies":"Centurion and Healer","floor":25.0,"turns":10.0},{"damage":0.0,"enemies":"Snecko","floor":28.0,"turns":5.0},{"damage":0.0,"enemies":"Sentry and Sphere","floor":29.0,"turns":4.0},{"damage":1.0,"enemies":"Centurion and Healer","floor":31.0,"turns":8.0},{"damage":23.0,"enemies":"Collector","floor":33.0,"turns":13.0},{"damage":2,"enemies":"3 Darklings","floor":35,"turns":6},{"damage":1,"enemies":"3 Shapes","floor":37,"turns":4},{"damage":5,"enemies":"Transient","floor":39,"turns":6},{"damage":91,"enemies":"Giant Head","floor":40,"turns":10},{"damage":2,"enemies":"4 Shapes","floor":44,"turns":9},{"damage":0,"enemies":"Jaw Worm Horde","floor":46,"turns":7},{"damage":25,"enemies":"Maw","floor":47,"turns":8},{"damage":80,"enemies":"Awakened One","floor":50,"turns":12},{"damage":26,"enemies":"Time Eater","floor":51,"turns":8},{"damage":55,"enemies":"Shield and Spear","floor":55,"turns":9},{"damage":27,"enemies":"The Heart","floor":56,"turns":13}],"seed_played":"8926986763403507769","potions_obtained":[{"floor":10.0,"key":"BlessingOfTheForge"},{"floor":12.0,"key":"SkillPotion"},{"floor":14.0,"key":"GamblersBrew"},{"floor":22.0,"key":"Swift Potion"},{"floor":33.0,"key":"GamblersBrew"},{"floor":35,"key":"PowerPotion"},{"floor":36,"key":"FairyPotion"},{"floor":44,"key":"Regen Potion"},{"floor":46,"key":"SkillPotion"}],"is_trial":false,"path_per_floor":["M","?","M","M","?","R","$","R","T","M","R","E","?","M","R","B",null,"M","?","$","M","M","R","E","M","T","R","M","M","R","M","R","B",null,"M","?","M","$","M","E","R","?","T","M","R","M","M","?","R","B","B",null,"R","$","E","B",null],"character_chosen":"THE_SILENT","items_purchased":["Strange Spoon","Dagger Spray","Footwork","Footwork","Noxious Fumes","Impatience"],"campfire_rested":2,"item_purchase_floors":[7,7,7,20,38,38],"current_hp_per_floor":[43,59,57,56,45,45,45,45,45,45,45,40,33,33,33,1,50,50,50,50,47,42,42,32,31,38,38,38,38,38,37,37,14,58,56,56,55,55,50,7,28,28,28,26,26,41,16,16,37,11,25,61,61,61,46,19],"gold":54,"neow_bonus":"TWO_FIFTY_GOLD","is_daily":false,"chose_seed":false,"campfire_upgraded":6,"win_rate":0.0,"timestamp":1608606842,"path_taken":["M","?","M","M","?","R","$","R","T","M","R","E","?","M","R","BOSS","M","?","$","M","M","R","E","M","T","R","M","?","R","M","R","BOSS","M","?","?","$","M","E","R","?","T","?","R","M","M","?","R","BOSS","BOSS","R","$","E","BOSS"],"items_purchased_type":["Relic","Card","Card","Card","Card","Card"],"build_version":"2020-12-13","purchased_purges":4,"victory":true,"max_hp_per_floor":[66,66,66,66,66,66,66,66,66,66,66,66,66,66,66,66,66,66,66,66,66,66,66,66,66,73,73,73,73,73,73,73,73,73,73,73,73,73,73,73,73,73,73,73,73,73,73,73,73,73,73,73,73,70,70,70],"card_choices":[{"not_picked":["Flying Knee","Cloak And Dagger"],"picked":"Poisoned Stab","floor":1.0},{"not_picked":["Calculated Gamble","Deflect"],"picked":"Catalyst","floor":3.0},{"not_picked":["Dodge and Roll","Dagger Throw"],"picked":"Skewer","floor":4.0},{"not_picked":["Flying Knee","Escape Plan"],"picked":"PiercingWail","floor":10.0},{"not_picked":["Slice","Poisoned Stab"],"picked":"Burst","floor":12.0},{"not_picked":["Skewer","Eviscerate","Sucker Punch"],"picked":"SKIP","floor":14.0},{"not_picked":["Phantasmal Killer","Die Die Die"],"picked":"Venomology","floor":16.0},{"not_picked":["Eviscerate","Quick Slash"],"picked":"Dagger Throw+1","floor":18.0},{"not_picked":["Sucker Punch","Bane"],"picked":"Poisoned Stab","floor":21.0},{"not_picked":["Deadly Poison","Poisoned Stab"],"picked":"PiercingWail","floor":22.0},{"not_picked":["Heel Hook","Backflip+1","Riddle With Holes"],"picked":"SKIP","floor":24.0},{"not_picked":["Dagger Spray","Dagger Throw"],"picked":"Grand Finale","floor":25.0},{"not_picked":["Quick Slash","Finisher","Dash"],"picked":"SKIP","floor":28.0},{"not_picked":["Backflip","Slice"],"picked":"Reflex","floor":29.0},{"not_picked":["Bane","Dodge and Roll"],"picked":"PiercingWail","floor":31.0},{"not_picked":["Doppelganger","After Image"],"picked":"Night Terror","floor":33.0},{"not_picked":["Dagger Throw+1","Sucker Punch","Predator"],"picked":"SKIP","floor":35},{"not_picked":["All Out Attack","Underhanded Strike"],"picked":"Deadly Poison","floor":37},{"not_picked":["Underhanded Strike+1","Quick Slash+1","Blade Dance"],"picked":"SKIP","floor":39},{"not_picked":["Heel Hook","Prepared"],"picked":"Backflip","floor":40},{"not_picked":["Dagger Throw","Masterful Stab","Escape Plan"],"picked":"SKIP","floor":44},{"not_picked":["Bouncing Flask+1","Infinite Blades"],"picked":"Tactician+1","floor":46},{"not_picked":["Dodge and Roll","PiercingWail"],"picked":"Venomology","floor":47},{"not_picked":["Terror","Endless Agony+1","Poisoned Stab"],"picked":"SKIP","floor":55}],"player_experience":438516,"relics_obtained":[{"floor":9.0,"key":"Calipers"},{"floor":12.0,"key":"Anchor"},{"floor":24.0,"key":"The Courier"},{"floor":26.0,"key":"Strawberry"},{"floor":40,"key":"Lantern"},{"floor":55,"key":"Whetstone"}],"event_choices":[{"damage_healed":16.0,"max_hp_gain":0.0,"max_hp_loss":0.0,"gold_gain":0.0,"event_name":"The Cleric","player_choice":"Healed","floor":2.0,"gold_loss":35.0,"damage_taken":0.0},{"damage_healed":0.0,"max_hp_gain":0.0,"max_hp_loss":0.0,"gold_gain":0.0,"event_name":"Scrap Ooze","player_choice":"Success","floor":5.0,"gold_loss":0.0,"damage_taken":11.0,"relics_obtained":["Girya"]},{"cards_removed":["Strike_G"],"damage_healed":0.0,"max_hp_gain":0.0,"max_hp_loss":0.0,"gold_gain":0.0,"event_name":"Golden Wing","player_choice":"Card Removal","floor":13.0,"gold_loss":0.0,"damage_taken":7.0},{"damage_healed":0.0,"max_hp_gain":0.0,"max_hp_loss":0.0,"gold_gain":0.0,"cards_transformed":["Strike_G"],"event_name":"Transmorgrifier","player_choice":"Transformed","floor":19.0,"gold_loss":0.0,"damage_taken":0.0,"cards_obtained":["Predator"]},{"damage_healed":0,"gold_gain":0,"player_choice":"Bought 1 Potion","damage_taken":0,"max_hp_gain":0,"max_hp_loss":0,"event_name":"The Woman in Blue","floor":36,"gold_loss":0},{"damage_healed":0,"gold_gain":0,"player_choice":"Forge","damage_taken":0,"max_hp_gain":0,"max_hp_loss":0,"event_name":"Accursed Blacksmith","floor":42,"gold_loss":0,"cards_upgraded":["Neutralize"]},{"damage_healed":0,"gold_gain":0,"player_choice":"Copied","damage_taken":0,"max_hp_gain":0,"max_hp_loss":0,"event_name":"Duplicator","floor":48,"gold_loss":0,"cards_obtained":["Burst"]}],"is_beta":false,"boss_relics":[{"not_picked":["Tiny House","Runic Dome"],"picked":"Runic Pyramid"},{"not_picked":["Astrolabe","Calling Bell"],"picked":"Cursed Key"}],"items_purged_floors":[7,20,38,54],"is_endless":false,"potions_floor_spawned":[10,12,14,22,25,29,31,33,35,40,44,46],"ascension_level":20}}