{"host":"03a85bwj0a5skoit","time":1608618813,"event":{"mods":["BaseMod","Block Reminder","Minty Spire (QoL Compilation)","Relic Stats","StSLib"],"gold_per_floor":[117,117,137,24,24,52,202,277,277,291,310,342,362,372,372,372,372],"floor_reached":16,"playtime":592,"items_purged":[],"score":274,"play_id":"b6e4d450-8dd0-4c2d-a57f-c7493dfb71fe","local_time":"20201222170333","is_ascension_mode":true,"campfire_choices":[{"floor":15,"key":"REST"}],"circlet_count":0,"master_deck":["AscendersBane","Strike_P","Strike_P","Strike_P","Defend_P","Defend_P","Defend_P","Defend_P","Eruption","Vigilance+1","LikeWater","Wallop","Perseverance","ThirdEye","Adaptation","Doubt","EmptyFist","Prostrate","DeusExMachina","Worship"],"relics":["PureWater","NeowsBlessing","Boot","Damaru","Centennial Puzzle"],"acts_visited":["Exordium"],"potions_floor_usage":[12,12,16],"damage_taken":[{"damage":0,"enemies":"Jaw Worm","floor":1,"turns":1},{"damage":0,"enemies":"2 Louse","floor":3,"turns":1},{"damage":0,"enemies":"Lagavulin","floor":6,"turns":3},{"damage":13,"enemies":"Small Slimes","floor":10,"turns":4},{"damage":12,"enemies":"Exordium Wildlife","floor":11,"turns":7},{"damage":5,"enemies":"3 Sentries","floor":12,"turns":10},{"damage":6,"enemies":"Exordium Thugs","floor":13,"turns":8},{"damage":0,"enemies":"2 Fungi Beasts","floor":14,"turns":3},{"damage":42,"enemies":"Slime Boss","floor":16,"turns":7}],"seed_played":"8504775069180252036","potions_obtained":[{"floor":1,"key":"LiquidMemories"},{"floor":3,"key":"BlessingOfTheForge"},{"floor":14,"key":"DistilledChaos"}],"is_trial":false,"path_per_floor":["M","?","M","$","?","E","?","?","T","M","M","E","M","M","R","B"],"character_chosen":"WATCHER","items_purchased":["Perseverance","ThirdEye"],"campfire_rested":1,"item_purchase_floors":[4,4],"current_hp_per_floor":[61,61,61,61,54,54,54,43,43,30,18,13,7,7,27,0,0],"gold":372,"neow_bonus":"THREE_ENEMY_KILL","is_daily":false,"chose_seed":false,"campfire_upgraded":0,"win_rate":0.0,"timestamp":1608618813,"path_taken":["M","?","M","$","?","E","?","?","T","M","M","E","?","M","R","BOSS"],"items_purchased_type":["Card","Card"],"build_version":"2020-12-13","purchased_purges":0,"victory":false,"max_hp_per_floor":[68,68,68,68,68,68,68,68,68,68,68,68,68,68,68,68,68],"relic_stats":{"Centennial Puzzle":[6],"counters":[9,44],"Boot":[7],"obtain_stats":[{"Centennial Puzzle":12,"NeowsBlessing":0,"Damaru":9,"PureWater":0,"Boot":6},{"Centennial Puzzle":6,"NeowsBlessing":0,"Damaru":3,"PureWater":0,"Boot":3},{"Centennial Puzzle":26,"NeowsBlessing":0,"Damaru":5,"PureWater":0,"Boot":5}]},"card_choices":[{"not_picked":["Protect","Halt"],"picked":"LikeWater","floor":1},{"not_picked":["FearNoEvil","BowlingBash"],"picked":"Wallop","floor":3},{"not_picked":["FollowUp","FlyingSleeves"],"picked":"Adaptation","floor":6},{"not_picked":["Blasphemy","SashWhip"],"picked":"EmptyFist","floor":10},{"not_picked":["BowlingBash","CutThroughFate"],"picked":"Prostrate","floor":11},{"not_picked":["FollowUp","WaveOfTheHand"],"picked":"DeusExMachina","floor":12},{"not_picked":["SashWhip","ClearTheMind","JustLucky"],"picked":"SKIP","floor":13},{"not_picked":["FollowUp","CarveReality"],"picked":"Worship","floor":14}],"player_experience":2293043,"relics_obtained":[{"floor":6,"key":"Boot"},{"floor":9,"key":"Damaru"},{"floor":12,"key":"Centennial Puzzle"}],"event_choices":[{"damage_healed":0,"gold_gain":0,"player_choice":"Grow","damage_taken":0,"max_hp_gain":0,"max_hp_loss":0,"event_name":"Living Wall","floor":2,"gold_loss":0,"cards_upgraded":["Vigilance"]},{"cards_removed":["Strike_P"],"damage_healed":0,"gold_gain":0,"player_choice":"Card Removal","damage_taken":7,"max_hp_gain":0,"max_hp_loss":0,"event_name":"Golden Wing","floor":5,"gold_loss":0},{"damage_healed":0,"gold_gain":150,"player_choice":"AGREE","damage_taken":0,"max_hp_gain":0,"max_hp_loss":0,"event_name":"Liars Game","floor":7,"gold_loss":0,"cards_obtained":["Doubt"]},{"damage_healed":0,"gold_gain":75,"player_choice":"Gather Gold","damage_taken":11,"max_hp_gain":0,"max_hp_loss":0,"event_name":"World of Goop","floor":8,"gold_loss":0}],"is_beta":false,"boss_relics":[],"items_purged_floors":[],"is_endless":false,"potions_floor_spawned":[1,3,10,14],"killed_by":"Slime Boss","ascension_level":20}}