{"host":"Fun","time":1608678728,"event":{"mods":["BaseMod","Colored Map","Filter the Spire","Minty Spire (QoL Compilation)","Relic Stats","StSLib"],"gold_per_floor":[117,133,149,167,167,199,199,228,228,4,4,33,33,17,17,145,145,168,186,186,202,37,63,63,63,116,140,177,193,234,250,250,364,364,386,20,79,92,101,101,101,134,161,161,176,219,243,243,243,243],"floor_reached":51,"playtime":1906,"items_purged":["Strike_R","Strike_R","Strike_R+1"],"score":1238,"play_id":"09d36771-526a-4436-90b1-4dc98ee0064e","local_time":"20201222181208","is_ascension_mode":true,"campfire_choices":[{"data":"Bash","floor":7,"key":"SMITH"},{"floor":15,"key":"REST"},{"floor":24,"key":"REST"},{"floor":32,"key":"REST"},{"data":"Demon Form","floor":40,"key":"SMITH"},{"data":"Demon Form","floor":44,"key":"SMITH"},{"data":"1","floor":49,"key":"LIFT"}],"circlet_count":0,"master_deck":["AscendersBane","Defend_R+1","Defend_R+1","Defend_R+1","Defend_R+1","Bash+1","Headbutt","Whirlwind+1","Feed+1","Dual Wield","Demon Form+1","Armaments","Berserk","Shockwave","Demon Form+1","Pummel+1","Ghostly Armor","True Grit","Sword Boomerang","Uppercut","Reaper","Shrug It Off+1","Flame Barrier","Apotheosis","Flame Barrier+1","Metallicize"],"relics":["Burning Blood","WarpedTongs","Ornamental Fan","CeramicFish","Pear","Bird Faced Urn","Bloody Idol","Runic Dome","Akabeko","Whetstone","Red Mask","Gremlin Horn","SlaversCollar","Eternal Feather","Calipers","Gambling Chip","Juzu Bracelet","Girya"],"acts_visited":["Exordium","TheCity","TheBeyond"],"potions_floor_usage":[18,18,27,30,33,50,50],"damage_taken":[{"damage":6,"enemies":"Small Slimes","floor":1,"turns":4},{"damage":1,"enemies":"Cultist","floor":2,"turns":3},{"damage":1,"enemies":"2 Louse","floor":3,"turns":3},{"damage":14,"enemies":"Blue Slaver","floor":4,"turns":5},{"damage":27,"enemies":"3 Sentries","floor":6,"turns":7},{"damage":44,"enemies":"Lagavulin","floor":8,"turns":7},{"damage":4,"enemies":"Gremlin Nob","floor":12,"turns":3},{"damage":38,"enemies":"Slime Boss","floor":16,"turns":6},{"damage":17,"enemies":"Spheric Guardian","floor":18,"turns":3},{"damage":9,"enemies":"Shell Parasite","floor":21,"turns":3},{"damage":78,"enemies":"Gremlin Leader","floor":23,"turns":9},{"damage":21,"enemies":"Snake Plant","floor":27,"turns":5},{"damage":9,"enemies":"Masked Bandits","floor":28,"turns":6},{"damage":20,"enemies":"Shelled Parasite and Fungi","floor":29,"turns":5},{"damage":48,"enemies":"Slavers","floor":30,"turns":5},{"damage":9,"enemies":"Snecko","floor":31,"turns":5},{"damage":61,"enemies":"Collector","floor":33,"turns":8},{"damage":13,"enemies":"Orb Walker","floor":35,"turns":4},{"damage":37,"enemies":"Mind Bloom Boss Battle","floor":37,"turns":9},{"damage":33,"enemies":"3 Darklings","floor":38,"turns":6},{"damage":59,"enemies":"Nemesis","floor":42,"turns":9},{"damage":17,"enemies":"Maw","floor":45,"turns":6},{"damage":48,"enemies":"Reptomancer","floor":46,"turns":6},{"damage":54,"enemies":"Spire Growth","floor":47,"turns":7},{"damage":111,"enemies":"Awakened One","floor":50,"turns":13}],"seed_played":"6282829031527921150","potions_obtained":[{"floor":6,"key":"ElixirPotion"},{"floor":12,"key":"LiquidBronze"},{"floor":23,"key":"Regen Potion"},{"floor":27,"key":"Explosive Potion"},{"floor":28,"key":"Swift Potion"},{"floor":30,"key":"ElixirPotion"},{"floor":33,"key":"Strength Potion"}],"is_trial":false,"path_per_floor":["M","M","M","M","?","E","R","E","T","$","$","E","?","$","R","B",null,"M","?","?","M","$","E","R","?","T","M","?","M","E","M","R","B",null,"M","$","?","M","?","R","?","E","T","R","M","E","M","?","R","B",null],"character_chosen":"IRONCLAD","items_purchased":["Demon Form","Armaments","Ghostly Armor","Eternal Feather"],"campfire_rested":3,"item_purchase_floors":[10,14,22,36],"current_hp_per_floor":[72,77,84,80,80,63,63,29,39,39,39,41,41,41,70,40,84,73,73,73,77,82,19,48,48,53,70,81,80,54,64,99,58,103,112,112,126,126,126,126,126,126,126,126,124,102,94,94,109,110],"gold":243,"neow_bonus":"THREE_CARDS","is_daily":false,"chose_seed":false,"campfire_upgraded":3,"win_rate":0.0,"timestamp":1608678728,"path_taken":["M","M","M","M","?","E","R","E","T","?","$","E","?","$","R","BOSS","M","?","?","M","$","E","R","?","T","M","?","M","E","M","R","BOSS","M","$","?","M","?","R","?","E","T","R","M","E","M","?","R","BOSS"],"items_purchased_type":["Card","Card","Card","Relic"],"build_version":"2020-12-18","purchased_purges":3,"victory":true,"max_hp_per_floor":[80,80,84,88,88,92,92,96,106,106,106,106,98,98,98,98,98,98,98,98,98,98,98,98,98,98,102,106,110,114,118,118,118,118,122,122,126,126,126,126,126,126,126,126,130,130,130,130,130,134],"relic_stats":{"Gremlin Horn":[10,10],"counters":[25,147],"CeramicFish":144,"Eternal Feather":15,"Juzu Bracelet":1,"Whetstone":["Feed","Pummel"],"Burning Blood":142,"WarpedTongs":[117],"Ornamental Fan":[44],"Bird Faced Urn":[47],"Bloody Idol":115,"Gambling Chip":[13],"obtain_stats":[{"Girya":46,"Pear":9,"Calipers":37,"Gremlin Horn":30,"Golden Idol":13,"CeramicFish":8,"Eternal Feather":36,"Juzu Bracelet":43,"Whetstone":26,"Burning Blood":0,"Akabeko":23,"WarpedTongs":0,"Runic Dome":17,"SlaversCollar":34,"Ornamental Fan":6,"Bird Faced Urn":12,"Bloody Idol":20,"Gambling Chip":42,"Red Mask":28},{"Girya":23,"Pear":6,"Calipers":19,"Gremlin Horn":15,"Golden Idol":7,"CeramicFish":6,"Eternal Feather":18,"Juzu Bracelet":21,"Whetstone":11,"Burning Blood":0,"Akabeko":11,"WarpedTongs":0,"Runic Dome":8,"SlaversCollar":17,"Ornamental Fan":5,"Bird Faced Urn":7,"Bloody Idol":9,"Gambling Chip":21,"Red Mask":13},{"Girya":127,"Pear":29,"Calipers":100,"Gremlin Horn":74,"Golden Idol":32,"CeramicFish":29,"Eternal Feather":91,"Juzu Bracelet":115,"Whetstone":53,"Burning Blood":0,"Akabeko":53,"WarpedTongs":0,"Runic Dome":38,"SlaversCollar":87,"Ornamental Fan":22,"Bird Faced Urn":32,"Bloody Idol":41,"Gambling Chip":115,"Red Mask":64}]},"card_choices":[{"not_picked":["Body Slam","Shrug It Off"],"picked":"Headbutt","floor":0},{"not_picked":["Sword Boomerang","Havoc"],"picked":"Whirlwind","floor":1},{"not_picked":["Shrug It Off","Clash"],"picked":"Feed","floor":2},{"not_picked":["Anger","Combust","Pommel Strike"],"picked":"SKIP","floor":3},{"not_picked":["Headbutt","Body Slam"],"picked":"Clash","floor":4},{"not_picked":["Whirlwind","Wild Strike"],"picked":"Dual Wield","floor":6},{"not_picked":["Cleave","Combust","Entrench"],"picked":"SKIP","floor":8},{"not_picked":["Sentinel","Seeing Red","Rage"],"picked":"SKIP","floor":12},{"not_picked":["Brutality","Double Tap"],"picked":"Berserk","floor":16},{"not_picked":["Iron Wave","Wild Strike"],"picked":"Shockwave","floor":18},{"not_picked":["Armaments","Twin Strike","Clash"],"picked":"SKIP","floor":21},{"not_picked":["Berserk","Blood for Blood","Anger"],"picked":"SKIP","floor":23},{"not_picked":["Rampage","Perfected Strike"],"picked":"True Grit","floor":27},{"not_picked":["Perfected Strike","Entrench"],"picked":"Sword Boomerang","floor":28},{"not_picked":["Armaments+1","Thunderclap","Entrench"],"picked":"SKIP","floor":29},{"not_picked":["Havoc","Armaments"],"picked":"Uppercut","floor":30},{"not_picked":["Cleave","Body Slam","Wild Strike"],"picked":"SKIP","floor":31},{"not_picked":["Juggernaut","Demon Form"],"picked":"Reaper","floor":33},{"not_picked":["Uppercut","Headbutt"],"picked":"Shrug It Off+1","floor":35},{"not_picked":["Combust","Wild Strike"],"picked":"Flame Barrier","floor":37},{"not_picked":["Metallicize+1","Shrug It Off","Entrench"],"picked":"SKIP","floor":38},{"not_picked":["Sadistic Nature","Deep Breath"],"picked":"Apotheosis","floor":39},{"not_picked":["Warcry+1","Body Slam+1","Uppercut"],"picked":"SKIP","floor":42},{"not_picked":["Havoc","True Grit","Blood for Blood+1"],"picked":"SKIP","floor":45},{"not_picked":["Combust","Anger"],"picked":"Flame Barrier+1","floor":46},{"not_picked":["Warcry","Iron Wave+1"],"picked":"Metallicize","floor":47}],"player_experience":94070,"relics_obtained":[{"floor":6,"key":"Ornamental Fan"},{"floor":8,"key":"CeramicFish"},{"floor":9,"key":"Pear"},{"floor":12,"key":"Bird Faced Urn"},{"floor":23,"key":"Akabeko"},{"floor":26,"key":"Whetstone"},{"floor":28,"key":"Red Mask"},{"floor":30,"key":"Gremlin Horn"},{"floor":37,"key":"Calipers"},{"floor":42,"key":"Gambling Chip"},{"floor":43,"key":"Juzu Bracelet"},{"floor":46,"key":"Girya"}],"event_choices":[{"damage_healed":0,"gold_gain":0,"player_choice":"Forge","damage_taken":0,"max_hp_gain":0,"max_hp_loss":0,"event_name":"Accursed Blacksmith","floor":5,"gold_loss":0,"cards_upgraded":["Whirlwind"]},{"damage_healed":0,"gold_gain":0,"player_choice":"Lose Max HP","damage_taken":0,"relics_obtained":["Golden Idol"],"max_hp_gain":0,"max_hp_loss":8,"event_name":"Golden Idol","floor":13,"gold_loss":0},{"damage_healed":0,"gold_gain":0,"cards_transformed":["Strike_R","Strike_R"],"player_choice":"Became Test Subject","damage_taken":0,"max_hp_gain":0,"max_hp_loss":0,"event_name":"Drug Dealer","floor":19,"gold_loss":0,"cards_obtained":["Demon Form","Pummel"]},{"damage_healed":0,"gold_gain":0,"player_choice":"Gave Idol","damage_taken":0,"relics_obtained":["Bloody Idol"],"max_hp_gain":0,"max_hp_loss":0,"event_name":"Forgotten Altar","floor":20,"relics_lost":["Golden Idol"],"gold_loss":0},{"damage_healed":0,"gold_gain":0,"player_choice":"Simplicity","damage_taken":0,"max_hp_gain":0,"max_hp_loss":0,"event_name":"Back to Basics","floor":25,"gold_loss":0,"cards_upgraded":["Strike_R","Defend_R","Defend_R","Defend_R","Defend_R"]},{"damage_healed":0,"gold_gain":0,"player_choice":"Fought Bandits","damage_taken":0,"max_hp_gain":0,"max_hp_loss":0,"event_name":"Masked Bandits","floor":28,"gold_loss":0},{"damage_healed":0,"gold_gain":0,"player_choice":"Fight","damage_taken":0,"max_hp_gain":0,"max_hp_loss":0,"event_name":"MindBloom","floor":37,"gold_loss":0},{"damage_healed":0,"gold_gain":0,"player_choice":"Memory 1","damage_taken":0,"max_hp_gain":0,"max_hp_loss":0,"event_name":"SensoryStone","floor":39,"gold_loss":0},{"damage_healed":0,"gold_gain":0,"player_choice":"Ignored","damage_taken":0,"max_hp_gain":0,"max_hp_loss":0,"event_name":"SecretPortal","floor":41,"gold_loss":0},{"cards_removed":["Clash"],"damage_healed":0,"gold_gain":0,"player_choice":"Removed Attack","damage_taken":0,"max_hp_gain":0,"max_hp_loss":0,"event_name":"Falling","floor":48,"gold_loss":0}],"is_beta":true,"boss_relics":[{"not_picked":["Empty Cage","Black Blood"],"picked":"Runic Dome"},{"not_picked":["Runic Cube","Pandora\u0027s Box"],"picked":"SlaversCollar"}],"items_purged_floors":[10,22,36],"is_endless":false,"potions_floor_spawned":[6,12,16,23,27,28,30,33,37,46,47],"ascension_level":12}}