{"host":"kgj3hkp928synzkd","time":1608658515,"event":{"mods":["2.2 Compatiblity","A Magickal Journey","AchievementEnabler","Act Like it!","AlwaysNeverKeys","BaseMod","Better Altar","Better Match","Better Note","Better Sensory Stone","Better Synergies","Better Third Choice","Better Vampires","Block Reminder","Colored Map","Colored Powertips","Conspire","Curses Come First","Disable Question Mark Monsters","Downfall","GifTheSpireLib","Googly Eyes","Gremlin Skip","GungeonMod","Hallownest","Infinite Spire","Luminous","Marisa????????","Marked Mod","Minty Spire (QoL Compilation)","Permanent Neow","Quick Restart","Random Character Button","Rare Cards Sparkle","Replay The Spire","Spicy Shops","StSLib","SuperFastMode","The Bug Knight","The Exalted","Uncapped"],"gold_per_floor":[117,71,87,103,103,103,103,113,113,141,158,158,190,215,227,239,239],"floor_reached":16,"playtime":1533,"items_purged":[],"score":112,"play_id":"5804ed71-836c-48f0-bc89-ad84c7c4d643","local_time":"20201222123515","is_ascension_mode":false,"campfire_choices":[{"data":"HollowMod:GoodIntentions","floor":6,"key":"SMITH"},{"floor":15,"key":"REST"}],"circlet_count":0,"master_deck":["HollowMod:NailStrikeStart","HollowMod:NailStrikeStart","HollowMod:NailStrikeStart+1","HollowMod:NailStrikeStart+1","HollowMod:QuickDashStart","HollowMod:QuickDashStart","HollowMod:QuickDashStart","HollowMod:QuickDashStart","HollowMod:FocusHealStart","HollowMod:PogoStrike","HollowMod:DungDefenderAura","HollowMod:GoodIntentions+1","HollowMod:MantisMark","HollowMod:LifebloodCocoon"],"relics":["HollowMod:VesselMask","White Beast Statue","DemoMod:PartiallyEatenCheese","MawBank"],"acts_visited":["Exordium"],"potions_floor_usage":[13,16,16],"damage_taken":[{"damage":0,"enemies":"Hallownest:monsterHuskWarrior","floor":1,"turns":4},{"damage":0,"enemies":"2_ Uuma","floor":3,"turns":5},{"damage":0,"enemies":"Hallownest:2_Baldur","floor":4,"turns":4},{"damage":15,"enemies":"Hallownest:1_Ooma_and_2_Uuma","floor":8,"turns":15},{"damage":6,"enemies":"Hallownest:eliteMossKnight","floor":10,"turns":24},{"damage":34,"enemies":"Hallownest:monsterAspidMother","floor":11,"turns":30},{"damage":52,"enemies":"Hallownest:eliteCrystalGuardian","floor":13,"turns":9},{"damage":0,"enemies":"Hallownest:monsterMossCharger","floor":14,"turns":6},{"damage":45,"enemies":"Hallownest:BossHornet","floor":16,"turns":23}],"seed_played":"-8009685063429284957","potions_obtained":[{"floor":0,"key":"DemoMod:LeadSkinPotion"},{"floor":0,"key":"sneckomod:MuddlingPotion"},{"floor":0,"key":"Regen Potion"},{"floor":13,"key":"SpeedPotion"}],"is_trial":false,"path_per_floor":["M","$","M","M","?","R","?","M","T","E","M","$","E","M","R","B"],"character_chosen":"THE_BUGKNIGHT","items_purchased":["HollowMod:GoodIntentions"],"campfire_rested":1,"item_purchase_floors":[2],"current_hp_per_floor":[75,75,75,75,66,66,66,63,63,69,47,47,1,11,33,0,0],"gold":239,"neow_bonus":"THREE_SMALL_POTIONS","is_daily":false,"chose_seed":false,"campfire_upgraded":1,"win_rate":0.0,"timestamp":1608658515,"path_taken":["M","$","M","?","?","R","?","M","T","E","M","$","E","M","R","BOSS"],"items_purchased_type":["Card"],"build_version":"2020-12-13","purchased_purges":0,"victory":false,"max_hp_per_floor":[75,75,75,75,75,75,75,75,75,75,75,75,75,75,75,75,75],"card_choices":[{"not_picked":["HollowMod:InfectedCysts","HollowMod:SoulStrike"],"picked":"HollowMod:DungDefenderAura","floor":1},{"not_picked":["HollowMod:DungDefenderAura","HollowMod:VengefulVoid","HollowMod:InfectedAttack"],"picked":"SKIP","floor":3},{"not_picked":["HollowMod:WraithStrike","HollowMod:SiblingsShadow","HollowMod:Grubsong"],"picked":"SKIP","floor":4},{"not_picked":["HollowMod:GoodIntentions","HollowMod:SoulVessel"],"picked":"HollowMod:MantisMark","floor":8},{"not_picked":["HollowMod:SoulEater","HollowMod:NewGlowingWomb","HollowMod:BrokenVessel"],"picked":"SKIP","floor":10},{"not_picked":["HollowMod:SoulStrike","HollowMod:InfectionAssault"],"picked":"HollowMod:LifebloodCocoon","floor":11},{"not_picked":["HollowMod:NewJinnsSoul","HollowMod:CloakDash","HollowMod:DescendingDark"],"picked":"SKIP","floor":13},{"not_picked":["HollowMod:MothsMistake","HollowMod:LifebloodCocoon","HollowMod:SharpenedShadows"],"picked":"SKIP","floor":14}],"player_experience":288547,"relics_obtained":[{"floor":9,"key":"White Beast Statue"},{"floor":10,"key":"DemoMod:PartiallyEatenCheese"},{"floor":13,"key":"MawBank"}],"event_choices":[],"is_beta":false,"boss_relics":[],"items_purged_floors":[],"is_endless":false,"potions_floor_spawned":[1,3,10,11,13,14],"killed_by":"Hallownest:BossHornet","ascension_level":0}}