{"host":"qxeepl7ydvsgmfdb","time":1608651193,"event":{"mods":["AchievementEnabler","BaseMod","Colored Powertips","Minty Spire (QoL Compilation)","Quick Restart","slay the spire mod where everything is the same but ironclad has a cowboy hat"],"gold_per_floor":[113,113,113,138,192,226,226,239,239,277,302,302,323,339,339,459,459,480,275,299,224,224,224,224,248,326,341,365,60,60,75,75,75,75],"floor_reached":33,"playtime":1231,"items_purged":[],"score":299,"play_id":"79ad84a1-31eb-478f-90c2-64e72ff64f04","local_time":"20201222103313","is_ascension_mode":true,"campfire_choices":[{"floor":7.0,"key":"REST"},{"floor":12.0,"key":"REST"},{"floor":15.0,"key":"REST"},{"data":"Accuracy","floor":30,"key":"SMITH"},{"floor":32,"key":"REST"}],"circlet_count":0,"master_deck":["Strike_G+1","Strike_G+1","Strike_G+1","Strike_G+1","Strike_G+1","Defend_G+1","Defend_G+1","Defend_G+1","Defend_G+1","Survivor","Neutralize","Noxious Fumes+1","Deadly Poison","Deadly Poison","Bane","Accuracy","Blade Dance","Bane","Accuracy+1","Blade Dance","Poisoned Stab","Distraction+1","Bouncing Flask"],"relics":["Ring of the Snake","Golden Idol","Tiny Chest","Calipers","Bottled Lightning","Odd Mushroom","TwistedFunnel","Letter Opener","CultistMask","Blue Candle","Lee\u0027s Waffle","Snake Skull"],"acts_visited":["Exordium","TheCity"],"potions_floor_usage":[33],"damage_taken":[{"damage":2.0,"enemies":"Small Slimes","floor":1.0,"turns":3.0},{"damage":7.0,"enemies":"Jaw Worm","floor":4.0,"turns":5.0},{"damage":34.0,"enemies":"Lagavulin","floor":6.0,"turns":7.0},{"damage":2.0,"enemies":"2 Louse","floor":8.0,"turns":2.0},{"damage":16.0,"enemies":"The Mushroom Lair","floor":10.0,"turns":4.0},{"damage":9.0,"enemies":"Blue Slaver","floor":11.0,"turns":4.0},{"damage":3.0,"enemies":"Large Slime","floor":13.0,"turns":5.0},{"damage":5.0,"enemies":"2 Fungi Beasts","floor":14.0,"turns":3.0},{"damage":23.0,"enemies":"Slime Boss","floor":16.0,"turns":8.0},{"damage":11.0,"enemies":"3 Byrds","floor":18.0,"turns":6.0},{"damage":14.0,"enemies":"2 Thieves","floor":20.0,"turns":4.0},{"damage":18.0,"enemies":"Snake Plant","floor":25.0,"turns":4.0},{"damage":14.0,"enemies":"Centurion and Healer","floor":27.0,"turns":5.0},{"damage":30,"enemies":"Chosen and Byrds","floor":28,"turns":5},{"damage":24,"enemies":"Snake Plant","floor":31,"turns":3},{"damage":83,"enemies":"Automaton","floor":33,"turns":6}],"seed_played":"-4707215165924564507","potions_obtained":[{"floor":0.0,"key":"LiquidMemories"},{"floor":0.0,"key":"LiquidBronze"},{"floor":0.0,"key":"FairyPotion"},{"floor":8.0,"key":"PowerPotion"},{"floor":13.0,"key":"Ancient Potion"},{"floor":16.0,"key":"SkillPotion"},{"floor":20.0,"key":"SneckoOil"}],"is_trial":false,"path_per_floor":["M","?","?","M","T","E","R","M","T","?","M","R","M","M","R","B",null,"M","$","M","?","?","T","?","M","T","M","M","$","R","M","R","B"],"character_chosen":"THE_SILENT","items_purchased":["TwistedFunnel","Blade Dance","Lee\u0027s Waffle","Snake Skull"],"campfire_rested":4,"item_purchase_floors":[19,19,29,29],"current_hp_per_floor":[68,68,51,44,44,10,31,29,29,13,4,25,22,17,38,15,70,59,59,45,45,45,45,45,27,27,13,21,77,77,53,76,0,0],"gold":75,"neow_bonus":"THREE_SMALL_POTIONS","is_daily":false,"chose_seed":false,"campfire_upgraded":1,"win_rate":0.0,"timestamp":1608651193,"path_taken":["M","?","?","M","?","E","R","M","T","?","M","R","M","M","R","BOSS","M","$","M","?","?","?","?","?","T","M","M","?","R","M","R","BOSS"],"items_purchased_type":["Relic","Card","Relic","Relic"],"build_version":"2020-12-13","purchased_purges":0,"victory":false,"max_hp_per_floor":[70,70,70,70,70,70,70,70,70,70,70,70,70,70,70,70,70,70,70,70,70,70,70,70,70,70,70,70,77,77,77,77,77,77],"card_choices":[{"not_picked":["Blur","Backflip"],"picked":"Noxious Fumes","floor":1.0},{"not_picked":["Prepared","Quick Slash"],"picked":"Deadly Poison","floor":4.0},{"not_picked":["Tactician","Cloak And Dagger"],"picked":"Deadly Poison","floor":6.0},{"not_picked":["Skewer","Slice"],"picked":"Bane","floor":8.0},{"not_picked":["Backflip","PiercingWail"],"picked":"Accuracy","floor":10.0},{"not_picked":["Cloak And Dagger","Riddle With Holes"],"picked":"Blade Dance","floor":11.0},{"not_picked":["Dagger Spray","Underhanded Strike"],"picked":"Bane","floor":13.0},{"not_picked":["Cloak And Dagger","Outmaneuver"],"picked":"Accuracy","floor":14.0},{"not_picked":["Footwork+1","Flying Knee","Backflip+1"],"picked":"SKIP","floor":18.0},{"not_picked":["Setup+1","Deadly Poison"],"picked":"Poisoned Stab","floor":20.0},{"not_picked":["Dodge and Roll+1","Bane+1"],"picked":"Distraction+1","floor":25.0},{"not_picked":["Predator","Quick Slash","Distraction"],"picked":"SKIP","floor":27.0},{"not_picked":["Outmaneuver+1","Poisoned Stab"],"picked":"Bouncing Flask","floor":28},{"not_picked":["Calculated Gamble","Accuracy+1","Quick Slash"],"picked":"SKIP","floor":31}],"player_experience":307707,"relics_obtained":[{"floor":5.0,"key":"Tiny Chest"},{"floor":6.0,"key":"Calipers"},{"floor":9.0,"key":"Bottled Lightning"},{"floor":10.0,"key":"Odd Mushroom"},{"floor":23.0,"key":"Letter Opener"},{"floor":26.0,"key":"Blue Candle"}],"event_choices":[{"damage_healed":0.0,"max_hp_gain":0.0,"max_hp_loss":0.0,"gold_gain":0.0,"event_name":"Living Wall","player_choice":"Grow","floor":2.0,"gold_loss":0.0,"damage_taken":0.0,"cards_upgraded":["Noxious Fumes"]},{"damage_healed":0.0,"max_hp_gain":0.0,"max_hp_loss":0.0,"gold_gain":0.0,"event_name":"Golden Idol","player_choice":"Take Damage","floor":3.0,"gold_loss":0.0,"damage_taken":17.0,"relics_obtained":["Golden Idol"]},{"damage_healed":0.0,"max_hp_gain":0.0,"max_hp_loss":0.0,"gold_gain":0.0,"event_name":"Mushrooms","player_choice":"Fought Mushrooms","floor":10.0,"gold_loss":0.0,"damage_taken":0.0},{"cards_removed":["Defend_G"],"damage_healed":0.0,"max_hp_gain":0.0,"max_hp_loss":0.0,"gold_gain":0.0,"event_name":"Beggar","player_choice":"Gave Gold","floor":21.0,"gold_loss":75.0,"damage_taken":0.0},{"damage_healed":0.0,"max_hp_gain":0.0,"max_hp_loss":0.0,"gold_gain":0.0,"event_name":"Back to Basics","player_choice":"Simplicity","floor":22.0,"gold_loss":0.0,"damage_taken":0.0,"cards_upgraded":["Strike_G","Strike_G","Strike_G","Strike_G","Strike_G","Defend_G","Defend_G","Defend_G","Defend_G"]},{"damage_healed":0.0,"max_hp_gain":0.0,"max_hp_loss":0.0,"gold_gain":0.0,"event_name":"FaceTrader","player_choice":"Trade","floor":24.0,"gold_loss":0.0,"damage_taken":0.0,"relics_obtained":["CultistMask"]}],"is_beta":false,"boss_relics":[{"not_picked":["Runic Dome","Pandora\u0027s Box","Coffee Dripper"]}],"items_purged_floors":[],"is_endless":false,"potions_floor_spawned":[1,8,13,16,20,25],"killed_by":"Automaton","ascension_level":4}}