{"host":"cbnfbo28eyz4xcn1","time":1608645444,"event":{"mods":["BaseMod","Colored Map","Colored Powertips","Infinite Spire","Minty Spire (QoL Compilation)","Replay The Spire","StSLib"],"gold_per_floor":[211,211,211,228,43,43,73,86,86,86,98,98,24,42,42,42,42],"floor_reached":16,"playtime":927,"items_purged":[],"score":150,"play_id":"89149de1-fa21-4d59-a7a4-5029ebeb4b3f","local_time":"20201222145724","is_ascension_mode":true,"campfire_choices":[{"data":"Backflip","floor":6.0,"key":"SMITH"},{"floor":12.0,"key":"REST"},{"floor":15.0,"key":"REST"}],"circlet_count":0,"master_deck":["AscendersBane","Strike_G","Strike_G","Strike_G","Strike_G","Strike_G","Defend_G","Defend_G","Defend_G","Defend_G","Defend_G","Survivor+1","Neutralize","PiercingWail","Backflip+1","Dagger Throw+1","Blade Dance","Dagger Spray+1","Footwork","Footwork","Corpse Explosion"],"relics":["Ring of the Snake","Lee\u0027s Waffle","Replay:Towering Pillar of Hats","Replay:Bottled Snecko"],"acts_visited":["Exordium"],"potions_floor_usage":[16],"damage_taken":[{"damage":12.0,"enemies":"Jaw Worm","floor":1.0,"turns":6.0},{"damage":8.0,"enemies":"Cultist","floor":4.0,"turns":6.0},{"damage":45.0,"enemies":"Gremlin Nob","floor":7.0,"turns":5.0},{"damage":0.0,"enemies":"Small Slimes","floor":8.0,"turns":1.0},{"damage":8.0,"enemies":"Looter","floor":11.0,"turns":3.0},{"damage":33.0,"enemies":"Large Slime","floor":14.0,"turns":6.0},{"damage":48,"enemies":"The Guardian","floor":16,"turns":12}],"seed_played":"-6264099683463205489","potions_obtained":[{"floor":1.0,"key":"Explosive Potion"},{"floor":14.0,"key":"Milkshake"}],"is_trial":false,"path_per_floor":["M","?","?","M","$","R","E","M","T","?","M","R","$","M","R","B"],"character_chosen":"THE_SILENT","items_purchased":["Lee\u0027s Waffle","Dagger Throw+1","Footwork"],"campfire_rested":2,"item_purchase_floors":[5,5,13],"current_hp_per_floor":[51,56,56,48,82,82,37,37,37,37,29,53,53,20,44,0,0],"gold":42,"neow_bonus":"HUNDRED_GOLD","is_daily":false,"chose_seed":false,"campfire_upgraded":1,"win_rate":0.0,"timestamp":1608645444,"path_taken":["M","?","?","?","$","R","E","M","T","?","M","R","$","M","R","BOSS"],"items_purchased_type":["Relic","Card","Card"],"build_version":"2020-12-13","purchased_purges":0,"victory":false,"max_hp_per_floor":[70,75,75,75,82,82,82,82,82,82,82,82,82,82,82,82,82],"card_choices":[{"not_picked":["Well Laid Plans","Poisoned Stab"],"picked":"PiercingWail","floor":1.0},{"not_picked":["Choke","Underhanded Strike"],"picked":"Backflip","floor":4.0},{"not_picked":["Sucker Punch","Backflip"],"picked":"Blade Dance","floor":7.0},{"not_picked":["Terror","Quick Slash"],"picked":"Dagger Spray","floor":8.0},{"not_picked":["Deflect","Quick Slash"],"picked":"Footwork","floor":11.0},{"not_picked":["Deadly Poison","Acrobatics"],"picked":"Corpse Explosion","floor":14.0}],"player_experience":464986,"relics_obtained":[{"floor":7.0,"key":"Replay:Towering Pillar of Hats"},{"floor":9.0,"key":"Replay:Bottled Snecko"}],"event_choices":[{"damage_healed":0.0,"max_hp_gain":5.0,"max_hp_loss":0.0,"gold_gain":0.0,"event_name":"Big Fish","player_choice":"Donut","floor":2.0,"gold_loss":0.0,"damage_taken":0.0},{"damage_healed":0.0,"max_hp_gain":0.0,"max_hp_loss":0.0,"gold_gain":0.0,"event_name":"Accursed Blacksmith","player_choice":"Forge","floor":3.0,"gold_loss":0.0,"damage_taken":0.0,"cards_upgraded":["Survivor"]},{"damage_healed":0.0,"max_hp_gain":0.0,"max_hp_loss":0.0,"gold_gain":0.0,"event_name":"Living Wall","player_choice":"Grow","floor":10.0,"gold_loss":0.0,"damage_taken":0.0,"cards_upgraded":["Dagger Spray"]}],"is_beta":false,"boss_relics":[],"items_purged_floors":[],"is_endless":false,"potions_floor_spawned":[1,14],"killed_by":"The Guardian","ascension_level":10}}