{"host":"r3d3rfw8zyydmocx","time":1608625095,"event":{"mods":["Aspiration","BaseMod","Better Third Choice","Colored Powertips","Conspire","Downfall","Hermit","Highlight Path","Hubris","Minty Spire (QoL Compilation)","StSLib","The Hierophant","The Servant 0.9.4"],"gold_per_floor":[360,310,19,34,54,54,85,85,109,120,120,120,45,45,45,45,45],"floor_reached":16,"playtime":422,"items_purged":["Strike_S"],"score":103,"play_id":"c153365d-c206-4402-b219-fe28a8d4aa9c","local_time":"20201222001815","is_ascension_mode":true,"campfire_choices":[{"data":"Potential","floor":6.0,"key":"SMITH"},{"data":"TrueSight","floor":8.0,"key":"SMITH"},{"floor":12.0,"key":"REST"},{"data":"BottledTime","floor":15.0,"key":"SMITH"}],"circlet_count":0,"master_deck":["Strike_S","Strike_S","Strike_S","Defend_S","Defend_S+1","Defend_S","Defend_S+1","KidneyShot+1","Exchange","Sabotage+1","BottledTime+1","Potential+1","TrueSight+1","Moondial+1"],"relics":["Uniform","hubris:CuriousFeather","Pantograph","War Paint"],"acts_visited":["Exordium"],"potions_floor_usage":[],"damage_taken":[{"damage":6.0,"enemies":"Jaw Worm","floor":1.0,"turns":4.0},{"damage":0.0,"enemies":"2 Louse","floor":4.0,"turns":2.0},{"damage":3.0,"enemies":"Small Slimes","floor":5.0,"turns":3.0},{"damage":33.0,"enemies":"Lagavulin","floor":7.0,"turns":10.0},{"damage":10.0,"enemies":"Exordium Wildlife","floor":10.0,"turns":4.0},{"damage":0,"enemies":"Slime Boss","floor":16,"turns":4}],"seed_played":"1551290678981300046","potions_obtained":[{"floor":4.0,"key":"Fruit Juice"},{"floor":5.0,"key":"Ancient Potion"}],"is_trial":false,"path_per_floor":["M","?","$","M","M","R","E","R","T","M","?","R","$","?","R","B"],"character_chosen":"THE_SERVANT","items_purchased":["hubris:CuriousFeather"],"campfire_rested":1,"item_purchase_floors":[3],"current_hp_per_floor":[59,59,59,64,61,61,28,28,28,18,4,25,25,25,25,50,50],"gold":45,"neow_bonus":"TWO_FIFTY_GOLD","is_daily":false,"chose_seed":false,"campfire_upgraded":3,"win_rate":0.0,"timestamp":1608625095,"path_taken":["M","?","$","M","M","R","E","R","T","M","?","R","$","?","R","BOSS"],"items_purchased_type":["Relic"],"build_version":"2020-12-13","purchased_purges":1,"victory":false,"max_hp_per_floor":[65,65,65,70,70,70,70,70,70,70,70,70,70,70,70,70,70],"card_choices":[{"not_picked":["Ricochet","Moonlight"],"picked":"Sabotage","floor":1.0},{"not_picked":["Rewind","Ricochet"],"picked":"BottledTime","floor":4.0},{"not_picked":["Rearm","Alleviate"],"picked":"Potential","floor":5.0},{"not_picked":["FanOfKnives","Alleviate"],"picked":"TrueSight","floor":7.0},{"not_picked":["Replace","Defy"],"picked":"Moondial","floor":10.0}],"player_experience":534384,"relics_obtained":[{"floor":7.0,"key":"Pantograph"},{"floor":9.0,"key":"War Paint"}],"event_choices":[{"cards_removed":["sneckomod:Bewildered"],"damage_healed":0.0,"max_hp_gain":0.0,"max_hp_loss":0.0,"gold_gain":0.0,"event_name":"The Cleric","player_choice":"Card Removal","floor":2.0,"gold_loss":50.0,"damage_taken":0.0},{"damage_healed":18.0,"max_hp_gain":0.0,"max_hp_loss":70.0,"gold_gain":0.0,"event_name":"betterThird:BetterShining","player_choice":"Upgrade","floor":11.0,"gold_loss":0.0,"damage_taken":14.0,"cards_upgraded":["Sabotage","Moondial"]}],"is_beta":false,"boss_relics":[],"items_purged_floors":[13],"is_endless":false,"potions_floor_spawned":[4,5],"killed_by":"Slime Boss","ascension_level":1}}