{"host":"ozhpk21u0qc04ewp","time":1608604710,"event":{"mods":["Aspiration","BaseMod","Better Third Choice","Downfall","Energized Spire","GifTheSpireLib","Hermit","Hubris","Minty Spire (QoL Compilation)","Replay The Spire","StSLib","Stuff the Spire","The Hierophant"],"gold_per_floor":[115,127,142,67,85,85,111,111,136,147,165,165,196,196,196,294,294,312,312,200,210,230,257,269,289,289,299,311,311,328,347,422,524,524,534,206,0,18,32,65,65,82,151,166,166,201,216,91,91,91],"floor_reached":51,"playtime":3161,"items_purged":["Strike_B","Strike_B","Strike_B"],"score":647,"play_id":"bbb0933d-fc09-4fd1-b596-c6107116cc2a","local_time":"20201221183830","is_ascension_mode":false,"campfire_choices":[{"data":"All For One","floor":6,"key":"SMITH"},{"data":"BasicCrystalCard","floor":8,"key":"SMITH"},{"data":"Go for the Eyes","floor":12,"key":"SMITH"},{"data":"Hologram","floor":29,"key":"SMITH"},{"data":"Reboot","floor":41,"key":"SMITH"},{"data":"expansioncontent:CaCaw","floor":45,"key":"SMITH"},{"data":"Seek","floor":49,"key":"SMITH"}],"circlet_count":0,"master_deck":["Defend_B","Defend_B","Defend_B","Zap+1","Dualcast","BasicCrystalCard+1","Go for the Eyes+1","Leap","Genetic Algorithm","All For One+1","Coolheaded","Beam Cell","Gash","Chill+1","Reboot+1","Ball Lightning","Gash+1","Beam Cell","Hologram+1","Seek+1","Gash","expansioncontent:CaCaw+1","Beam Cell","Gash"],"relics":["Cracked Core","Onion Ring","aspiration:HiddenCompartment","StuffTheSpire:Gunfinga","hubris:Towel","Black Star","Anchor","InkBottle","Pocketwatch","Prayer Wheel","Empty Cage","Juzu Bracelet","Red Mask","Bag of Marbles","Nunchaku","Bottled Tornado","Bronze Scales","hubris:BottledRain"],"acts_visited":["Exordium","TheCity","TheBeyond"],"potions_floor_usage":[13,23,25,33,35,40,50,50,50],"damage_taken":[{"damage":1,"enemies":"Cultist","floor":1,"turns":3},{"damage":6,"enemies":"Jaw Worm","floor":2,"turns":3},{"damage":1,"enemies":"2 Louse","floor":3,"turns":2},{"damage":5,"enemies":"Red Slaver","floor":5,"turns":3},{"damage":28,"enemies":"3 Sentries","floor":7,"turns":8},{"damage":2,"enemies":"Blue Slaver","floor":10,"turns":2},{"damage":0,"enemies":"Looter","floor":11,"turns":2},{"damage":13,"enemies":"Lagavulin","floor":13,"turns":7},{"damage":37,"enemies":"The Guardian","floor":16,"turns":11},{"damage":0,"enemies":"3 Byrds","floor":18,"turns":6},{"damage":3,"enemies":"Chosen","floor":21,"turns":3},{"damage":2,"enemies":"Centurion and Healer","floor":22,"turns":5},{"damage":3,"enemies":"Gremlin Leader","floor":23,"turns":6},{"damage":2,"enemies":"Cultist and Chosen","floor":24,"turns":4},{"damage":3,"enemies":"Shelled Parasite and Fungi","floor":25,"turns":4},{"damage":6,"enemies":"Centurion and Healer","floor":27,"turns":4},{"damage":0,"enemies":"3 Cultists","floor":28,"turns":3},{"damage":0,"enemies":"Snake Plant","floor":30,"turns":4},{"damage":13,"enemies":"Sentry and Sphere","floor":31,"turns":4},{"damage":12,"enemies":"hubris:MusketHawk","floor":33,"turns":6},{"damage":0,"enemies":"3 Darklings","floor":35,"turns":2},{"damage":5,"enemies":"3 Shapes","floor":38,"turns":3},{"damage":0,"enemies":"Jaw Worm Horde","floor":39,"turns":3},{"damage":4,"enemies":"Giant Head","floor":40,"turns":5},{"damage":0,"enemies":"Spire Growth","floor":42,"turns":2},{"damage":0,"enemies":"Transient","floor":44,"turns":5},{"damage":8,"enemies":"R_Hoarder","floor":46,"turns":4},{"damage":8,"enemies":"Writhing Mass","floor":47,"turns":3},{"damage":16,"enemies":"Replay:Hell Engine","floor":50,"turns":9}],"seed_played":"4676726643435211055","potions_obtained":[{"floor":2,"key":"SmokeBomb"},{"floor":7,"key":"ColorlessPotion"},{"floor":16,"key":"Adrenaline Potion"},{"floor":18,"key":"Explosive Potion"},{"floor":24,"key":"champ:CounterPotion"},{"floor":30,"key":"Milkshake"},{"floor":31,"key":"SkillPotion"},{"floor":38,"key":"FocusPotion"},{"floor":39,"key":"Fire Potion"},{"floor":44,"key":"Adrenaline Potion"}],"is_trial":false,"path_per_floor":["M","M","M","$","M","R","E","R","T","M","M","R","E","?","R","B",null,"M","?","$","M","M","E","M","M","T","M","M","R","M","M","R","B",null,"M","$","?","M","M","E","R","M","T","M","R","E","M","$","R","B",null],"character_chosen":"DEFECT","items_purchased":["Genetic Algorithm","Gash+1","Juzu Bracelet","expansioncontent:CaCaw"],"campfire_rested":0,"item_purchase_floors":[4,20,36,36],"current_hp_per_floor":[74,68,67,67,62,62,34,34,34,32,32,32,19,19,41,4,75,75,75,75,72,70,67,65,62,62,56,56,56,56,43,43,31,75,75,75,75,70,70,66,66,66,66,66,66,58,50,50,50,34],"gold":91,"neow_bonus":"UPGRADE_CARD","is_daily":false,"chose_seed":false,"campfire_upgraded":7,"win_rate":0.0,"timestamp":1608604710,"path_taken":["M","M","M","$","?","R","E","R","T","M","M","R","E","?","R","BOSS","M","?","$","?","M","E","M","M","T","M","M","R","M","M","R","BOSS","M","$","?","M","M","E","R","M","T","M","R","E","M","$","R","BOSS"],"items_purchased_type":["Card","Card","Relic","Card"],"build_version":"2020-12-13","purchased_purges":3,"victory":true,"max_hp_per_floor":[75,75,75,75,75,75,75,75,75,75,75,75,75,75,75,75,75,75,75,75,75,75,75,75,75,75,75,75,75,75,75,75,75,75,75,75,75,75,75,75,75,75,75,75,75,75,75,75,75,75],"card_choices":[{"not_picked":["Stack","Rebound"],"picked":"BasicCrystalCard","floor":1},{"not_picked":["Rebound","Sunder"],"picked":"Go for the Eyes","floor":2},{"not_picked":["Rebound","Redo"],"picked":"Leap","floor":3},{"not_picked":["Glacier","Crystallizer"],"picked":"All For One","floor":5},{"not_picked":["Leap","Redo"],"picked":"Coolheaded","floor":7},{"not_picked":["hubris:Ukulele","Redo"],"picked":"Beam Cell","floor":10},{"not_picked":["Ball Lightning","Hologram"],"picked":"Gash","floor":11},{"not_picked":["Redo","Meteor Strike"],"picked":"Chill","floor":13},{"not_picked":["Thunder Strike","StuffTheSpire:EventHorizon"],"picked":"Reboot","floor":16},{"not_picked":["Undo","Conserve Battery"],"picked":"Ball Lightning","floor":18},{"not_picked":["Steam","Leap+1","Self Repair"],"picked":"SKIP","floor":21},{"not_picked":["Double Energy","Panic Button","Rip and Tear"],"picked":"SKIP","floor":22},{"not_picked":["Creative AI","Leap+1","Double Energy"],"picked":"SKIP","floor":23},{"not_picked":["StuffTheSpire:LoadUp","Lockon"],"picked":"Beam Cell","floor":24},{"not_picked":["Panic Button","StuffTheSpire:NuclearReactor+1","Doom and Gloom"],"picked":"SKIP","floor":25},{"not_picked":["Doom and Gloom","BasicCrystalCard"],"picked":"Hologram","floor":27},{"not_picked":["Lockon+1","Cold Snap","Conserve Battery"],"picked":"SKIP","floor":28},{"not_picked":["StuffTheSpire:LoadUp","Time Bomb","Genetic Algorithm"],"picked":"SKIP","floor":30},{"not_picked":["Beam Cell","Barrage","aspiration:Polymerization"],"picked":"SKIP","floor":31},{"not_picked":["ReplayTheSpireMod:Fabricate Wheel","ReplayTheSpireMod:Omega Cannon"],"picked":"Seek","floor":33},{"not_picked":["Ball Lightning+1","Sweeping Beam+1"],"picked":"Gash","floor":35},{"not_picked":["Turbo+1","Aggregate","StuffTheSpire:NuclearReactor+1"],"picked":"SKIP","floor":35},{"not_picked":["Reprogram+1","Rebound+1","BasicCrystalCard"],"picked":"SKIP","floor":38},{"not_picked":["White Noise","Auto Shields+1","Doom and Gloom+1"],"picked":"SKIP","floor":38},{"not_picked":["ReplayTheSpireMod:Calculation Training","Tempest+1","Sweeping Beam+1"],"picked":"SKIP","floor":39},{"not_picked":["Steam+1","Cold Snap","StuffTheSpire:LaunchingStrike"],"picked":"SKIP","floor":39},{"not_picked":["Sweeping Beam","Rebound+1","hubris:SpecializedCircuitry"],"picked":"SKIP","floor":40},{"not_picked":["Rebound","Compile Driver"],"picked":"Beam Cell","floor":42},{"not_picked":["ReplayTheSpireMod:Reroute Power","Darkness","BasicCrystalCard"],"picked":"SKIP","floor":42},{"not_picked":["StuffTheSpire:GlassShard","Compile Driver+1"],"picked":"Gash","floor":44},{"not_picked":["Compile Driver+1","Force Field+1","StuffTheSpire:CleanHardDrive+1"],"picked":"SKIP","floor":44},{"not_picked":["hubris:Prefetch","Double Energy+1","Steam"],"picked":"SKIP","floor":46},{"not_picked":["Hologram+1","Fusion+1","Sweeping Beam"],"picked":"SKIP","floor":47},{"not_picked":["StuffTheSpire:LoadUp","Hologram","Coolheaded"],"picked":"SKIP","floor":47}],"player_experience":93293,"relics_obtained":[{"floor":7,"key":"Onion Ring"},{"floor":9,"key":"aspiration:HiddenCompartment"},{"floor":13,"key":"StuffTheSpire:Gunfinga"},{"floor":23,"key":"Anchor"},{"floor":23,"key":"InkBottle"},{"floor":26,"key":"Pocketwatch"},{"floor":40,"key":"Bag of Marbles"},{"floor":40,"key":"Nunchaku"},{"floor":43,"key":"Bottled Tornado"},{"floor":46,"key":"Bronze Scales"},{"floor":46,"key":"hubris:BottledRain"}],"event_choices":[{"cards_removed":["Iron Wave"],"damage_healed":0,"gold_gain":0,"player_choice":"Took Card","damage_taken":0,"max_hp_gain":0,"max_hp_loss":0,"event_name":"NoteForYourself","floor":19,"gold_loss":0,"cards_obtained":["Iron Wave"]},{"damage_healed":0,"gold_gain":0,"player_choice":"Paid","damage_taken":0,"relics_obtained":["Red Mask"],"max_hp_gain":0,"max_hp_loss":0,"event_name":"Tomb of Lord Red Mask","floor":37,"gold_loss":206}],"is_beta":false,"boss_relics":[{"not_picked":["Pandora\u0027s Box","SlaversCollar"],"picked":"Black Star"},{"not_picked":["ChewingGum","StuffTheSpire:Kangaroo"],"picked":"Empty Cage"}],"items_purged_floors":[20,36,48],"is_endless":false,"potions_floor_spawned":[2,7,16,18,22,24,30,31,38,39,44,46],"ascension_level":0}}