{"host":"7mrmd33mpx7q5wx9","time":1608620425,"event":{"mods":["AchievementEnabler","BaseMod","Colored Map","Defuse TimeMaze Blight","Minty Spire (QoL Compilation)","Permanent Neow","Quick Restart","StSLib","SuperFastMode"],"gold_per_floor":[11,11,26,44,64,93,111,126,152,166,178,210,210,220,220,319,319,331,331,430,23,35,68,68,68,68,78,78,104,104,114,114,216,216,230,130,176,191,207,232,232,248,274,274,274,306,306,1,1,1,1,1,1,36,36,36],"floor_reached":55,"playtime":2539,"items_purged":["Bite","Writhe"],"score":779,"play_id":"b90f2bf2-ba48-45c2-bb26-1b76078def38","local_time":"20201222010025","is_ascension_mode":false,"campfire_choices":[{"data":"Feed","floor":13,"key":"SMITH"},{"data":"Bash","floor":15,"key":"SMITH"},{"data":"Uppercut","floor":24,"key":"SMITH"},{"floor":28,"key":"RECALL"},{"data":"Inflame","floor":30,"key":"SMITH"},{"data":"Metallicize","floor":32,"key":"SMITH"},{"floor":41,"key":"REST"},{"data":"Immolate","floor":45,"key":"SMITH"},{"floor":49,"key":"REST"},{"data":"Ghostly Armor","floor":52,"key":"SMITH"}],"circlet_count":0,"master_deck":["Defend_R","Defend_R","Defend_R","Defend_R","Bash+1","Anger+1","Thunderclap","Hemokinesis+1","Feed+1","Ghostly Armor+1","Uppercut+1","Reaper","Disarm+1","Bite","Bite","Bite","Metallicize+1","Bloodletting","Shrug It Off","Carnage+1","Inflame+1","Flame Barrier+1","Immolate+1","Bludgeon","Armaments+1","Parasite","Uppercut+1","Normality","Body Slam+1"],"relics":["Burning Blood","Gambling Chip","Darkstone Periapt","Nunchaku","Pear","Cursed Key","Self Forming Clay","Whetstone","Regal Pillow","Strawberry","Runic Cube","Thread and Needle","Art of War","Anchor","Bronze Scales","Shuriken","Blood Vial"],"acts_visited":["Exordium","TheCity","TheBeyond","TheEnding"],"potions_floor_usage":[14,16,23,23,33,40,46,50,50,55],"damage_taken":[{"damage":2,"enemies":"Small Slimes","floor":1,"turns":5},{"damage":6,"enemies":"Cultist","floor":3,"turns":3},{"damage":1,"enemies":"Jaw Worm","floor":4,"turns":3},{"damage":5,"enemies":"3 Louse","floor":5,"turns":3},{"damage":8,"enemies":"Gremlin Nob","floor":6,"turns":3},{"damage":2,"enemies":"2 Fungi Beasts","floor":7,"turns":3},{"damage":6,"enemies":"Red Slaver","floor":8,"turns":3},{"damage":6,"enemies":"3 Louse","floor":10,"turns":3},{"damage":2,"enemies":"2 Fungi Beasts","floor":11,"turns":2},{"damage":24,"enemies":"3 Sentries","floor":12,"turns":7},{"damage":9,"enemies":"Large Slime","floor":14,"turns":4},{"damage":41,"enemies":"Hexaghost","floor":16,"turns":9},{"damage":17,"enemies":"3 Byrds","floor":18,"turns":6},{"damage":6,"enemies":"Shell Parasite","floor":22,"turns":7},{"damage":40,"enemies":"Slavers","floor":23,"turns":7},{"damage":8,"enemies":"Snake Plant","floor":27,"turns":5},{"damage":20,"enemies":"Book of Stabbing","floor":29,"turns":6},{"damage":15,"enemies":"Shelled Parasite and Fungi","floor":31,"turns":4},{"damage":64,"enemies":"Automaton","floor":33,"turns":9},{"damage":3,"enemies":"Orb Walker","floor":35,"turns":3},{"damage":42,"enemies":"2 Orb Walkers","floor":37,"turns":5},{"damage":16,"enemies":"3 Darklings","floor":38,"turns":4},{"damage":18,"enemies":"Spire Growth","floor":39,"turns":4},{"damage":75,"enemies":"Reptomancer","floor":40,"turns":8},{"damage":14,"enemies":"Writhing Mass","floor":42,"turns":5},{"damage":81,"enemies":"Giant Head","floor":46,"turns":9},{"damage":80,"enemies":"Donu and Deca","floor":50,"turns":8},{"damage":79,"enemies":"Shield and Spear","floor":54,"turns":8},{"damage":117,"enemies":"The Heart","floor":55,"turns":8}],"seed_played":"4137231950454616675","potions_obtained":[{"floor":2,"key":"CultistPotion"},{"floor":2,"key":"FairyPotion"},{"floor":2,"key":"EntropicBrew"},{"floor":7,"key":"ElixirPotion"},{"floor":8,"key":"GamblersBrew"},{"floor":14,"key":"Weak Potion"},{"floor":16,"key":"Energy Potion"},{"floor":18,"key":"Strength Potion"},{"floor":23,"key":"AttackPotion"},{"floor":31,"key":"SpeedPotion"},{"floor":33,"key":"SpeedPotion"},{"floor":40,"key":"PowerPotion"},{"floor":54,"key":"ColorlessPotion"}],"is_trial":false,"path_per_floor":["M","?","M","M","M","E","M","M","T","M","M","E","R","M","R","B",null,"M","?","?","$","M","E","R","?","T","M","R","E","R","M","R","B",null,"M","$","?","M","M","E","R","M","T","?","R","E","?","$","R","B",null,"R","$","E","B"],"character_chosen":"IRONCLAD","items_purchased":["Self Forming Clay","Metallicize","Shuriken","Weak Potion"],"campfire_rested":2,"item_purchase_floors":[21,21,48,48],"current_hp_per_floor":[80,80,80,80,80,78,83,83,83,86,89,84,84,81,81,50,106,95,74,74,74,78,72,72,72,78,80,80,83,83,82,82,46,99,99,99,78,75,67,12,57,73,79,79,79,29,29,29,77,32,117,117,117,64,0,0],"gold":36,"neow_bonus":"ONE_RARE_RELIC","is_daily":false,"chose_seed":false,"campfire_upgraded":7,"win_rate":0.0,"timestamp":1608620425,"path_taken":["M","?","M","M","M","E","?","M","T","M","M","E","R","M","R","BOSS","M","?","?","$","M","E","R","?","T","M","R","E","R","?","R","BOSS","M","$","?","M","M","E","R","M","T","?","R","E","?","$","R","BOSS","R","$","E","BOSS"],"items_purchased_type":["Relic","Card","Relic","Potion"],"build_version":"2020-12-13","purchased_purges":2,"victory":false,"max_hp_per_floor":[80,80,80,80,80,80,83,83,83,86,89,102,102,102,102,106,106,106,74,74,74,78,82,82,82,88,88,88,95,95,99,99,99,99,99,99,103,103,103,103,103,113,119,119,119,119,113,113,113,117,117,117,117,121,121,121],"card_choices":[{"not_picked":["Perfected Strike","Combust"],"picked":"Anger","floor":1},{"not_picked":["Flex","Headbutt"],"picked":"Thunderclap","floor":3},{"not_picked":["Clash","Sentinel","Anger"],"picked":"SKIP","floor":4},{"not_picked":["Sword Boomerang","True Grit"],"picked":"Hemokinesis","floor":5},{"not_picked":["Double Tap","Disarm"],"picked":"Feed","floor":6},{"not_picked":["Combust","Havoc"],"picked":"Ghostly Armor","floor":7},{"not_picked":["Body Slam","Clothesline"],"picked":"Uppercut","floor":8},{"not_picked":["Armaments","Feel No Pain","Iron Wave"],"picked":"SKIP","floor":10},{"not_picked":["Body Slam","Hemokinesis","Dark Embrace"],"picked":"SKIP","floor":11},{"not_picked":["Heavy Blade","Reckless Charge","Havoc"],"picked":"SKIP","floor":12},{"not_picked":["Iron Wave","Headbutt","Entrench"],"picked":"SKIP","floor":14},{"not_picked":["Bludgeon","Double Tap"],"picked":"Reaper","floor":16},{"not_picked":["Havoc","Iron Wave"],"picked":"Disarm+1","floor":18},{"not_picked":["Havoc","Evolve"],"picked":"Bloodletting","floor":22},{"not_picked":["Shockwave","Iron Wave"],"picked":"Shrug It Off","floor":23},{"not_picked":["Shrug It Off+1","Heavy Blade"],"picked":"Carnage+1","floor":27},{"not_picked":["Iron Wave+1","Dropkick+1"],"picked":"Inflame","floor":29},{"not_picked":["Intimidate+1","Cleave+1"],"picked":"Flame Barrier+1","floor":31},{"not_picked":["Exhume","Brutality"],"picked":"Immolate","floor":33},{"not_picked":["Anger+1","Thunderclap+1","Flex+1"],"picked":"SKIP","floor":35},{"not_picked":["Body Slam+1","Sentinel+1"],"picked":"Bludgeon","floor":37},{"not_picked":["Entrench","Clash"],"picked":"Thunderclap+1","floor":38},{"not_picked":["Havoc","Iron Wave"],"picked":"Armaments+1","floor":39},{"not_picked":["Ghostly Armor","Heavy Blade","Sever Soul+1"],"picked":"SKIP","floor":40},{"not_picked":["Heavy Blade","Sever Soul"],"picked":"Uppercut+1","floor":42},{"not_picked":["Cleave+1","Pummel","Seeing Red+1"],"picked":"SKIP","floor":46},{"not_picked":["Cleave","Twin Strike+1"],"picked":"Body Slam+1","floor":54}],"player_experience":338640,"relics_obtained":[{"floor":6,"key":"Darkstone Periapt"},{"floor":9,"key":"Nunchaku"},{"floor":12,"key":"Pear"},{"floor":23,"key":"Whetstone"},{"floor":29,"key":"Strawberry"},{"floor":37,"key":"Thread and Needle"},{"floor":40,"key":"Art of War"},{"floor":43,"key":"Anchor"},{"floor":46,"key":"Bronze Scales"},{"floor":54,"key":"Blood Vial"}],"event_choices":[{"damage_healed":0,"gold_gain":0,"player_choice":"Got Potions","damage_taken":0,"max_hp_gain":0,"max_hp_loss":0,"event_name":"Lab","floor":2,"gold_loss":0},{"damage_healed":0,"gold_gain":0,"player_choice":"Became a vampire","damage_taken":0,"max_hp_gain":0,"max_hp_loss":32,"event_name":"Vampires","floor":19,"gold_loss":0,"cards_obtained":["Bite","Bite","Bite","Bite","Bite"]},{"damage_healed":0,"gold_gain":99,"player_choice":"Stole From Cult","damage_taken":0,"max_hp_gain":0,"max_hp_loss":0,"event_name":"Nest","floor":20,"gold_loss":0},{"cards_removed":["Bite"],"damage_healed":0,"gold_gain":0,"player_choice":"Gave Card","damage_taken":0,"relics_obtained":["Regal Pillow"],"max_hp_gain":0,"max_hp_loss":0,"event_name":"WeMeetAgain","floor":25,"gold_loss":0},{"damage_healed":0,"gold_gain":0,"player_choice":"Fight","damage_taken":0,"max_hp_gain":0,"max_hp_loss":0,"event_name":"Mysterious Sphere","floor":37,"gold_loss":0},{"cards_removed":["Thunderclap"],"damage_healed":0,"gold_gain":0,"player_choice":"Removed Attack","damage_taken":0,"max_hp_gain":0,"max_hp_loss":0,"event_name":"Falling","floor":44,"gold_loss":0},{"damage_healed":0,"gold_gain":0,"player_choice":"Max HP","damage_taken":0,"max_hp_gain":0,"max_hp_loss":6,"event_name":"Winding Halls","floor":47,"gold_loss":0}],"is_beta":false,"boss_relics":[{"not_picked":["Philosopher\u0027s Stone","Tiny House"],"picked":"Cursed Key"},{"not_picked":["Coffee Dripper","Mark of Pain"],"picked":"Runic Cube"}],"items_purged_floors":[21,36],"is_endless":false,"potions_floor_spawned":[3,5,7,8,12,14,16,18,22,23,31,33,35,40,54],"killed_by":"The Heart","ascension_level":0}}