{"host":"ds1yr10zonoc6w4a","time":1608621462,"event":{"mods":["2.2 Compatiblity","AchievementEnabler","Act Like it!","BaseMod","Downfall","Elementarium","Gensokyo","Infinite Spire","Jorbs\u0027s Wanderer Trilogy","Koishi","Menagerie","Minty Spire (QoL Compilation)","Pale of the Ancients","StSLib","The Animator","Wandering Minibosses","[IsaacMod]????"],"gold_per_floor":[118,143,68,68,68,102,130,156,182,182,211,211,222,54,54,151,151,193,65,87,87,87],"floor_reached":21,"playtime":2994,"items_purged":["animator:Defend","animator:Strike"],"score":336,"play_id":"8c72fe2e-2aca-4d53-8aad-8b262579305d","local_time":"20201222001742","is_ascension_mode":true,"campfire_choices":[{"data":"animator:Aqua","floor":15,"key":"SMITH"}],"circlet_count":0,"master_deck":["AscendersBane","animator:Strike_Konosuba","animator:Kazuma","animator:Aqua+1","animator:Chung","animator:RinTohsaka","infinitespire:Gouge","animator:Tyuule","animator:YunYun","animator:Vanir","animator:Hans","animator:Archer","animator:Darkness","animator:Wiz","animator:Vanir","animator:Wiz","animator:Aqua","animator:Mitsurugi","Gensokyo:BlemishedSteel","Gensokyo:RustyChest","Gensokyo:TarnishedGold","animator:Assassin"],"relics":["animator:LivingPicture","animator:TheMissingPiece","HushsDoor","animator:PurgingStone","animator:PurgingStone","animator:PurgingStone","NeowsBlessing","Damocles","animator:Hoodie","infinitespire:FocusingShard","animator:BattleDrones","Ancient Tea Set","wanderingMiniBosses:CarrionFlame","Toy Ornithopter","Matryoshka","BookOfRevelations","Potion Belt","Lantern","Gensokyo:LunaticRedEyes","GuppysHead","animator:ShionDessert","animator:RacePiece","Shuriken","Vajra"],"acts_visited":["Gensokyo:Gensokyo","Gensokyo:Gensokyoer"],"potions_floor_usage":[16],"damage_taken":[{"damage":0.0,"enemies":"Gensokyo:3_Fairies","floor":1.0,"turns":2.0},{"damage":0.0,"enemies":"Gensokyo:2_Kodama","floor":2.0,"turns":1.0},{"damage":0.0,"enemies":"Gensokyo:Cirno","floor":6.0,"turns":2.0},{"damage":3.0,"enemies":"Gensokyo:Gryphon","floor":7.0,"turns":34.0},{"damage":7.0,"enemies":"Gensokyo:Aya","floor":8.0,"turns":4.0},{"damage":0.0,"enemies":"Gensokyo:3_Kodama","floor":11.0,"turns":2.0},{"damage":0.0,"enemies":"Gensokyo:LivingMonolith","floor":13.0,"turns":2.0},{"damage":8,"enemies":"Gensokyo:Yukari","floor":16,"turns":7},{"damage":0,"enemies":"Gensokyo:AngelMirror","floor":18,"turns":3},{"damage":0,"enemies":"Gensokyo:CosmicMonolith","floor":20,"turns":3},{"damage":1,"enemies":"Gensokyo:Wraith","floor":21,"turns":2}],"seed_played":"2385764991951505394","potions_obtained":[{"floor":6.0,"key":"Regen Potion"},{"floor":7.0,"key":"SteroidPotion"},{"floor":11.0,"key":"Regen Potion"}],"is_trial":false,"path_per_floor":["M","M","$","?","?","E","M","E","T","?","M","?","M","$","R","B",null,"M","COS","M","M"],"character_chosen":"THE_ANIMATOR","items_purchased":["animator:Darkness"],"campfire_rested":0,"item_purchase_floors":[14],"current_hp_per_floor":[61,64,64,64,48,53,67,68,68,68,73,43,49,49,49,64,77,84,84,87,0,0],"gold":87,"neow_bonus":"THREE_ENEMY_KILL","is_daily":false,"chose_seed":false,"campfire_upgraded":1,"win_rate":0.0,"timestamp":1608621462,"path_taken":["M","M","$","?","?","E","M","E","T","?","?","?","?","?","R","BOSS","M","COS","M","M"],"items_purchased_type":["Card"],"build_version":"2020-12-13","purchased_purges":2,"victory":false,"max_hp_per_floor":[66,69,69,69,69,72,72,73,73,73,76,76,80,80,80,81,81,84,84,87,87,87],"card_choices":[{"not_picked":[],"picked":"ChaosCard","floor":0.0},{"not_picked":["animator:CowGirl","animator:Elsword"],"picked":"animator:Chung","floor":1.0},{"not_picked":["animator:Evileye","animator:MetalKnight"],"picked":"animator:RinTohsaka","floor":2.0},{"not_picked":["infinitespire:FinalStrike","infinitespire:SealOfDarkness+"],"picked":"infinitespire:Gouge","floor":5.0},{"not_picked":["animator:Ainz","animator:DwarfShaman"],"picked":"animator:Tyuule","floor":6.0},{"not_picked":["animator:Mitsurugi","animator:Kazuma"],"picked":"animator:YunYun","floor":7.0},{"not_picked":["animator:Shigure","animator:Spearman"],"picked":"animator:Vanir","floor":8.0},{"not_picked":["animator:RoryMercury","animator:Kazuma"],"picked":"animator:Hans","floor":11.0},{"not_picked":["animator:LizardPriest","animator:Cocytus"],"picked":"animator:Archer","floor":13.0},{"not_picked":["animator:AcuraShin","animator:Saitama"],"picked":"animator:Wiz","floor":16},{"not_picked":["animator:Kazuma","animator:YunYun"],"picked":"animator:Mitsurugi","floor":18},{"not_picked":["animator:ShinjiMatou","animator:Rider"],"picked":"animator:Assassin","floor":20}],"player_experience":484678,"relics_obtained":[{"floor":1.0,"key":"animator:Hoodie"},{"floor":2.0,"key":"infinitespire:FocusingShard"},{"floor":6.0,"key":"animator:BattleDrones"},{"floor":6.0,"key":"Ancient Tea Set"},{"floor":7.0,"key":"wanderingMiniBosses:CarrionFlame"},{"floor":7.0,"key":"Toy Ornithopter"},{"floor":8.0,"key":"Matryoshka"},{"floor":8.0,"key":"BookOfRevelations"},{"floor":9.0,"key":"Potion Belt"},{"floor":9.0,"key":"Lantern"},{"floor":11.0,"key":"GuppysHead"},{"floor":13.0,"key":"animator:ShionDessert"},{"floor":18,"key":"Shuriken"},{"floor":20,"key":"Vajra"}],"event_choices":[],"is_beta":false,"boss_relics":[{"not_picked":["Velvet Choker","Black Star"],"picked":"animator:RacePiece"},{"not_picked":[]}],"items_purged_floors":[3,14],"is_endless":false,"potions_floor_spawned":[6,7,11],"killed_by":"Gensokyo:Wraith","ascension_level":10}}