{"host":"kgj3hkp928synzkd","time":1608612197,"event":{"mods":["2.2 Compatiblity","AchievementEnabler","AlwaysNeverKeys","BaseMod","Better Third Choice","Block Reminder","Colored Map","Colored Powertips","Conspire","Curses Come First","GifTheSpireLib","Googly Eyes","Infinite Spire","Minty Spire (QoL Compilation)","Permanent Neow","Quick Restart","Rare Cards Sparkle","Replay The Spire","Spicy Shops","StSLib","SuperFastMode","The Bug Knight","The Exalted"],"gold_per_floor":[110,110,110,125,145,145,189,189,237,237,268,268,304,324,324,448,448,461,376,427,440,456,490,511,531,584,584,602,602,602,602,602],"floor_reached":31,"playtime":1656,"items_purged":[],"score":289,"play_id":"40d6fb57-6099-472d-b440-d00e91b218b1","local_time":"20201221234317","is_ascension_mode":true,"campfire_choices":[{"data":"Eruption","floor":6,"key":"SMITH"},{"floor":10,"key":"REST"},{"floor":15,"key":"REST"},{"floor":27,"key":"REST"},{"floor":30,"key":"REST"}],"circlet_count":0,"master_deck":["Strike_P","Strike_P+1","Strike_P","Strike_P","Defend_P","Defend_P","Defend_P","Defend_P","Eruption+1","Vigilance","CarveReality+1","EmptyFist","Replay:AtTheReady","SandsOfTime+1","Vengeance","CarveReality","MentalFortress","DeusExMachina","FlyingSleeves+1","ClearTheMind","Consecrate","JustLucky","ThirdEye+1","FollowUp"],"relics":["PureWater","Golden Idol","Bronze Scales","Darkstone Periapt","Orichalcum","SacredBark","HollowMod:LifeEnderRelic","Bromod:ArcaneTempo","Question Card","Whetstone","Nloth\u0027s Gift"],"acts_visited":["Exordium","TheCity"],"potions_floor_usage":[24],"damage_taken":[{"damage":1,"enemies":"2 Louse","floor":1,"turns":3},{"damage":13,"enemies":"Small Slimes","floor":4,"turns":3},{"damage":2,"enemies":"conspire:RoseBush","floor":5,"turns":4},{"damage":18,"enemies":"Replay:BlueRogue","floor":7,"turns":5},{"damage":8,"enemies":"Gremlin Nob","floor":11,"turns":3},{"damage":12,"enemies":"HollowMod:MossKnight","floor":13,"turns":6},{"damage":7,"enemies":"2 Fungi Beasts","floor":14,"turns":2},{"damage":23,"enemies":"The Guardian","floor":16,"turns":11},{"damage":0,"enemies":"Chosen","floor":18,"turns":3},{"damage":26,"enemies":"Spheric Guardian","floor":21,"turns":5},{"damage":15,"enemies":"Cultist and Chosen","floor":22,"turns":6},{"damage":26,"enemies":"Book of Stabbing","floor":23,"turns":4},{"damage":10,"enemies":"Shelled Parasite and Fungi","floor":24,"turns":4},{"damage":38,"enemies":"Centurion and Healer","floor":25,"turns":7},{"damage":29,"enemies":"Sentry and Sphere","floor":28,"turns":7},{"damage":31,"enemies":"Slavers","floor":31,"turns":2}],"seed_played":"7525190766188695763","potions_obtained":[{"floor":7,"key":"LiquidBronze"},{"floor":11,"key":"FairyPotion"},{"floor":16,"key":"SkillPotion"},{"floor":25,"key":"Fire Potion"}],"is_trial":false,"path_per_floor":["M","?","?","M","M","R","E","?","T","R","E","$","E","M","R","B",null,"M","?","T","M","M","E","M","M","T","R","M","?","R","E"],"character_chosen":"WATCHER","items_purchased":[],"campfire_rested":4,"item_purchase_floors":[],"current_hp_per_floor":[78,78,71,58,56,56,38,38,38,61,53,53,41,34,57,34,79,79,79,79,53,38,12,2,11,11,34,5,5,28,0,0],"gold":602,"neow_bonus":"TEN_PERCENT_HP_BONUS","is_daily":false,"chose_seed":false,"campfire_upgraded":1,"win_rate":0.0,"timestamp":1608612197,"path_taken":["M","?","?","M","M","R","E","?","T","R","E","$","E","M","R","BOSS","M","?","?","M","?","E","M","M","T","R","M","?","R","E"],"items_purchased_type":[],"build_version":"2020-12-13","purchased_purges":0,"victory":false,"max_hp_per_floor":[79,79,79,79,79,79,79,79,79,79,79,79,79,79,79,79,79,79,79,79,79,79,79,79,79,79,79,79,79,79,79,79],"card_choices":[{"not_picked":["ClearTheMind","Replay:BluntJabs"],"picked":"CarveReality","floor":1},{"not_picked":["SashWhip","MentalFortress"],"picked":"EmptyFist","floor":4},{"not_picked":["SpiritShield","Conclude"],"picked":"Replay:AtTheReady","floor":5},{"not_picked":["EmptyBody","Evaluate"],"picked":"SandsOfTime","floor":7},{"not_picked":["SignatureMove","Replay:AtTheReady"],"picked":"Vengeance","floor":11},{"not_picked":["Sanctity","Replay:AtTheReady"],"picked":"CarveReality","floor":13},{"not_picked":["Fasting2","CrushJoints"],"picked":"MentalFortress","floor":14},{"not_picked":["Vault","LessonLearned"],"picked":"DeusExMachina","floor":16},{"not_picked":["FlurryOfBlows","WreathOfFlame"],"picked":"FlyingSleeves+1","floor":18},{"not_picked":["FlyingSleeves","Replay:BluntJabs","Nirvana"],"picked":"SKIP","floor":21},{"not_picked":["Tantrum","Crescendo"],"picked":"ClearTheMind","floor":22},{"not_picked":["Sanctity","Brilliance"],"picked":"Consecrate","floor":23},{"not_picked":["FlurryOfBlows+1","Replay:Hum","EmptyFist+1"],"picked":"JustLucky","floor":24},{"not_picked":["Consecrate","SandsOfTime","Study+1"],"picked":"ThirdEye+1","floor":25},{"not_picked":["SandsOfTime+1","SashWhip","CutThroughFate+1"],"picked":"FollowUp","floor":28}],"player_experience":277934,"relics_obtained":[{"floor":7,"key":"Bromod:ArcaneMomentum"},{"floor":9,"key":"Bronze Scales"},{"floor":11,"key":"Darkstone Periapt"},{"floor":13,"key":"Orichalcum"},{"floor":20,"key":"Bromod:ArcaneTempo"},{"floor":23,"key":"Question Card"},{"floor":26,"key":"Whetstone"}],"event_choices":[{"damage_healed":0,"gold_gain":0,"player_choice":"Take Wound","damage_taken":0,"relics_obtained":["Golden Idol"],"max_hp_gain":0,"max_hp_loss":0,"event_name":"Golden Idol","floor":2,"gold_loss":0,"cards_obtained":["Injury"]},{"cards_removed":["Injury"],"damage_healed":0,"gold_gain":0,"player_choice":"Card Removal","damage_taken":7,"max_hp_gain":0,"max_hp_loss":0,"event_name":"Golden Wing","floor":3,"gold_loss":0},{"damage_healed":0,"gold_gain":0,"player_choice":"Obtained Relic","damage_taken":0,"relics_obtained":["HollowMod:LifeEnderRelic"],"max_hp_gain":0,"max_hp_loss":0,"event_name":"Addict","floor":19,"gold_loss":85},{"damage_healed":0,"gold_gain":0,"player_choice":"Traded Relic","damage_taken":0,"relics_obtained":["Nloth\u0027s Gift"],"max_hp_gain":0,"max_hp_loss":0,"event_name":"N\u0027loth","floor":29,"relics_lost":["Bromod:ArcaneMomentum"],"gold_loss":0}],"is_beta":false,"boss_relics":[{"not_picked":["Replay:Bronze Core","Pandora\u0027s Box"],"picked":"SacredBark"}],"items_purged_floors":[],"is_endless":false,"potions_floor_spawned":[7,11,16,18,21,23,25],"killed_by":"Slavers","ascension_level":1}}