{"host":"ju66gn9zov5ov15o","time":1608669862,"event":{"mods":["2.2 Compatiblity","Act Like it!","BaseMod","Downfall","GifTheSpireLib","Minty Spire (QoL Compilation)","Pale of the Ancients","StSLib"],"gold_per_floor":[0,16,1,1,65,65,88,119,131,145,70,90,15,0,16,16,16,16],"floor_reached":16,"playtime":1191,"items_purged":[],"score":125,"play_id":"67553c8a-6f5f-4fe7-83eb-d3f2a6facd0c","local_time":"20201222214422","is_ascension_mode":false,"campfire_choices":[{"floor":1,"key":"RECALL"},{"data":"Guardian:RefractedBeam","floor":11,"key":"SMITH"},{"data":"Guardian:RefractedBeam+1","floor":13,"key":"SMITH"}],"circlet_count":0,"master_deck":["Guardian:Strike_Guardian","Guardian:Defend_Guardian","Guardian:Defend_Guardian","Guardian:Defend_Guardian","Guardian:Defend_Guardian","Guardian:CurlUp","Guardian:TwinSlam","Guardian:Clone","Guardian:DonusPower","Guardian:TemporalStrike","Guardian:RefractedBeam+2","Guardian:Suspension","Guardian:Recover"],"relics":["Guardian:ModeShifter","Regal Pillow","PreservedInsect","Sundial","downfall:HeartBlessingGreen","downfall:HeartBlessingRed"],"acts_visited":["Exordium"],"potions_floor_usage":[8,9,14,16],"damage_taken":[{"damage":12,"enemies":"Cultist","floor":2,"turns":6},{"damage":0,"enemies":"downfall:FleeingMerchant","floor":3,"turns":4},{"damage":26,"enemies":"3 Sentries","floor":5,"turns":10},{"damage":28,"enemies":"3 Sentries","floor":8,"turns":9},{"damage":0,"enemies":"2 Louse","floor":9,"turns":3},{"damage":7,"enemies":"Small Slimes","floor":10,"turns":4},{"damage":17,"enemies":"Exordium Thugs","floor":12,"turns":3},{"damage":4,"enemies":"downfall:FleeingMerchant","floor":14,"turns":4},{"damage":12,"enemies":"Blue Slaver","floor":15,"turns":4},{"damage":31,"enemies":"downfall:Ironclad","floor":16,"turns":9}],"seed_played":"-3599828022606592977","potions_obtained":[{"floor":2,"key":"Explosive Potion"},{"floor":8,"key":"Dexterity Potion"},{"floor":9,"key":"Fruit Juice"},{"floor":12,"key":"Swift Potion"}],"is_trial":false,"path_per_floor":["R","M","$","?","?","?","T","E","M","M","R","M","R","$","M","B"],"character_chosen":"GUARDIAN","items_purchased":[],"campfire_rested":0,"item_purchase_floors":[],"current_hp_per_floor":[80,68,68,68,42,90,90,62,67,60,60,43,43,39,27,0,0,0],"gold":16,"neow_bonus":"TRANSFORM_TWO_CARDS","is_daily":false,"chose_seed":false,"campfire_upgraded":2,"win_rate":0.0,"timestamp":1608669862,"path_taken":["R","M","$","?","?","?","T","E","M","M","R","?","R","$","M","BOSS"],"items_purchased_type":[],"build_version":"2020-12-13","purchased_purges":0,"victory":false,"max_hp_per_floor":[80,80,80,80,80,90,90,90,95,95,95,95,95,95,95,95,95,95],"card_choices":[{"not_picked":["Guardian:Orbwalk","Guardian:ShieldCharger"],"picked":"Guardian:Gem_Crimson","floor":2},{"not_picked":["Guardian:RollAttack","Guardian:SphericShield"],"picked":"Guardian:StasisField","floor":3},{"not_picked":["Guardian:RollAttack","Guardian:PiercingHide"],"picked":"Guardian:TemporalStrike","floor":5},{"not_picked":["Guardian:HyperBeam_Guardian","Guardian:Gem_Lightblue"],"picked":"Guardian:RefractedBeam","floor":8},{"not_picked":["Guardian:RefractedBeam","Guardian:TemporalShield"],"picked":"Guardian:Gem_Green","floor":9},{"not_picked":["Guardian:RollAttack","Guardian:TemporalStrike"],"picked":"Guardian:Gem_Crimson","floor":10},{"not_picked":["Guardian:TemporalStrike","Guardian:RollAttack","Guardian:ArmoredProtocol"],"picked":"SKIP","floor":12},{"not_picked":["Guardian:Gem_Green","Guardian:WalkerClaw"],"picked":"Guardian:Suspension","floor":14},{"not_picked":["Guardian:Harden","Guardian:Emergency"],"picked":"Guardian:Recover","floor":15}],"player_experience":184490,"relics_obtained":[{"floor":5,"key":"Regal Pillow"},{"floor":7,"key":"PreservedInsect"},{"floor":8,"key":"Sundial"}],"event_choices":[{"cards_removed":["Guardian:StasisField"],"damage_healed":38,"gold_gain":0,"player_choice":"Offered Rare","damage_taken":0,"max_hp_gain":10,"max_hp_loss":0,"event_name":"Bonfire Elementals","floor":6,"gold_loss":0}],"is_beta":false,"boss_relics":[],"items_purged_floors":[],"is_endless":false,"potions_floor_spawned":[2,8,9,12],"killed_by":"downfall:Ironclad","ascension_level":0}}