{"host":"yoibuf8dtscl5joe","time":1608673173,"event":{"mods":["BaseMod","Better Third Choice","Downfall","Marisa????????","Minty Spire (QoL Compilation)","Replay The Spire","StSLib","The Construct","The Cursed","The Servant 0.9.4"],"gold_per_floor":[114,134,134,147,147,167,167,177,177,16,16,16,16,34,34,136,136,153,153,153,153,171,171,205,37,62,82,82,82,95,113,113,213,213,233,115,174,174,184,184,62,79,79,29,49,63,94,94,94,109,109,109,109,109,46,78,78,78],"floor_reached":57,"playtime":5721,"items_purged":["Strike_R","Defend_R+1","Parasite"],"score":819,"play_id":"09191ae6-9903-4988-bd31-b208fb7d09ac","local_time":"20201222233933","is_ascension_mode":false,"campfire_choices":[{"data":"Cleave","floor":7,"key":"SMITH"},{"data":"Replay:SS_hec_2","floor":12,"key":"SMITH"},{"data":"Bash","floor":15,"key":"SMITH"},{"data":"Disarm","floor":23,"key":"SMITH"},{"data":"Intimidate","floor":29,"key":"SMITH"},{"floor":32,"key":"DIG"},{"floor":40,"key":"RECALL"},{"data":"Flex","floor":51,"key":"SMITH"},{"data":"Iron Wave","floor":54,"key":"SMITH"}],"circlet_count":0,"master_deck":["Strike_R+1","Strike_R+1","Defend_R+1","Defend_R+1","Bash+1","Iron Wave+1","Cleave+1","Thunderclap+1","Flex+1","Replay:SS_hec_2+1","Disarm+1","Exhume+1","Iron Wave+1","Iron Wave+1","Intimidate+1","Exhume","Armaments","Replay:SS_hec_2+1"],"relics":["Burning Blood","NeowsBlessing","The Courier","BargainBundle","Empty Cage","Paper Frog","ReplayTheSpireMod:Lightbulb","Busted Crown","MealTicket","Oddly Smooth Stone","Membership Card","PreservedInsect","Pen Nib","Blood Vial"],"acts_visited":["Exordium","TheCity","TheBeyond","TheEnding"],"potions_floor_usage":[16,18,24,33,33,33,52,52,56,57],"damage_taken":[{"damage":0,"enemies":"2 Louse","floor":1,"turns":1},{"damage":0,"enemies":"Small Slimes","floor":2,"turns":1},{"damage":0,"enemies":"Cultist","floor":4,"turns":1},{"damage":8,"enemies":"2 Fungi Beasts","floor":6,"turns":3},{"damage":10,"enemies":"Exordium Thugs","floor":8,"turns":4},{"damage":4,"enemies":"Red Slaver","floor":14,"turns":5},{"damage":0,"enemies":"Slime Boss","floor":16,"turns":15},{"damage":18,"enemies":"2 Thieves","floor":18,"turns":4},{"damage":3,"enemies":"Shell Parasite","floor":22,"turns":8},{"damage":0,"enemies":"Slavers","floor":24,"turns":6},{"damage":0,"enemies":"Snake Plant","floor":27,"turns":7},{"damage":10,"enemies":"Centurion and Healer","floor":30,"turns":9},{"damage":0,"enemies":"Cultist and Chosen","floor":31,"turns":8},{"damage":39,"enemies":"Champ","floor":33,"turns":19},{"damage":11,"enemies":"3 Shapes","floor":35,"turns":5},{"damage":0,"enemies":"3 Darklings","floor":39,"turns":7},{"damage":0,"enemies":"Transient","floor":42,"turns":5},{"damage":0,"enemies":"Spire Growth","floor":45,"turns":8},{"damage":0,"enemies":"Writhing Mass","floor":46,"turns":8},{"damage":0,"enemies":"Nemesis","floor":47,"turns":13},{"damage":0,"enemies":"Maw","floor":50,"turns":9},{"damage":0,"enemies":"Awakened One","floor":52,"turns":14},{"damage":27,"enemies":"Shield and Spear","floor":56,"turns":11},{"damage":60,"enemies":"The Heart","floor":57,"turns":9}],"seed_played":"4767745504193204841","potions_obtained":[{"floor":2,"key":"champ:CounterPotion"},{"floor":6,"key":"Adrenaline Potion"},{"floor":16,"key":"FearPotion"},{"floor":18,"key":"Block Potion"},{"floor":22,"key":"Languid Potion"},{"floor":24,"key":"PowerPotion"},{"floor":35,"key":"sneckomod:MuddlingPotion"},{"floor":37,"key":"DuplicationPotion"},{"floor":37,"key":"CultistPotion"},{"floor":56,"key":"Adrenaline Potion"}],"is_trial":false,"path_per_floor":["M","M","?","M","?","M","R","M","T","$","?","R","$","M","R","B",null,"M","?","?","?","M","R","E","$","T","M","?","R","M","M","R","B",null,"M","$","?","?","M","R","$","M","T","$","M","M","E","PTL","PTL","M","R","B",null,"R","$","E","B"],"character_chosen":"IRONCLAD","items_purchased":["BargainBundle","Block Potion","Flex","Replay:SS_hec_2","Exhume","Armaments","MealTicket","Membership Card"],"campfire_rested":0,"item_purchase_floors":[10,10,10,10,25,25,36,41],"current_hp_per_floor":[80,80,64,70,70,68,68,64,64,64,64,64,64,66,66,72,80,68,68,68,68,71,71,77,77,77,80,80,80,76,80,80,47,80,75,75,55,55,61,61,76,80,80,80,80,80,80,80,80,80,80,80,80,80,77,56,0,0],"gold":78,"neow_bonus":"THREE_ENEMY_KILL","is_daily":false,"chose_seed":false,"campfire_upgraded":7,"win_rate":0.0,"timestamp":1608673173,"path_taken":["M","M","?","M","?","?","R","M","T","$","?","R","?","M","R","BOSS","M","?","?","?","?","R","E","$","T","M","?","R","M","?","R","BOSS","M","$","?","?","M","R","$","M","T","$","M","M","E","PTL","PTL","?","R","BOSS","R","$","E","BOSS"],"items_purchased_type":["Relic","Potion","Card","Card","Card","Card","Relic","Relic"],"build_version":"2020-12-13","purchased_purges":3,"victory":false,"max_hp_per_floor":[80,80,80,80,80,80,80,80,80,80,80,80,80,80,80,80,80,80,80,80,80,80,80,80,80,80,80,80,80,80,80,80,80,80,80,80,80,80,80,80,80,80,80,80,80,80,80,80,80,80,80,80,80,80,77,77,77,77],"card_choices":[{"not_picked":["Clash","Body Slam","Run Through"],"picked":"SKIP","floor":1},{"not_picked":["Reckless Charge","Carnage"],"picked":"Iron Wave","floor":2},{"not_picked":["Dropkick","Clothesline"],"picked":"Cleave","floor":4},{"not_picked":["Perfected Strike","True Grit","Iron Wave"],"picked":"SKIP","floor":6},{"not_picked":["Body Slam","Dual Wield"],"picked":"Thunderclap","floor":8},{"not_picked":["Fire Breathing","Entrench","Hemogenesis"],"picked":"SKIP","floor":14},{"not_picked":["Double Tap","Reaper"],"picked":"Exhume","floor":16},{"not_picked":["Run Through","Flex+1"],"picked":"Iron Wave","floor":18},{"not_picked":["Abandon","Feel No Pain"],"picked":"Iron Wave+1","floor":22},{"not_picked":["Bloodletting","Havoc+1"],"picked":"Intimidate","floor":24},{"not_picked":["True Grit","Shrug It Off+1","Immolate"],"picked":"SKIP","floor":27},{"not_picked":["Abandon+1","Wild Strike","Fire Breathing"],"picked":"SKIP","floor":30},{"not_picked":["Replay:Undeath\u0027s Touch+1","Burning Pact+1","Perfected Strike+1"],"picked":"SKIP","floor":31},{"not_picked":["Havoc+1"],"picked":"SKIP","floor":35},{"not_picked":["Iron Wave"],"picked":"SKIP","floor":39},{"not_picked":["Heavy Blade"],"picked":"SKIP","floor":42},{"not_picked":["Twin Strike"],"picked":"SKIP","floor":45},{"not_picked":["Replay:Undeath\u0027s Touch"],"picked":"SKIP","floor":46},{"not_picked":["Ghostly Armor+1"],"picked":"SKIP","floor":47},{"not_picked":["Dual Wield"],"picked":"SKIP","floor":50},{"not_picked":["Anger"],"picked":"SKIP","floor":56}],"player_experience":383673,"relics_obtained":[{"floor":9,"key":"The Courier"},{"floor":24,"key":"Paper Frog"},{"floor":32,"key":"ReplayTheSpireMod:Lightbulb"},{"floor":37,"key":"Oddly Smooth Stone"},{"floor":43,"key":"PreservedInsect"},{"floor":47,"key":"Pen Nib"},{"floor":56,"key":"Blood Vial"}],"event_choices":[{"damage_healed":80,"gold_gain":0,"player_choice":"Upgrade","damage_taken":16,"max_hp_gain":0,"max_hp_loss":80,"event_name":"betterThird:BetterShining","floor":3,"gold_loss":0,"cards_upgraded":["Iron Wave","Strike_R"]},{"damage_healed":0,"gold_gain":0,"player_choice":"Bought 0 Potions","damage_taken":0,"max_hp_gain":0,"max_hp_loss":0,"event_name":"The Woman in Blue","floor":5,"gold_loss":0},{"damage_healed":0,"gold_gain":0,"cards_transformed":["Strike_R"],"player_choice":"Transformed","damage_taken":0,"max_hp_gain":0,"max_hp_loss":0,"event_name":"Transmorgrifier","floor":11,"gold_loss":0,"cards_obtained":["Disarm"]},{"damage_healed":0,"gold_gain":0,"player_choice":"Simplicity","damage_taken":0,"max_hp_gain":0,"max_hp_loss":4,"event_name":"betterThird:BetterWriting","floor":20,"gold_loss":0},{"damage_healed":0,"gold_gain":0,"player_choice":"Upgraded","damage_taken":0,"max_hp_gain":0,"max_hp_loss":0,"event_name":"Upgrade Shrine","floor":21,"gold_loss":0,"cards_upgraded":["Thunderclap"]},{"damage_healed":0,"gold_gain":0,"player_choice":"Forge","damage_taken":0,"max_hp_gain":0,"max_hp_loss":0,"event_name":"Accursed Blacksmith","floor":28,"gold_loss":0,"cards_upgraded":["Exhume"]},{"damage_healed":0,"gold_gain":0,"player_choice":"Copied","damage_taken":0,"max_hp_gain":0,"max_hp_loss":0,"event_name":"Duplicator","floor":38,"gold_loss":0,"cards_obtained":["Replay:SS_hec_2"]}],"is_beta":false,"boss_relics":[{"not_picked":["Tiny House","SacredBark"],"picked":"Empty Cage"},{"not_picked":["Astrolabe","Replay:Grab Bag"],"picked":"Busted Crown"}],"items_purged_floors":[10,44,55],"is_endless":false,"potions_floor_spawned":[2,6,14,16,18,22,24,31,35,46,50,56],"killed_by":"The Heart","ascension_level":0}}