{"host":"hi7fki77kkmhrce8","time":1608669323,"event":{"mods":["AchievementEnabler","Act Like it!","BaseMod","Beaked The Cultist","Colored Powertips","Downfall","Halation","Hallownest","Jedi Mod","Mad Scientist","Minty Spire (QoL Compilation)","Relic Stats","Replay The Spire","StSLib","SuperFastMode","The Blackbeard","The Construct","The Hierophant","The Necromancer","The Servant 0.9.4","The Witch"],"gold_per_floor":[116,116,134,154,164,195,195,225,275,275,288,303,303,336,336,436,436,456,466,391,406,426,426,457,457,509,538,538,478,577,596,596,691,691,707,707,723,736,182,182,200,200,225,225,19,52,63,74,74,74],"floor_reached":51,"playtime":2186,"items_purged":["Strike_S","Deny","ShatteredReality+1"],"score":825,"play_id":"507d33eb-15f7-4653-a20a-c5cdc2cb72ef","local_time":"20201222153523","is_ascension_mode":true,"campfire_choices":[{"data":"FlawlessForm","floor":10,"key":"SMITH"},{"data":"Gouge","floor":13,"key":"SMITH"},{"floor":15,"key":"REST"},{"data":"Unruled","floor":23,"key":"SMITH"},{"floor":28,"key":"REST"},{"floor":32,"key":"REST"},{"floor":40,"key":"REST"},{"floor":42,"key":"REST"},{"floor":49,"key":"REST"}],"circlet_count":0,"master_deck":["Strike_S","Strike_S","Strike_S","Defend_S","Defend_S","Defend_S","Defend_S","KidneyShot","Exchange","Spin","Hightail","DoubleEdge+1","FlawlessForm+1","ShiftingGears","Sunlight","Gouge+1","BottledTime","SpecialFormula","Unruled+1","DoubleEdge","Desolation","Pot Of Greed","Pot Of Greed","Gouge+1","Luminosity","Pot Of Greed","BottledTime","LightFlow","ShatteredReality","Spin","SpecialFormula","DualDimension"],"relics":["SplendidAttire","Happy Flower","PocketWatch","Sundial","Lantern","ReplayTheSpireMod:Lightbulb","Bottled Flame","Grinning Jar","jedi:zontanonomicon","Blood Vial","Centennial Puzzle","Philosopher\u0027s Stone","halation:EternalFortune","HornCleat","jedi:crownofsimplicity","Vajra","halation:PapillonHeart","Boot"],"acts_visited":["Exordium","TheCity","TheBeyond"],"potions_floor_usage":[16,33,50],"damage_taken":[{"damage":3,"enemies":"Jaw Worm","floor":1,"turns":4},{"damage":1,"enemies":"Small Slimes","floor":3,"turns":3},{"damage":0,"enemies":"2 Louse","floor":4,"turns":2},{"damage":1,"enemies":"Blue Slaver","floor":5,"turns":4},{"damage":0,"enemies":"Lagavulin","floor":6,"turns":8},{"damage":9,"enemies":"3 Sentries","floor":8,"turns":6},{"damage":0,"enemies":"2 Fungi Beasts","floor":11,"turns":2},{"damage":0,"enemies":"Lots of Slimes","floor":12,"turns":1},{"damage":8,"enemies":"Gremlin Nob","floor":14,"turns":4},{"damage":18,"enemies":"Hexaghost","floor":16,"turns":7},{"damage":0,"enemies":"2 Thieves","floor":18,"turns":3},{"damage":0,"enemies":"Spheric Guardian","floor":19,"turns":3},{"damage":4,"enemies":"Chosen and Byrds","floor":21,"turns":4},{"damage":0,"enemies":"Snecko","floor":22,"turns":3},{"damage":23,"enemies":"Slavers","floor":24,"turns":5},{"damage":24,"enemies":"Replay:Snechameleon","floor":27,"turns":9},{"damage":0,"enemies":"Snake Plant","floor":31,"turns":2},{"damage":23,"enemies":"Champ","floor":33,"turns":8},{"damage":19,"enemies":"3 Darklings","floor":35,"turns":3},{"damage":21,"enemies":"Orb Walker","floor":37,"turns":3},{"damage":35,"enemies":"Maw","floor":38,"turns":5},{"damage":0,"enemies":"4 Shapes","floor":41,"turns":3},{"damage":45,"enemies":"Nemesis","floor":46,"turns":5},{"damage":19,"enemies":"Transient","floor":47,"turns":5},{"damage":23,"enemies":"Writhing Mass","floor":48,"turns":2},{"damage":27,"enemies":"Donu and Deca","floor":50,"turns":5}],"seed_played":"5965512928637502463","potions_obtained":[{"floor":3,"key":"FearPotion"},{"floor":4,"key":"construct:ShiftPotion"},{"floor":6,"key":"CultistPotion"},{"floor":12,"key":"Dexterity Potion"},{"floor":19,"key":"BlessingOfTheForge"},{"floor":27,"key":"EssenceOfSteel"},{"floor":33,"key":"SteroidPotion"},{"floor":46,"key":"jedi:mysterypotion"}],"is_trial":false,"path_per_floor":["M","?","M","M","M","E","?","E","T","R","M","M","R","E","R","B",null,"M","M","$","M","M","R","E","?","T","E","R","?","?","M","R","B",null,"M","?","M","M","$","R","M","R","T","?","$","E","M","M","R","B",null],"character_chosen":"THE_SERVANT","items_purchased":["HornCleat","jedi:crownofsimplicity","Spin","SpecialFormula"],"campfire_rested":6,"item_purchase_floors":[39,39,39,45],"current_hp_per_floor":[62,55,54,54,53,53,53,44,44,44,44,44,44,36,55,42,65,65,65,65,65,65,65,47,31,31,14,33,33,33,40,59,42,65,51,54,35,7,7,27,34,54,54,54,54,24,17,6,26,14],"gold":74,"neow_bonus":"RANDOM_COMMON_RELIC","is_daily":false,"chose_seed":false,"campfire_upgraded":3,"win_rate":0.0,"timestamp":1608669323,"path_taken":["M","?","M","M","M","E","?","E","T","R","M","M","R","E","R","BOSS","M","M","$","M","M","R","E","?","T","E","R","?","?","?","R","BOSS","M","?","M","M","$","R","M","R","T","?","?","E","M","M","R","BOSS"],"items_purchased_type":["Relic","Relic","Card","Card"],"build_version":"2020-12-13","purchased_purges":3,"victory":true,"max_hp_per_floor":[65,65,65,65,65,65,65,65,65,65,65,65,65,65,65,65,65,65,65,65,65,65,65,65,65,65,65,65,65,65,65,65,65,65,65,68,68,68,68,68,68,68,68,65,65,68,68,68,68,68],"relic_stats":{"Blood Vial":20,"Centennial Puzzle":[24],"Happy Flower":[36],"counters":[26,109],"Sundial":[10],"Boot":[11],"obtain_stats":[{"Lantern":8,"SplendidAttire":17,"halation:PapillonHeart":44,"Happy Flower":0,"jedi:zontanonomicon":25,"Vajra":43,"Uniform":0,"jedi:crownofsimplicity":39,"Boot":46,"Blood Vial":26,"Bottled Flame":14,"Centennial Puzzle":27,"HornCleat":39,"Sundial":6,"halation:EternalFortune":36,"Philosopher\u0027s Stone":34,"PocketWatch":2,"Grinning Jar":24,"ReplayTheSpireMod:Lightbulb":9},{"Lantern":6,"SplendidAttire":10,"halation:PapillonHeart":22,"Happy Flower":0,"jedi:zontanonomicon":15,"Vajra":22,"Uniform":0,"jedi:crownofsimplicity":21,"Boot":23,"Blood Vial":15,"Bottled Flame":9,"Centennial Puzzle":16,"HornCleat":21,"Sundial":5,"halation:EternalFortune":19,"Philosopher\u0027s Stone":18,"PocketWatch":1,"Grinning Jar":15,"ReplayTheSpireMod:Lightbulb":6},{"Lantern":27,"SplendidAttire":41,"halation:PapillonHeart":92,"Happy Flower":0,"jedi:zontanonomicon":59,"Vajra":92,"Uniform":0,"jedi:crownofsimplicity":89,"Boot":97,"Blood Vial":59,"Bottled Flame":34,"Centennial Puzzle":68,"HornCleat":89,"Sundial":21,"halation:EternalFortune":81,"Philosopher\u0027s Stone":78,"PocketWatch":4,"Grinning Jar":59,"ReplayTheSpireMod:Lightbulb":27}]},"card_choices":[{"not_picked":["BottledTime","Replace"],"picked":"Spin","floor":1},{"not_picked":["Moonlight","ShatteredReality"],"picked":"Hightail","floor":3},{"not_picked":["Misdirection","Hightail"],"picked":"DoubleEdge","floor":4},{"not_picked":["Manipulate","Misdirection"],"picked":"FlawlessForm","floor":5},{"not_picked":["TimeWarp","FanOfKnives"],"picked":"ShiftingGears","floor":6},{"not_picked":["SurpressingFire","TimeWarp"],"picked":"Sunlight","floor":8},{"not_picked":["Potential","ShiftingGears"],"picked":"Gouge","floor":11},{"not_picked":["FastForward","Revamp"],"picked":"BottledTime","floor":12},{"not_picked":["Replace","KillingDoll"],"picked":"SpecialFormula","floor":14},{"not_picked":["Solidify","PendulumOfEternity"],"picked":"Deny","floor":16},{"not_picked":["Starlight+1","Contraction"],"picked":"Unruled","floor":18},{"not_picked":["ShatteredReality+1","Moonlight","Starlight"],"picked":"SKIP","floor":19},{"not_picked":["Ricochet","Replace"],"picked":"DoubleEdge","floor":21},{"not_picked":["Shuttle","Spin"],"picked":"Desolation","floor":22},{"not_picked":["SurpressingFire","Solidify"],"picked":"Gouge+1","floor":24},{"not_picked":["StarChef+1","GearUp"],"picked":"Luminosity","floor":27},{"not_picked":["ShiftingGears+1","Read"],"picked":"BottledTime","floor":31},{"not_picked":["Solidify","FloweringNight"],"picked":"LightFlow","floor":33},{"not_picked":["Defy","BottledTime+1"],"picked":"ShatteredReality+1","floor":35},{"not_picked":["Ricochet+1","Alleviate"],"picked":"ShatteredReality","floor":37},{"not_picked":["GearUp","Rewind+1","Advance"],"picked":"SKIP","floor":38},{"not_picked":["Embodiment","ShatteredReality","Sabotage+1"],"picked":"SKIP","floor":41},{"not_picked":["BottledTime+1","FlawlessForm"],"picked":"DualDimension","floor":46},{"not_picked":["Advance+1","Gouge","DoubleEdge"],"picked":"SKIP","floor":47},{"not_picked":["Ricochet","Starlight","Spin"],"picked":"SKIP","floor":48}],"player_experience":138950,"relics_obtained":[{"floor":6,"key":"Sundial"},{"floor":8,"key":"Lantern"},{"floor":9,"key":"ReplayTheSpireMod:Lightbulb"},{"floor":14,"key":"Bottled Flame"},{"floor":24,"key":"Grinning Jar"},{"floor":25,"key":"jedi:zontanonomicon"},{"floor":26,"key":"Blood Vial"},{"floor":27,"key":"Centennial Puzzle"},{"floor":43,"key":"Vajra"},{"floor":46,"key":"halation:EternalFortune"},{"floor":46,"key":"Boot"}],"event_choices":[{"damage_healed":0,"gold_gain":0,"player_choice":"Success","damage_taken":7,"relics_obtained":["PocketWatch"],"max_hp_gain":0,"max_hp_loss":0,"event_name":"Scrap Ooze","floor":2,"gold_loss":0},{"damage_healed":0,"gold_gain":0,"player_choice":"Obtained Book","damage_taken":16,"max_hp_gain":0,"max_hp_loss":0,"event_name":"Cursed Tome","floor":25,"gold_loss":0},{"damage_healed":0,"gold_gain":99,"player_choice":"Stole From Cult","damage_taken":0,"max_hp_gain":0,"max_hp_loss":0,"event_name":"Nest","floor":30,"gold_loss":0}],"is_beta":false,"boss_relics":[{"not_picked":["Astrolabe","SacredBark"],"picked":"SplendidAttire"},{"not_picked":["halation:Prosthetics","halation:LoveArrow"],"picked":"Philosopher\u0027s Stone"}],"items_purged_floors":[20,39,45],"is_endless":false,"potions_floor_spawned":[3,4,6,8,12,19,21,27,31,33,37,46,48],"ascension_level":1}}