{"host":"is2s59edl8twrhoj","time":1608680466,"event":{"mods":["BaseMod","Colored Map","Colored Powertips","DeckTracker","Downfall","Minty Spire (QoL Compilation)","StSLib"],"gold_per_floor":[99,109,125,143,160,70,139,43,56,41,57,57,85,100,114,114,114,114],"floor_reached":16,"playtime":1592,"items_purged":["hexamod:Strike"],"score":106,"play_id":"0ac4ca99-c647-4057-85d0-5bdaa891892f","local_time":"20201222234106","is_ascension_mode":false,"campfire_choices":[{"data":"hexamod:Float","floor":1,"key":"SMITH"}],"circlet_count":0,"master_deck":["hexamod:Strike","hexamod:Strike","hexamod:Strike","hexamod:Defend","hexamod:Defend","hexamod:Defend","hexamod:Sear","hexamod:Float+1","hexamod:FastForward","hexamod:HauntingEcho","hexamod:FourthSeal","hexamod:InspiringFlames","hexamod:FirstSeal","hexamod:SkipABeat","hexamod:Hexaguard","hexamod:FifthSeal","hexamod:SixthSeal","hexamod:FastForward","hexamod:GhostOfSpireFuture"],"relics":["hexamod:SpiritBrand","Bottled Lightning","Akabeko"],"acts_visited":["Exordium"],"potions_floor_usage":[16,16,16],"damage_taken":[{"damage":0,"enemies":"Cultist","floor":2,"turns":3},{"damage":0,"enemies":"Small Slimes","floor":3,"turns":3},{"damage":1,"enemies":"2 Louse","floor":4,"turns":2},{"damage":2,"enemies":"Red Slaver","floor":5,"turns":3},{"damage":0,"enemies":"downfall:FleeingMerchant","floor":6,"turns":4},{"damage":0,"enemies":"downfall:FleeingMerchant","floor":8,"turns":4},{"damage":0,"enemies":"Large Slime","floor":9,"turns":4},{"damage":0,"enemies":"downfall:FleeingMerchant","floor":10,"turns":4},{"damage":2,"enemies":"Blue Slaver","floor":11,"turns":3},{"damage":6,"enemies":"Lagavulin","floor":13,"turns":8},{"damage":0,"enemies":"3 Louse","floor":14,"turns":3},{"damage":10,"enemies":"Red Slaver","floor":15,"turns":3},{"damage":69,"enemies":"downfall:Defect","floor":16,"turns":8}],"seed_played":"-1223381356395940146","potions_obtained":[{"floor":2,"key":"DuplicationPotion"},{"floor":3,"key":"DuplicationPotion"},{"floor":5,"key":"SteroidPotion"},{"floor":9,"key":"hexamod:DoubleChargePotion"},{"floor":11,"key":"Slimebound:ThreeZeroPotion"},{"floor":15,"key":"hexamod:InfernoChargePotion"}],"is_trial":false,"path_per_floor":["R","M","M","M","M","$","T","$","M","$","M","?","E","M","M","B"],"character_chosen":"THE_SPIRIT","items_purchased":["hexamod:FirstSeal"],"campfire_rested":0,"item_purchase_floors":[8],"current_hp_per_floor":[70,70,70,69,67,67,67,67,70,70,68,68,69,69,66,0,0,0],"gold":114,"neow_bonus":"REMOVE_CARD","is_daily":false,"chose_seed":false,"campfire_upgraded":1,"win_rate":0.0,"timestamp":1608680466,"path_taken":["R","M","M","M","M","$","T","$","M","?","M","?","E","M","M","BOSS"],"items_purchased_type":["Card"],"build_version":"2020-12-13","purchased_purges":1,"victory":false,"max_hp_per_floor":[70,70,70,70,70,70,70,70,70,70,70,70,70,70,70,70,70,70],"card_choices":[{"not_picked":["hexamod:GhostOfSpirePast","hexamod:FlamesFromBeyond"],"picked":"hexamod:FastForward","floor":2},{"not_picked":["hexamod:HeatShield","hexamod:BurningTouch","hexamod:Rewind"],"picked":"SKIP","floor":3},{"not_picked":["hexamod:PowerFromBeyond","hexamod:GhostOfSpirePast"],"picked":"hexamod:HauntingEcho","floor":4},{"not_picked":["hexamod:RecurringNightmare","hexamod:HeatShield"],"picked":"hexamod:FourthSeal","floor":5},{"not_picked":["hexamod:GhostLash","hexamod:Hexaguard"],"picked":"hexamod:InspiringFlames","floor":6},{"not_picked":["hexamod:FastForward","hexamod:ShieldOfDarkness","hexamod:ThermalTransfer"],"picked":"SKIP","floor":8},{"not_picked":["hexamod:Hexaguard","hexamod:ExtraCrispy"],"picked":"hexamod:SkipABeat","floor":9},{"not_picked":["hexamod:GhostLash","hexamod:ShieldOfDarkness"],"picked":"hexamod:Hexaguard","floor":10},{"not_picked":["hexamod:SpectralAdrenaline","hexamod:GhostOfSpirePast"],"picked":"hexamod:FifthSeal","floor":11},{"not_picked":["hexamod:BacktrackSmack","hexamod:SwordOfDarkness","hexamod:Firestarter"],"picked":"SKIP","floor":13},{"not_picked":["hexamod:ThirdSeal","hexamod:SecondSeal"],"picked":"hexamod:SixthSeal","floor":14},{"not_picked":["hexamod:GhostflameBarrier","hexamod:Firestarter"],"picked":"hexamod:FastForward","floor":14},{"not_picked":["hexamod:ThermalTransfer","hexamod:HeatCrush"],"picked":"hexamod:GhostOfSpireFuture","floor":15}],"player_experience":671852,"relics_obtained":[{"floor":7,"key":"Bottled Lightning"},{"floor":13,"key":"Akabeko"}],"event_choices":[],"is_beta":false,"boss_relics":[],"items_purged_floors":[6],"is_endless":false,"potions_floor_spawned":[2,3,5,9,14],"killed_by":"downfall:Defect","ascension_level":0}}