{"host":"0cm5wy4nhuju7tij","time":1608672085,"event":{"mods":["2.2 Compatiblity","AchievementEnabler","BaseMod","Better Third Choice","BetterRewards","CatGirl Mod","Colored Powertips","Curses Come First","Custom Start","Displayed Cursed Tome","Downfall","Energized Spire","Filter the Spire","Fireblade Mod","Highlight Path","Jess\u0027s Bottle","Minty Spire (QoL Compilation)","Permanent Neow","Railgun Mod","Robot Space Explorer","Shop Mod","Spicy Shops","StSLib","The Marked","The Servant 0.9.4","TheSwordswoman"],"gold_per_floor":[111,128,128,19,34,34,34],"floor_reached":6,"playtime":505,"items_purged":["Pain"],"score":36,"play_id":"128ca9e4-1057-4bfa-b81b-992054e3e12e","local_time":"20201222162125","is_ascension_mode":false,"campfire_choices":[],"circlet_count":0,"master_deck":["theCatGirl:Strike","theCatGirl:Strike","theCatGirl:Strike","theCatGirl:Defend","theCatGirl:Defend","theCatGirl:Defend","theCatGirl:Defend","theCatGirl:ClawStrike","theCatGirl:Evasion","theCatGirl:PoiseStance","theCatGirl:TrainWreck","theCatGirl:ElegantStrike","theCatGirl:ExtremeSpeed","theCatGirl:UnrelentingAssault","theCatGirl:AllIn"],"relics":["theCatGirl:TrainedRelic"],"acts_visited":["Exordium"],"potions_floor_usage":[],"damage_taken":[{"damage":17,"enemies":"2 Louse","floor":1,"turns":6},{"damage":17,"enemies":"Cultist","floor":2,"turns":7},{"damage":4,"enemies":"Small Slimes","floor":5,"turns":4},{"damage":32,"enemies":"Lagavulin","floor":6,"turns":10}],"seed_played":"1837918226339016317","potions_obtained":[{"floor":1,"key":"champ:CounterPotion"}],"is_trial":false,"path_per_floor":["M","M","?","$","M","E"],"character_chosen":"THE_CATGIRL","items_purchased":["theCatGirl:UnrelentingAssault"],"campfire_rested":0,"item_purchase_floors":[4],"current_hp_per_floor":[53,36,36,36,32,0,0],"gold":34,"neow_bonus":"THREE_RARE_CARDS","is_daily":false,"chose_seed":false,"campfire_upgraded":0,"win_rate":0.0,"timestamp":1608672085,"path_taken":["M","M","?","$","?","E"],"items_purchased_type":["Card"],"build_version":"2020-12-13","purchased_purges":1,"victory":false,"max_hp_per_floor":[70,70,70,70,70,70,70],"card_choices":[{"not_picked":["theCatGirl:SevenLives","theCatGirl:BleedingWounds"],"picked":"theCatGirl:PoiseStance","floor":0},{"not_picked":["theCatGirl:TwoStep","theCatGirl:SearchBackpack"],"picked":"theCatGirl:TrainWreck","floor":1},{"not_picked":["theCatGirl:AccidentalSlap","theCatGirl:SearchBackpack"],"picked":"theCatGirl:ElegantStrike","floor":2},{"not_picked":["theCatGirl:RecoveryBlow","theCatGirl:Misfire"],"picked":"theCatGirl:AllIn","floor":5}],"player_experience":267585,"relics_obtained":[],"event_choices":[{"damage_healed":0,"gold_gain":0,"cards_transformed":["theCatGirl:Strike"],"player_choice":"Transformed","damage_taken":0,"max_hp_gain":0,"max_hp_loss":0,"event_name":"Transmorgrifier","floor":3,"gold_loss":0,"cards_obtained":["theCatGirl:ExtremeSpeed"]}],"is_beta":false,"boss_relics":[],"items_purged_floors":[4],"is_endless":false,"potions_floor_spawned":[1],"killed_by":"Lagavulin","ascension_level":0}}