{"host":"1tkoe3l8wf0xx8if","time":1608633573,"event":{"mods":["AchievementEnabler","BaseMod","Colored Map","Minty Spire (QoL Compilation)","Quick Restart","StSLib","SuperFastMode"],"gold_per_floor":[19,33,52,63,73,98,98,98,123,298,327,327,327,347,347,421,421,432,226,226,246,256,256,285,285,356,356,356,367,466,221,221,221,221],"floor_reached":33,"playtime":1036,"items_purged":["Strike_R","Strike_R"],"score":454,"play_id":"3c0293ce-1181-4915-9733-25e79c30cca1","local_time":"20201222193933","is_ascension_mode":true,"campfire_choices":[{"floor":7.0,"key":"DIG"},{"floor":12.0,"key":"DIG"},{"floor":15.0,"key":"DIG"},{"floor":23.0,"key":"DIG"},{"data":"Berserk","floor":25.0,"key":"SMITH"},{"floor":27.0,"key":"DIG"},{"floor":32,"key":"DIG"}],"circlet_count":0,"master_deck":["AscendersBane","Strike_R","Strike_R","Defend_R+1","Defend_R","Defend_R","Bash","Bludgeon","Flex","True Grit","Uppercut","Intimidate","Bloodletting+1","Thunderclap","Headbutt","Pummel","Berserk+1","Dark Embrace","Rupture","Evolve","Sadistic Nature"],"relics":["Burning Blood","Shovel","Omamori","Orichalcum","Nunchaku","Smiling Mask","Pocketwatch","MealTicket","Sozu","Bronze Scales","War Paint","Pen Nib","Mercury Hourglass","Charon\u0027s Ashes","Eternal Feather"],"acts_visited":["Exordium","TheCity"],"potions_floor_usage":[29],"damage_taken":[{"damage":2.0,"enemies":"Jaw Worm","floor":1.0,"turns":3.0},{"damage":10.0,"enemies":"2 Louse","floor":2.0,"turns":3.0},{"damage":10.0,"enemies":"Small Slimes","floor":3.0,"turns":2.0},{"damage":11.0,"enemies":"2 Fungi Beasts","floor":4.0,"turns":4.0},{"damage":7.0,"enemies":"3 Louse","floor":5.0,"turns":4.0},{"damage":20.0,"enemies":"3 Sentries","floor":6.0,"turns":3.0},{"damage":19.0,"enemies":"Lagavulin","floor":11.0,"turns":4.0},{"damage":6.0,"enemies":"Blue Slaver","floor":14.0,"turns":3.0},{"damage":29.0,"enemies":"Hexaghost","floor":16.0,"turns":9.0},{"damage":21.0,"enemies":"Spheric Guardian","floor":18.0,"turns":4.0},{"damage":12.0,"enemies":"3 Byrds","floor":21.0,"turns":4.0},{"damage":18.0,"enemies":"Snake Plant","floor":22.0,"turns":3.0},{"damage":23.0,"enemies":"Slavers","floor":24.0,"turns":4.0},{"damage":10,"enemies":"Colosseum Slavers","floor":28,"turns":3},{"damage":16,"enemies":"Centurion and Healer","floor":29,"turns":4},{"damage":51,"enemies":"Collector","floor":33,"turns":6}],"seed_played":"8428127638595783021","potions_obtained":[{"floor":4.0,"key":"Explosive Potion"},{"floor":5.0,"key":"AttackPotion"},{"floor":6.0,"key":"LiquidMemories"},{"floor":11.0,"key":"ColorlessPotion"},{"floor":16.0,"key":"Energy Potion"}],"is_trial":false,"path_per_floor":["M","M","M","M","M","E","R","?","T","?","E","R","?","M","R","B",null,"M","$","?","M","M","R","E","R","T","R","?","M","?","$","R","B"],"character_chosen":"IRONCLAD","items_purchased":["Bronze Scales","Sadistic Nature"],"campfire_rested":0,"item_purchase_floors":[19,31],"current_hp_per_floor":[76,72,68,63,62,48,48,41,41,41,28,28,48,48,48,25,66,51,66,66,60,48,48,31,31,31,31,27,17,17,32,32,0,0],"gold":221,"neow_bonus":"TRANSFORM_TWO_CARDS","is_daily":false,"chose_seed":false,"campfire_upgraded":1,"win_rate":0.0,"timestamp":1608633573,"path_taken":["M","M","M","M","M","E","R","?","T","?","E","R","?","M","R","BOSS","M","$","?","M","M","R","E","R","T","R","?","M","?","?","R","BOSS"],"items_purchased_type":["Relic","Card"],"build_version":"2020-12-13","purchased_purges":2,"victory":false,"max_hp_per_floor":[80,80,80,80,80,80,80,80,80,80,80,80,80,80,80,80,80,80,80,80,80,80,80,80,80,80,80,80,80,80,80,80,80,80],"card_choices":[{"not_picked":["Cleave","Rage"],"picked":"True Grit","floor":1.0},{"not_picked":["Flex","Headbutt"],"picked":"Uppercut","floor":2.0},{"not_picked":["Havoc","Armaments","True Grit"],"picked":"SKIP","floor":3.0},{"not_picked":["Heavy Blade","Whirlwind"],"picked":"Intimidate","floor":4.0},{"not_picked":["Metallicize","Havoc"],"picked":"Bloodletting","floor":5.0},{"not_picked":["Bloodletting","Intimidate"],"picked":"Thunderclap","floor":6.0},{"not_picked":["Flame Barrier","Sword Boomerang"],"picked":"Headbutt","floor":11.0},{"not_picked":["Body Slam","Immolate"],"picked":"Pummel","floor":14.0},{"not_picked":["Bludgeon","Barricade"],"picked":"Berserk","floor":16.0},{"not_picked":["Havoc","Reckless Charge"],"picked":"Dark Embrace","floor":18.0},{"not_picked":["Sentinel","Heavy Blade"],"picked":"Rupture","floor":21.0},{"not_picked":["Wild Strike","Shrug It Off"],"picked":"Evolve","floor":22.0},{"not_picked":["Sentinel","Iron Wave","Body Slam"],"picked":"SKIP","floor":24.0},{"not_picked":["Fire Breathing","Blood for Blood+1","Cleave"],"picked":"SKIP","floor":29}],"player_experience":306894,"relics_obtained":[{"floor":6.0,"key":"Shovel"},{"floor":7.0,"key":"Omamori"},{"floor":9.0,"key":"Nunchaku"},{"floor":11.0,"key":"Smiling Mask"},{"floor":12.0,"key":"Pocketwatch"},{"floor":15.0,"key":"MealTicket"},{"floor":23.0,"key":"War Paint"},{"floor":24.0,"key":"Pen Nib"},{"floor":26.0,"key":"Mercury Hourglass"},{"floor":27.0,"key":"Charon\u0027s Ashes"},{"floor":32,"key":"Eternal Feather"}],"event_choices":[{"damage_healed":0.0,"max_hp_gain":0.0,"max_hp_loss":0.0,"gold_gain":0.0,"event_name":"Scrap Ooze","player_choice":"Success","floor":8.0,"gold_loss":0.0,"damage_taken":7.0,"relics_obtained":["Orichalcum"]},{"damage_healed":0.0,"max_hp_gain":0.0,"max_hp_loss":0.0,"gold_gain":175.0,"event_name":"Liars Game","player_choice":"AGREE","floor":10.0,"gold_loss":0.0,"damage_taken":0.0,"cards_obtained":["Doubt"]},{"damage_healed":20.0,"max_hp_gain":0.0,"max_hp_loss":0.0,"gold_gain":0.0,"event_name":"Mushrooms","player_choice":"Healed and dodged fight","floor":13.0,"gold_loss":0.0,"damage_taken":0.0,"cards_obtained":["Parasite"]},{"damage_healed":0.0,"max_hp_gain":0.0,"max_hp_loss":0.0,"gold_gain":0.0,"event_name":"The Mausoleum","player_choice":"Ignored","floor":20.0,"gold_loss":0.0,"damage_taken":0.0},{"damage_healed":0,"gold_gain":0,"player_choice":"Fight","damage_taken":0,"max_hp_gain":0,"max_hp_loss":0,"event_name":"Colosseum","floor":28,"gold_loss":0},{"damage_healed":0,"gold_gain":0,"player_choice":"Fled From Nobs","damage_taken":0,"max_hp_gain":0,"max_hp_loss":0,"event_name":"Colosseum","floor":28,"gold_loss":0},{"damage_healed":0,"gold_gain":99,"player_choice":"Stole From Cult","damage_taken":0,"max_hp_gain":0,"max_hp_loss":0,"event_name":"Nest","floor":30,"gold_loss":0}],"is_beta":false,"boss_relics":[{"not_picked":["Runic Dome","Empty Cage"],"picked":"Sozu"}],"items_purged_floors":[19,31],"is_endless":false,"potions_floor_spawned":[4,5,6,11,16,18,21,24,29],"killed_by":"Collector","ascension_level":13}}