{"host":"gkm149kh1ihaqy0o","time":1608603943,"event":{"mods":["AchievementEnabler","BaseMod","Colored Powertips","Googly Eyes","Key Reminder","Minty Spire (QoL Compilation)","Permanent Neow","Quick Restart","Random Character Button","Rare Cards Sparkle","Relic Sorter","Relic Stats","SuperFastMode","Unceasing Turn Reminder","everything is the same but u backflip on backflip"],"gold_per_floor":[99,24,24,24,24,24,24,24,24,24,2,2,2,2,2,2,2,0,0,0,0,0,0,0,0,0,0,0,0,0,0,0,0,0,0,0,0,0,0,0,0,0,0,0,0,0,0,0,0,0,0],"floor_reached":50,"playtime":2791,"items_purged":["Defend_G"],"score":809,"play_id":"dc016164-be86-4634-b1e0-1fa8342e80df","local_time":"20201221202543","is_ascension_mode":true,"campfire_choices":[{"floor":7,"key":"REST"},{"floor":15,"key":"REST"},{"floor":24,"key":"REST"},{"data":"Malaise","floor":27,"key":"SMITH"},{"floor":32,"key":"REST"},{"data":"Bullet Time","floor":40,"key":"SMITH"},{"data":"Malaise","floor":42,"key":"SMITH"},{"data":"Footwork","floor":44,"key":"SMITH"},{"data":"Wraith Form v2","floor":49,"key":"SMITH"}],"circlet_count":0,"master_deck":["Strike_G","Strike_G","Strike_G","Strike_G","Strike_G","Defend_G","Defend_G","Defend_G","Survivor","Neutralize","Endless Agony","PiercingWail","Leg Sweep","Poisoned Stab","Malaise+1","Poisoned Stab","Blade Dance","Footwork+1","Backflip","Blur","Corpse Explosion","Riddle With Holes+1","Malaise+1","Heel Hook","Dagger Throw+1","Caltrops","Burst+1","Terror","PiercingWail","Bullet Time+1","Dagger Spray+1","Distraction+1","Decay","Escape Plan+1","Wraith Form v2+1"],"relics":["Ectoplasm","Question Card","PreservedInsect","Dream Catcher","Sundial","Eternal Feather","Nunchaku","MealTicket","Runic Pyramid","Paper Crane","Juzu Bracelet","Happy Flower","Cursed Key","TungstenRod","Boot"],"acts_visited":["Exordium","TheCity","TheBeyond"],"potions_floor_usage":[12,13,21,22,23,25,28,46,46,48,50],"damage_taken":[{"damage":2,"enemies":"2 Louse","floor":1,"turns":4},{"damage":4,"enemies":"Jaw Worm","floor":3,"turns":3},{"damage":47,"enemies":"3 Sentries","floor":6,"turns":15},{"damage":1,"enemies":"Lagavulin","floor":8,"turns":10},{"damage":18,"enemies":"Gremlin Nob","floor":10,"turns":5},{"damage":0,"enemies":"Lagavulin","floor":12,"turns":6},{"damage":17,"enemies":"Lagavulin Event","floor":13,"turns":6},{"damage":0,"enemies":"Cultist","floor":14,"turns":3},{"damage":12,"enemies":"Hexaghost","floor":16,"turns":15},{"damage":6,"enemies":"2 Thieves","floor":18,"turns":4},{"damage":2,"enemies":"Chosen","floor":20,"turns":8},{"damage":5,"enemies":"3 Cultists","floor":21,"turns":4},{"damage":9,"enemies":"Centurion and Healer","floor":22,"turns":4},{"damage":3,"enemies":"Book of Stabbing","floor":23,"turns":7},{"damage":15,"enemies":"Gremlin Leader","floor":25,"turns":7},{"damage":3,"enemies":"Shelled Parasite and Fungi","floor":28,"turns":5},{"damage":6,"enemies":"Snecko","floor":30,"turns":6},{"damage":26,"enemies":"Sentry and Sphere","floor":31,"turns":6},{"damage":49,"enemies":"Collector","floor":33,"turns":11},{"damage":14,"enemies":"Orb Walker","floor":35,"turns":4},{"damage":3,"enemies":"3 Darklings","floor":36,"turns":5},{"damage":0,"enemies":"Mind Bloom Boss Battle","floor":37,"turns":9},{"damage":10,"enemies":"Spire Growth","floor":41,"turns":6},{"damage":33,"enemies":"Transient","floor":46,"turns":5},{"damage":19,"enemies":"Jaw Worm Horde","floor":48,"turns":6},{"damage":52,"enemies":"Donu and Deca","floor":50,"turns":7}],"seed_played":"-9078044194532936301","potions_obtained":[{"floor":3,"key":"SpeedPotion"},{"floor":10,"key":"SkillPotion"},{"floor":14,"key":"GhostInAJar"},{"floor":16,"key":"Weak Potion"},{"floor":20,"key":"EssenceOfSteel"},{"floor":22,"key":"Poison Potion"},{"floor":23,"key":"CunningPotion"},{"floor":28,"key":"FearPotion"},{"floor":33,"key":"Ancient Potion"},{"floor":41,"key":"ColorlessPotion"},{"floor":46,"key":"SkillPotion"}],"is_trial":false,"path_per_floor":["M","$","M","?","?","E","R","E","T","E","$","E","?","M","R","B",null,"M","?","M","M","M","E","R","E","T","R","M","?","M","M","R","B",null,"M","M","?","?","?","R","M","R","T","R","?","M","$","M","R","B"],"character_chosen":"THE_SILENT","items_purchased":["Poisoned Stab"],"campfire_rested":4,"item_purchase_floors":[11],"current_hp_per_floor":[61,61,57,45,68,21,42,41,41,23,23,23,6,6,39,27,59,53,53,51,46,37,34,70,55,55,70,67,67,61,35,70,21,58,44,41,41,41,41,59,49,66,66,66,66,33,48,29,50,0,0],"gold":0,"neow_bonus":"BOSS_RELIC","is_daily":false,"chose_seed":false,"campfire_upgraded":5,"win_rate":0.0,"timestamp":1608603943,"path_taken":["M","$","M","?","?","E","R","E","T","E","?","E","?","M","R","BOSS","M","?","M","M","M","E","R","E","T","R","M","?","M","M","R","BOSS","M","M","?","?","?","R","M","R","T","R","?","M","$","M","R","BOSS"],"items_purchased_type":["Card"],"build_version":"2020-12-13","purchased_purges":1,"victory":false,"max_hp_per_floor":[70,70,70,70,70,70,70,70,70,70,70,70,70,70,70,70,70,70,70,70,70,70,70,70,70,70,70,70,70,70,70,70,70,70,70,70,70,70,66,66,66,66,66,66,66,66,66,66,66,66,66],"relic_stats":{"Happy Flower":[23],"counters":[26,171],"Eternal Feather":116,"PreservedInsect":194,"Juzu Bracelet":2,"Question Card":26,"Cursed Key":1,"Boot":[24],"Dream Catcher":3,"Nunchaku":[33],"Sundial":[10],"MealTicket":15,"Ectoplasm":753,"obtain_stats":[{"Happy Flower":26,"Eternal Feather":10,"PreservedInsect":6,"Juzu Bracelet":25,"Paper Crane":23,"Question Card":4,"Cursed Key":34,"Boot":43,"Dream Catcher":8,"Nunchaku":12,"Sundial":9,"MealTicket":13,"Ectoplasm":0,"TungstenRod":37,"Ring of the Snake":0,"Runic Pyramid":17},{"Happy Flower":15,"Eternal Feather":5,"PreservedInsect":3,"Juzu Bracelet":15,"Paper Crane":14,"Question Card":2,"Cursed Key":19,"Boot":23,"Dream Catcher":4,"Nunchaku":6,"Sundial":4,"MealTicket":6,"Ectoplasm":0,"TungstenRod":22,"Ring of the Snake":0,"Runic Pyramid":9},{"Happy Flower":101,"Eternal Feather":37,"PreservedInsect":22,"Juzu Bracelet":101,"Paper Crane":94,"Question Card":7,"Cursed Key":129,"Boot":153,"Dream Catcher":32,"Nunchaku":43,"Sundial":32,"MealTicket":43,"Ectoplasm":0,"TungstenRod":147,"Ring of the Snake":0,"Runic Pyramid":67}],"TungstenRod":15},"card_choices":[{"not_picked":["Dodge and Roll","Underhanded Strike"],"picked":"Endless Agony","floor":1},{"not_picked":["Deflect","Eviscerate"],"picked":"PiercingWail","floor":3},{"not_picked":["Predator","Outmaneuver","Poisoned Stab"],"picked":"Leg Sweep","floor":6},{"not_picked":["PiercingWail","Crippling Poison","Underhanded Strike"],"picked":"Poisoned Stab","floor":8},{"not_picked":["Infinite Blades","Cloak And Dagger","Heel Hook"],"picked":"Malaise","floor":10},{"not_picked":["Blur","Reflex","Outmaneuver"],"picked":"Blade Dance","floor":12},{"not_picked":["Flying Knee","Prepared","Dagger Throw"],"picked":"Footwork","floor":13},{"not_picked":["Dodge and Roll","Deflect","Flying Knee"],"picked":"Backflip","floor":14},{"not_picked":["All Out Attack","Prepared","Dodge and Roll"],"picked":"Blur","floor":15},{"not_picked":["Die Die Die","Wraith Form v2","Storm of Steel"],"picked":"Corpse Explosion","floor":16},{"not_picked":["Well Laid Plans+1","Leg Sweep","Dodge and Roll+1"],"picked":"Riddle With Holes+1","floor":18},{"not_picked":["Outmaneuver","Distraction","Deflect"],"picked":"Heel Hook","floor":20},{"not_picked":["Sucker Punch+1","PiercingWail","Deflect"],"picked":"Dagger Throw+1","floor":21},{"not_picked":["Bouncing Flask","Dagger Throw","Slice"],"picked":"Caltrops","floor":22},{"not_picked":["Dagger Throw","Prepared","Cloak And Dagger+1"],"picked":"Burst","floor":23},{"not_picked":["Heel Hook","Dagger Spray","Poisoned Stab"],"picked":"Terror","floor":25},{"not_picked":["Slice","Eviscerate","Dagger Spray","Dodge and Roll"],"picked":"SKIP","floor":28},{"not_picked":["Masterful Stab","Blade Dance+1","Reflex+1","Heel Hook+1"],"picked":"SKIP","floor":30},{"not_picked":["Grand Finale","Blade Dance","Predator+1"],"picked":"PiercingWail","floor":31},{"not_picked":["Unload","Phantasmal Killer","Grand Finale"],"picked":"Bullet Time","floor":33},{"not_picked":["Choke","Sucker Punch","Deadly Poison","Poisoned Stab+1"],"picked":"SKIP","floor":35},{"not_picked":["Deflect","Flying Knee","Poisoned Stab+1"],"picked":"Dagger Spray+1","floor":36},{"not_picked":["Blur","Well Laid Plans","Deadly Poison+1"],"picked":"Distraction+1","floor":41},{"not_picked":["Quick Slash","Bane+1","Dagger Spray"],"picked":"Escape Plan+1","floor":46},{"not_picked":["Blade Dance","Prepared","Choke"],"picked":"Wraith Form v2","floor":48}],"player_experience":601550,"relics_obtained":[{"floor":6,"key":"PreservedInsect"},{"floor":8,"key":"Dream Catcher"},{"floor":9,"key":"Sundial"},{"floor":10,"key":"Eternal Feather"},{"floor":12,"key":"Nunchaku"},{"floor":23,"key":"Paper Crane"},{"floor":25,"key":"Juzu Bracelet"},{"floor":26,"key":"Happy Flower"},{"floor":37,"key":"TungstenRod"},{"floor":43,"key":"Boot"}],"event_choices":[{"damage_healed":0,"gold_gain":0,"player_choice":"Success","damage_taken":12,"relics_obtained":["Question Card"],"max_hp_gain":0,"max_hp_loss":0,"event_name":"Scrap Ooze","floor":4,"gold_loss":0},{"damage_healed":23,"gold_gain":0,"player_choice":"Banana","damage_taken":0,"max_hp_gain":0,"max_hp_loss":0,"event_name":"Big Fish","floor":5,"gold_loss":0},{"damage_healed":0,"gold_gain":0,"player_choice":"Searched \u00272\u0027 times","damage_taken":0,"relics_obtained":["MealTicket"],"max_hp_gain":0,"max_hp_loss":0,"event_name":"Dead Adventurer","floor":13,"gold_loss":0},{"damage_healed":0,"gold_gain":0,"player_choice":"Copied","damage_taken":0,"max_hp_gain":0,"max_hp_loss":0,"event_name":"Duplicator","floor":19,"gold_loss":0,"cards_obtained":["Malaise"]},{"damage_healed":0,"gold_gain":0,"player_choice":"Fight","damage_taken":0,"max_hp_gain":0,"max_hp_loss":0,"event_name":"MindBloom","floor":37,"gold_loss":0},{"damage_healed":0,"gold_gain":0,"player_choice":"Upgraded","damage_taken":0,"max_hp_gain":0,"max_hp_loss":0,"event_name":"Upgrade Shrine","floor":38,"gold_loss":0,"cards_upgraded":["Burst"]},{"damage_healed":0,"gold_gain":0,"player_choice":"Max HP","damage_taken":0,"max_hp_gain":0,"max_hp_loss":4,"event_name":"Winding Halls","floor":39,"gold_loss":0},{"cards_removed":["Defend_G"],"damage_healed":0,"gold_gain":0,"player_choice":"Purged","damage_taken":0,"max_hp_gain":0,"max_hp_loss":0,"event_name":"Purifier","floor":45,"gold_loss":0}],"is_beta":false,"boss_relics":[{"not_picked":["Tiny House","Runic Dome"],"picked":"Runic Pyramid"},{"not_picked":["SlaversCollar","Velvet Choker"],"picked":"Cursed Key"}],"items_purged_floors":[2],"is_endless":false,"potions_floor_spawned":[3,10,14,16,20,22,23,28,33,41,46],"killed_by":"Donu and Deca","ascension_level":8}}