{"host":"zig6x0mxqzam82fb","time":1608650953,"event":{"mods":["BaseMod","Block Reminder","Colored Map","Colored Powertips","Minty Spire (QoL Compilation)","Relic Stats"],"gold_per_floor":[112,287,287,562,572,604,17,17,42,54,83,95,126,156,168,283,295,322,353,382,8,28,28,28],"floor_reached":23,"playtime":1856,"items_purged":["Regret"],"score":251,"play_id":"7752d5cc-3c1d-4a90-b385-c728f81981e5","local_time":"20201222102913","is_ascension_mode":true,"campfire_choices":[{"floor":10,"key":"REST"},{"floor":12,"key":"REST"},{"floor":15,"key":"REST"}],"circlet_count":0,"master_deck":["Strike_B","Strike_B","Defend_B","Defend_B","Defend_B","Zap","Dualcast","Core Surge+1","Beam Cell+1","Creative AI+1","Gash","Doubt","Glacier","Leap","Consume","Steam Power","Conserve Battery","Lockon","Coolheaded","Defragment","Genetic Algorithm","Leap","Chaos","Rebound","Compile Driver","Stack","Cold Snap","Multi-Cast","Steam Power","Tempest+1","Apotheosis","Defragment","Cold Snap"],"relics":["Astrolabe","Bag of Preparation","Toy Ornithopter","Orrery","DataDisk","Dream Catcher","MawBank","Nuclear Battery"],"acts_visited":["Exordium","TheCity"],"potions_floor_usage":[16,16,20,23,23],"damage_taken":[{"damage":0,"enemies":"Small Slimes","floor":1,"turns":3},{"damage":9,"enemies":"2 Louse","floor":5,"turns":3},{"damage":54,"enemies":"Gremlin Nob","floor":6,"turns":6},{"damage":2,"enemies":"Cultist","floor":11,"turns":4},{"damage":17,"enemies":"Exordium Thugs","floor":13,"turns":7},{"damage":5,"enemies":"Blue Slaver","floor":14,"turns":3},{"damage":24,"enemies":"Hexaghost","floor":16,"turns":11},{"damage":6,"enemies":"Shell Parasite","floor":18,"turns":6},{"damage":0,"enemies":"Chosen","floor":19,"turns":4},{"damage":31,"enemies":"Centurion and Healer","floor":20,"turns":14},{"damage":3,"enemies":"Sentry and Sphere","floor":22,"turns":4},{"damage":41,"enemies":"Slavers","floor":23,"turns":3}],"seed_played":"6368208357545242727","potions_obtained":[{"floor":13,"key":"FearPotion"},{"floor":14,"key":"GamblersBrew"},{"floor":18,"key":"Energy Potion"},{"floor":20,"key":"Weak Potion"},{"floor":22,"key":"Swift Potion"}],"is_trial":false,"path_per_floor":["M","?","?","?","M","E","$","?","T","R","M","R","M","M","R","B",null,"M","M","M","$","M","E"],"character_chosen":"DEFECT","items_purchased":["Orrery","DataDisk","Defragment","Dream Catcher","Genetic Algorithm","Apotheosis","Defragment","Block Potion"],"campfire_rested":3,"item_purchase_floors":[7,7,7,7,7,21,21,21],"current_hp_per_floor":[68,68,65,65,56,2,2,2,2,24,22,44,27,22,44,30,64,58,58,32,32,29,0,0],"gold":28,"neow_bonus":"BOSS_RELIC","is_daily":false,"chose_seed":false,"campfire_upgraded":0,"win_rate":0.0,"timestamp":1608650953,"path_taken":["M","?","?","?","?","E","?","?","T","R","?","R","M","M","R","BOSS","M","M","M","$","M","E"],"items_purchased_type":["Relic","Relic","Card","Relic","Card","Card","Card","Potion"],"build_version":"2020-12-13","purchased_purges":1,"victory":false,"max_hp_per_floor":[75,75,75,75,75,75,75,75,75,75,75,75,75,75,75,75,75,75,75,75,75,75,75,75],"relic_stats":{"Dream Catcher":3,"counters":[12,68],"Astrolabe":["Core Surge","Beam Cell","Creative AI"],"Bag of Preparation":[22],"MawBank":144,"obtain_stats":[{"DataDisk":7,"Dream Catcher":7,"Astrolabe":0,"Orrery":7,"Bag of Preparation":3,"Cracked Core":0,"MawBank":9,"Toy Ornithopter":6,"Nuclear Battery":17},{"DataDisk":3,"Dream Catcher":3,"Astrolabe":0,"Orrery":3,"Bag of Preparation":1,"Cracked Core":0,"MawBank":3,"Toy Ornithopter":3,"Nuclear Battery":7},{"DataDisk":12,"Dream Catcher":12,"Astrolabe":0,"Orrery":12,"Bag of Preparation":3,"Cracked Core":0,"MawBank":12,"Toy Ornithopter":12,"Nuclear Battery":37}],"Toy Ornithopter":25},"card_choices":[{"not_picked":["Barrage","Hello World"],"picked":"Gash","floor":1},{"not_picked":["Leap","Hologram"],"picked":"Glacier","floor":5},{"not_picked":["Redo","Hologram"],"picked":"Leap","floor":6},{"not_picked":["Undo","Cold Snap"],"picked":"Consume","floor":7},{"not_picked":["Redo","Chaos"],"picked":"Steam Power","floor":7},{"not_picked":["Hologram","Sweeping Beam"],"picked":"Conserve Battery","floor":7},{"not_picked":["Sweeping Beam","Conserve Battery"],"picked":"Lockon","floor":7},{"not_picked":["Sweeping Beam","Reprogram"],"picked":"Coolheaded","floor":7},{"not_picked":["Streamline","Turbo"],"picked":"Leap","floor":10},{"not_picked":["Multi-Cast","Go for the Eyes"],"picked":"Chaos","floor":11},{"not_picked":["Static Discharge","Reinforced Body"],"picked":"Rebound","floor":12},{"not_picked":["Stack","Gash"],"picked":"Compile Driver","floor":13},{"not_picked":["Aggregate","Darkness"],"picked":"Stack","floor":14},{"not_picked":["Sweeping Beam","Streamline"],"picked":"Cold Snap","floor":15},{"not_picked":["All For One","Thunder Strike"],"picked":"Multi-Cast","floor":16},{"not_picked":["Steam+1","Hologram"],"picked":"Steam Power","floor":18},{"not_picked":["Reinforced Body","Undo","Steam"],"picked":"SKIP","floor":19},{"not_picked":["Redo","BootSequence+1"],"picked":"Tempest+1","floor":20},{"not_picked":["Recycle+1","Heatsinks+1"],"picked":"Cold Snap","floor":22}],"player_experience":297730,"relics_obtained":[{"floor":6,"key":"Toy Ornithopter"},{"floor":9,"key":"MawBank"}],"event_choices":[{"damage_healed":0,"gold_gain":175,"player_choice":"AGREE","damage_taken":0,"max_hp_gain":0,"max_hp_loss":0,"event_name":"Liars Game","floor":2,"gold_loss":0,"cards_obtained":["Doubt"]},{"damage_healed":0,"gold_gain":0,"player_choice":"Success","damage_taken":3,"relics_obtained":["Bag of Preparation"],"max_hp_gain":0,"max_hp_loss":0,"event_name":"Scrap Ooze","floor":3,"gold_loss":0},{"damage_healed":0,"gold_gain":275,"player_choice":"Desecrate","damage_taken":0,"max_hp_gain":0,"max_hp_loss":0,"event_name":"Golden Shrine","floor":4,"gold_loss":0,"cards_obtained":["Regret"]},{"damage_healed":0,"gold_gain":0,"player_choice":"Searched \u00270\u0027 times","damage_taken":0,"max_hp_gain":0,"max_hp_loss":0,"event_name":"Dead Adventurer","floor":8,"gold_loss":0}],"is_beta":false,"boss_relics":[{"not_picked":["Pandora\u0027s Box","Snecko Eye"],"picked":"Nuclear Battery"}],"items_purged_floors":[21],"is_endless":false,"potions_floor_spawned":[13,14,18,20,22],"killed_by":"Slavers","ascension_level":6}}