{"host":"n23juj4d9qam5hh1","time":1608647301,"event":{"mods":["BaseMod","Better Note","BetterRewards","Infinite Spire","Minty Spire (QoL Compilation)","Relic Stats","StSLib"],"gold_per_floor":[111,61,61,78,78,106,106,138,163,163,90,90,107,117,117,222,272,283,303,232,232,232,232,232,246,246,261,280,280,304,304,304],"floor_reached":31,"playtime":1116,"items_purged":[],"score":320,"play_id":"dc7ad1e8-f225-4cf4-9eda-90655c3da156","local_time":"20201222092821","is_ascension_mode":true,"campfire_choices":[{"data":"Carnage","floor":7,"key":"SMITH"},{"data":"Bash","floor":10,"key":"SMITH"},{"floor":12,"key":"REST"},{"data":"Metallicize","floor":15,"key":"SMITH"},{"floor":24,"key":"REST"},{"floor":29,"key":"REST"}],"circlet_count":0,"master_deck":["Strike_R+1","Strike_R","Strike_R","Strike_R+1","Defend_R+1","Defend_R","Defend_R","Defend_R","Bash+1","Carnage+1","Shrug It Off","Sword Boomerang","Feel No Pain","Metallicize+1","Fiend Fire","Clothesline+1","Inflame","RitualDagger","Whirlwind","Twin Strike+1","Flex+1"],"relics":["Burning Blood","NeowsBlessing","Strawberry","infinitespire:Beetle Shell","Tiny Chest","Tiny House","infinitespire:FocusingShard","infinitespire:Lucky Rock"],"acts_visited":["Exordium","TheCity"],"potions_floor_usage":[16,27],"damage_taken":[{"damage":0,"enemies":"Small Slimes","floor":1,"turns":1},{"damage":0,"enemies":"2 Louse","floor":4,"turns":1},{"damage":0,"enemies":"Lagavulin","floor":6,"turns":1},{"damage":40,"enemies":"3 Sentries","floor":8,"turns":7},{"damage":7,"enemies":"Jaw Worm","floor":13,"turns":3},{"damage":14,"enemies":"Large Slime","floor":14,"turns":9},{"damage":34,"enemies":"The Guardian","floor":16,"turns":13},{"damage":25,"enemies":"3 Byrds","floor":18,"turns":7},{"damage":12,"enemies":"Chosen","floor":19,"turns":3},{"damage":32,"enemies":"Snake Plant","floor":25,"turns":4},{"damage":14,"enemies":"Cultist and Chosen","floor":27,"turns":6},{"damage":42,"enemies":"Centurion and Healer","floor":28,"turns":6},{"damage":48,"enemies":"Sentry and Sphere","floor":31,"turns":7}],"seed_played":"-3694807117388442211","potions_obtained":[{"floor":1,"key":"SkillPotion"},{"floor":13,"key":"Regen Potion"},{"floor":14,"key":"BlessingOfTheForge"},{"floor":17,"key":"GamblersBrew"},{"floor":27,"key":"GamblersBrew"}],"is_trial":false,"path_per_floor":["M","?","?","M","$","E","R","E","T","R","$","R","M","M","R","B",null,"M","M","$","?","?","?","R","M","T","M","M","R","T","M"],"character_chosen":"IRONCLAD","items_purchased":["Feel No Pain","Inflame"],"campfire_rested":3,"item_purchase_floors":[11,20],"current_hp_per_floor":[80,80,64,70,70,83,83,49,49,49,49,75,74,66,66,38,92,73,67,67,49,49,43,72,46,46,53,17,46,46,0,0],"gold":304,"neow_bonus":"THREE_ENEMY_KILL","is_daily":false,"chose_seed":false,"campfire_upgraded":3,"win_rate":0.0,"timestamp":1608647301,"path_taken":["M","?","?","M","$","E","R","E","T","R","$","R","M","M","R","BOSS","M","M","$","?","?","?","R","M","T","M","M","R","?","M"],"items_purchased_type":["Card","Card"],"build_version":"2020-12-13","purchased_purges":0,"victory":false,"max_hp_per_floor":[80,80,80,80,80,87,87,87,87,87,87,87,87,87,87,87,92,92,92,92,97,97,97,97,97,97,97,97,97,97,97,97],"relic_stats":{"counters":[13,68],"Tiny Chest":1,"obtain_stats":[{"Tiny House":17,"NeowsBlessing":0,"Strawberry":6,"Tiny Chest":9,"infinitespire:Beetle Shell":8,"infinitespire:FocusingShard":26,"infinitespire:Lucky Rock":30,"Burning Blood":0},{"Tiny House":7,"NeowsBlessing":0,"Strawberry":3,"Tiny Chest":4,"infinitespire:Beetle Shell":4,"infinitespire:FocusingShard":10,"infinitespire:Lucky Rock":12,"Burning Blood":0},{"Tiny House":35,"NeowsBlessing":0,"Strawberry":3,"Tiny Chest":10,"infinitespire:Beetle Shell":10,"infinitespire:FocusingShard":49,"infinitespire:Lucky Rock":61,"Burning Blood":0}],"Burning Blood":66},"card_choices":[{"not_picked":["Perfected Strike","Bloodletting"],"picked":"Carnage","floor":1},{"not_picked":["Burning Pact","Dual Wield"],"picked":"Shrug It Off","floor":4},{"not_picked":["Rage","Cleave"],"picked":"Sword Boomerang","floor":6},{"not_picked":["Sword Boomerang","Seeing Red","Wild Strike"],"picked":"SKIP","floor":8},{"not_picked":["Rampage","Thunderclap","Flex"],"picked":"SKIP","floor":13},{"not_picked":["Warcry","Searing Blow"],"picked":"Metallicize","floor":14},{"not_picked":["Offering","Corruption"],"picked":"Fiend Fire","floor":16},{"not_picked":["Cleave","Thunderclap","Rage+1"],"picked":"SKIP","floor":18},{"not_picked":["Warcry+1","Pommel Strike"],"picked":"Clothesline+1","floor":19},{"not_picked":["Body Slam+1","Sword Boomerang"],"picked":"Whirlwind","floor":25},{"not_picked":["Dual Wield+1","Perfected Strike+1"],"picked":"Twin Strike+1","floor":27},{"not_picked":["Twin Strike","Rampage"],"picked":"Flex+1","floor":28}],"player_experience":190355,"relics_obtained":[{"floor":6,"key":"Strawberry"},{"floor":8,"key":"infinitespire:Beetle Shell"},{"floor":9,"key":"Tiny Chest"},{"floor":26,"key":"infinitespire:FocusingShard"},{"floor":30,"key":"infinitespire:Lucky Rock"}],"event_choices":[{"cards_removed":["Strike_R"],"damage_healed":0,"gold_gain":0,"player_choice":"Card Removal","damage_taken":0,"max_hp_gain":0,"max_hp_loss":0,"event_name":"The Cleric","floor":2,"gold_loss":50},{"damage_healed":0,"gold_gain":0,"player_choice":"Entered Light","damage_taken":16,"max_hp_gain":0,"max_hp_loss":0,"event_name":"Shining Light","floor":3,"gold_loss":0,"cards_upgraded":["Strike_R","Strike_R"]},{"damage_healed":0,"gold_gain":0,"player_choice":"Shed Blood","damage_taken":23,"max_hp_gain":5,"max_hp_loss":0,"event_name":"Forgotten Altar","floor":21,"gold_loss":0},{"damage_healed":0,"gold_gain":0,"player_choice":"Joined the Cult","damage_taken":6,"max_hp_gain":0,"max_hp_loss":0,"event_name":"Nest","floor":23,"gold_loss":0,"cards_obtained":["RitualDagger"]}],"is_beta":false,"boss_relics":[{"not_picked":["Runic Cube","Busted Crown"],"picked":"Tiny House"}],"items_purged_floors":[],"is_endless":false,"potions_floor_spawned":[1,13,14,18,27],"killed_by":"Sentry and Sphere","ascension_level":2}}