{"host":"Rich","time":1608600090,"event":{"mods":["AchievementEnabler","BaseMod","Highlight Path","Minty Spire (QoL Compilation)","Relic Stats"],"gold_per_floor":[112,12,12,25,25,54,66,66,66],"floor_reached":8,"playtime":262,"items_purged":["Strike_P"],"score":112,"play_id":"a5eee7b5-e68a-4555-9e5f-9f79ed186921","local_time":"20201221202130","is_ascension_mode":true,"campfire_choices":[],"circlet_count":0,"master_deck":["AscendersBane","Strike_P","Strike_P","Defend_P","Defend_P","Defend_P","Vigilance","BattleHymn","Tantrum","ThirdEye","CutThroughFate","BattleHymn","EmptyBody","ForeignInfluence"],"relics":["PureWater","Yang"],"acts_visited":["Exordium"],"potions_floor_usage":[6],"damage_taken":[{"damage":0,"enemies":"Cultist","floor":1,"turns":3},{"damage":6,"enemies":"Jaw Worm","floor":4,"turns":3},{"damage":22,"enemies":"3 Sentries","floor":6,"turns":6},{"damage":0,"enemies":"Small Slimes","floor":7,"turns":3},{"damage":0,"enemies":"Lagavulin","floor":8,"turns":3}],"seed_played":"-117946681467808621","potions_obtained":[{"floor":4,"key":"GamblersBrew"}],"is_trial":false,"path_per_floor":["M","$","?","M","?","E","M","E"],"character_chosen":"WATCHER","items_purchased":["ThirdEye"],"campfire_rested":0,"item_purchase_floors":[2],"current_hp_per_floor":[61,61,54,48,48,26,26,26,26],"gold":66,"neow_bonus":"TRANSFORM_CARD","is_daily":false,"chose_seed":false,"campfire_upgraded":0,"win_rate":0.0,"timestamp":1608600090,"path_taken":["M","$","?","M","?","E","?","E"],"items_purchased_type":["Card"],"build_version":"2020-12-18","purchased_purges":1,"victory":false,"max_hp_per_floor":[68,68,68,68,68,68,68,68,68],"relic_stats":{"counters":[5,18],"Yang":[14],"obtain_stats":[{"Yang":6,"PureWater":0},{"Yang":3,"PureWater":0},{"Yang":12,"PureWater":0}]},"card_choices":[{"not_picked":["EmptyFist","EmptyMind"],"picked":"Tantrum","floor":1},{"not_picked":["Protect","WindmillStrike"],"picked":"CutThroughFate","floor":4},{"not_picked":["Indignation","Crescendo"],"picked":"EmptyBody","floor":6},{"not_picked":["Prostrate","EmptyMind"],"picked":"ForeignInfluence","floor":7}],"player_experience":1922720,"relics_obtained":[{"floor":6,"key":"Yang"}],"event_choices":[{"cards_removed":["Defend_P"],"damage_healed":0,"gold_gain":0,"player_choice":"Card Removal","damage_taken":7,"max_hp_gain":0,"max_hp_loss":0,"event_name":"Golden Wing","floor":3,"gold_loss":0},{"damage_healed":0,"gold_gain":0,"cards_transformed":["Eruption"],"player_choice":"Transformed","damage_taken":0,"max_hp_gain":0,"max_hp_loss":0,"event_name":"Transmorgrifier","floor":5,"gold_loss":0,"cards_obtained":["BattleHymn"]}],"is_beta":true,"boss_relics":[],"items_purged_floors":[2],"is_endless":false,"potions_floor_spawned":[4],"killed_by":"Lagavulin","ascension_level":20}}