{"host":"daa8jqyg4gqfaysm","time":1608614944,"event":{"mods":["BaseMod","Colored Powertips","Minty Spire (QoL Compilation)","StSLib"],"gold_per_floor":[116,131,131,146,4,39,39,39,39,39,69,69,101,26,26,97,97,77,95,95,18,63,98,98,131,131,31,61,61,77,88,88,166,166,182,72,84,104,104,137,148,148,175,175,175,50,105,139,139,139,139],"floor_reached":52,"playtime":1773,"items_purged":["Clumsy","Writhe","Decay"],"score":1924,"play_id":"ef9a2bd2-d08d-4148-a6c7-93cfd0c0851b","local_time":"20201222132904","is_ascension_mode":true,"campfire_choices":[{"data":"Pommel Strike","floor":10,"key":"SMITH"},{"data":"True Grit","floor":12,"key":"SMITH"},{"data":"Heavy Blade","floor":15,"key":"SMITH"},{"floor":24,"key":"REST"},{"data":"Limit Break","floor":29,"key":"SMITH"},{"data":"Spot Weakness","floor":32,"key":"SMITH"},{"data":"Offering","floor":42,"key":"SMITH"},{"floor":45,"key":"RECALL"},{"floor":49,"key":"REST"}],"circlet_count":0,"master_deck":["AscendersBane","Strike_R","Strike_R","Defend_R","Defend_R","Defend_R","Defend_R","Bash+1","Wild Strike","Inflame+1","Pommel Strike+1","Shrug It Off","Spot Weakness+1","True Grit+1","Reaper","Heavy Blade+1","Feed","Inflame","Ghostly Armor","Limit Break+1","Havoc+1","Shockwave+1","Offering+1","Twin Strike+1","Blood for Blood+1","Dual Wield+1","Pummel","Immolate+1","Clumsy","Corruption"],"relics":["Cursed Key","White Beast Statue","Tiny Chest","Gremlin Horn","MealTicket","Bronze Scales","Sozu","InkBottle","Bag of Preparation","Ornamental Fan","Red Mask","Nunchaku","Astrolabe","Molten Egg 2","Toxic Egg 2","Gambling Chip","HornCleat"],"acts_visited":["Exordium","TheCity","TheBeyond"],"potions_floor_usage":[16,50,51],"damage_taken":[{"damage":2,"enemies":"Jaw Worm","floor":1,"turns":3},{"damage":2,"enemies":"2 Louse","floor":2,"turns":2},{"damage":1,"enemies":"Cultist","floor":4,"turns":3},{"damage":17,"enemies":"Lagavulin","floor":6,"turns":7},{"damage":23,"enemies":"3 Sentries","floor":11,"turns":7},{"damage":15,"enemies":"Lagavulin","floor":13,"turns":5},{"damage":9,"enemies":"The Guardian","floor":16,"turns":8},{"damage":12,"enemies":"2 Thieves","floor":18,"turns":4},{"damage":0,"enemies":"Chosen","floor":19,"turns":2},{"damage":55,"enemies":"Book of Stabbing","floor":23,"turns":5},{"damage":15,"enemies":"Masked Bandits","floor":25,"turns":3},{"damage":24,"enemies":"Slavers","floor":28,"turns":6},{"damage":6,"enemies":"Centurion and Healer","floor":30,"turns":6},{"damage":13,"enemies":"Snecko","floor":31,"turns":3},{"damage":35,"enemies":"Champ","floor":33,"turns":10},{"damage":41,"enemies":"3 Darklings","floor":35,"turns":3},{"damage":6,"enemies":"Orb Walker","floor":37,"turns":3},{"damage":19,"enemies":"Sphere and 2 Shapes","floor":38,"turns":5},{"damage":10,"enemies":"Giant Head","floor":40,"turns":4},{"damage":12,"enemies":"Jaw Worm Horde","floor":41,"turns":5},{"damage":60,"enemies":"2 Orb Walkers","floor":47,"turns":6},{"damage":44,"enemies":"Nemesis","floor":48,"turns":3},{"damage":51,"enemies":"Time Eater","floor":50,"turns":7},{"damage":37,"enemies":"Donu and Deca","floor":51,"turns":5}],"seed_played":"-4431707344361729772","potions_obtained":[{"floor":2,"key":"SkillPotion"},{"floor":4,"key":"BlessingOfTheForge"},{"floor":13,"key":"Regen Potion"},{"floor":16,"key":"LiquidBronze"}],"is_trial":false,"path_per_floor":["M","M","?","M","$","E","$","?","T","R","E","R","E","$","R","B",null,"M","M","?","$","T","E","R","?","T","$","E","R","M","M","R","B",null,"M","?","M","M","$","E","M","R","T","T","R","$","?","E","R","B","B",null],"character_chosen":"IRONCLAD","items_purchased":["Shrug It Off","Spot Weakness","Ghostly Armor"],"campfire_rested":2,"item_purchase_floors":[5,5,21],"current_hp_per_floor":[66,64,59,58,58,41,41,41,41,41,18,18,9,24,24,15,60,48,51,51,66,66,15,38,48,48,63,63,63,81,68,68,65,79,82,81,75,77,81,71,76,76,76,76,76,84,64,20,46,37,22],"gold":139,"neow_bonus":"BOSS_RELIC","is_daily":false,"chose_seed":false,"campfire_upgraded":6,"win_rate":0.0,"timestamp":1608614944,"path_taken":["M","M","?","M","$","E","?","?","T","R","E","R","E","$","R","BOSS","M","M","?","$","?","E","R","?","T","$","E","R","M","M","R","BOSS","M","?","M","M","?","E","M","R","T","?","R","$","?","E","R","BOSS","BOSS"],"items_purchased_type":["Card","Card","Card"],"build_version":"2020-12-13","purchased_purges":3,"victory":true,"max_hp_per_floor":[75,75,75,75,75,75,75,75,75,75,75,75,75,75,75,75,75,75,78,78,78,78,78,78,81,81,81,81,81,81,81,81,84,84,84,81,81,81,81,81,84,84,84,84,84,84,87,87,87,87,87],"card_choices":[{"not_picked":["Anger","Warcry"],"picked":"Wild Strike","floor":1},{"not_picked":["Warcry","Headbutt"],"picked":"Inflame","floor":2},{"not_picked":["Thunderclap","Anger"],"picked":"Pommel Strike","floor":4},{"not_picked":["Burning Pact","Entrench"],"picked":"True Grit","floor":6},{"not_picked":["Heavy Blade","Pommel Strike"],"picked":"Reaper","floor":11},{"not_picked":["Warcry","Immolate"],"picked":"Heavy Blade","floor":13},{"not_picked":["Reaper","Barricade"],"picked":"Feed","floor":16},{"not_picked":["Carnage","True Grit"],"picked":"Inflame","floor":18},{"not_picked":["Pommel Strike","Rampage","Armaments"],"picked":"SKIP","floor":19},{"not_picked":["Headbutt","Iron Wave"],"picked":"Limit Break","floor":23},{"not_picked":["Flex","Rampage"],"picked":"Havoc+1","floor":28},{"not_picked":["Perfected Strike","Armaments+1"],"picked":"Shockwave+1","floor":30},{"not_picked":["Clash","Fire Breathing","Dark Embrace"],"picked":"SKIP","floor":31},{"not_picked":["Barricade","Brutality"],"picked":"Offering","floor":33},{"not_picked":["Perfected Strike","Warcry","Fire Breathing+1"],"picked":"SKIP","floor":35},{"not_picked":["Intimidate","Clothesline","Armaments"],"picked":"SKIP","floor":37},{"not_picked":["Clash+1","Infernal Blade"],"picked":"Pummel","floor":38},{"not_picked":["Headbutt+1","Perfected Strike+1"],"picked":"Immolate+1","floor":40},{"not_picked":["Anger+1","Heavy Blade+1","Cleave+1"],"picked":"SKIP","floor":41},{"not_picked":["Hemokinesis+1","Body Slam+1"],"picked":"Corruption","floor":48}],"player_experience":714049,"relics_obtained":[{"floor":6,"key":"Tiny Chest"},{"floor":9,"key":"Gremlin Horn"},{"floor":11,"key":"MealTicket"},{"floor":13,"key":"Bronze Scales"},{"floor":22,"key":"Bag of Preparation"},{"floor":23,"key":"Ornamental Fan"},{"floor":25,"key":"Red Mask"},{"floor":28,"key":"Nunchaku"},{"floor":40,"key":"Molten Egg 2"},{"floor":44,"key":"Toxic Egg 2"},{"floor":47,"key":"Gambling Chip"},{"floor":48,"key":"HornCleat"}],"event_choices":[{"damage_healed":0,"gold_gain":0,"player_choice":"Success","damage_taken":5,"relics_obtained":["White Beast Statue"],"max_hp_gain":0,"max_hp_loss":0,"event_name":"Scrap Ooze","floor":3,"gold_loss":0},{"damage_healed":0,"gold_gain":0,"player_choice":"Grow","damage_taken":0,"max_hp_gain":0,"max_hp_loss":0,"event_name":"Living Wall","floor":8,"gold_loss":0,"cards_upgraded":["Bash"]},{"damage_healed":0,"gold_gain":0,"player_choice":"Opened","damage_taken":0,"relics_obtained":["InkBottle"],"max_hp_gain":0,"max_hp_loss":0,"event_name":"The Mausoleum","floor":20,"gold_loss":0,"cards_obtained":["Writhe"]},{"damage_healed":0,"gold_gain":0,"player_choice":"Fought Bandits","damage_taken":0,"max_hp_gain":0,"max_hp_loss":0,"event_name":"Masked Bandits","floor":25,"gold_loss":0},{"cards_removed":["Parasite"],"damage_healed":0,"gold_gain":0,"player_choice":"Upgrade and Remove","damage_taken":0,"max_hp_gain":0,"max_hp_loss":0,"event_name":"Designer","floor":36,"gold_loss":110,"cards_upgraded":["Inflame"]},{"damage_healed":0,"gold_gain":0,"player_choice":"Fight","damage_taken":0,"max_hp_gain":0,"max_hp_loss":0,"event_name":"Mysterious Sphere","floor":47,"gold_loss":0}],"is_beta":false,"boss_relics":[{"not_picked":["Mark of Pain","Ectoplasm"],"picked":"Sozu"},{"not_picked":["Black Star","Coffee Dripper"],"picked":"Astrolabe"}],"items_purged_floors":[14,27,46],"is_endless":false,"potions_floor_spawned":[2,4,6,11,13,16,18,19,23,25,28,30,31,33,35,37,38,40,41,47,48],"ascension_level":20}}