{"host":"4u4xibnmtqpdl4qa","time":1608672635,"event":{"mods":["AchievementEnabler","BaseMod","Colored Map","Colored Powertips","DeckTracker","Highlight Path","Minty Spire (QoL Compilation)","Quick Restart","Relic Stats","Slay-I","StSLib","TheHero","Waifu the Spire"],"gold_per_floor":[115,126,140,159,159,187,215,225,225,244,272,272,13,13,13,117,117,129,141,141,158,79,108,108,118,143,68,102,102,102,102,102,202,202,219,233,84,99,99,124,124,124,124,124,174,184,215,0,0,0,0],"floor_reached":50,"playtime":6922,"items_purged":["Regret","Deep Breath"],"score":765,"play_id":"f15e0cd1-4bfc-4ee6-905e-012967ff0fe1","local_time":"20201222223035","is_ascension_mode":true,"campfire_choices":[{"floor":15.0,"key":"REST"},{"floor":24.0,"key":"REST"},{"data":"MentalFortress","floor":29.0,"key":"SMITH"},{"floor":32.0,"key":"REST"},{"data":"Perseverance","floor":42.0,"key":"SMITH"},{"floor":44.0,"key":"REST"},{"floor":49.0,"key":"REST"}],"circlet_count":0,"master_deck":["Eruption","Vigilance","Perseverance+1","MentalFortress+1","EmptyBody","FollowUp","Halt","Weave+1","DeceiveReality","ThirdEye","Crescendo","FlurryOfBlows","InnerPeace","Consecrate","FearNoEvil","SashWhip","MentalFortress+1","ForeignInfluence","SandsOfTime","FlurryOfBlows+1","Judgement","Swivel+1","Study+1","Perseverance+1","Indignation","SandsOfTime+1","Ragnarok+1","TalkToTheHand+1","Dramatic Entrance+1","Parasite","CarveReality+1"],"relics":["Pandora\u0027s Box","Ginger","Odd Mushroom","Blue Candle","Singing Bowl","Molten Egg 2","Toy Ornithopter","Cursed Key","Lantern","Bag of Preparation","Gremlin Horn","Nilry\u0027s Codex","Snecko Eye","Mummified Hand","White Beast Statue","CaptainsWheel","Question Card","Red Mask"],"acts_visited":["Exordium","TheCity","TheBeyond"],"potions_floor_usage":[50,50],"damage_taken":[{"damage":5.0,"enemies":"Small Slimes","floor":1.0,"turns":4.0},{"damage":0.0,"enemies":"Jaw Worm","floor":2.0,"turns":3.0},{"damage":0.0,"enemies":"2 Louse","floor":3.0,"turns":3.0},{"damage":0.0,"enemies":"2 Fungi Beasts","floor":4.0,"turns":6.0},{"damage":0.0,"enemies":"Lagavulin","floor":6.0,"turns":6.0},{"damage":17.0,"enemies":"The Mushroom Lair","floor":7.0,"turns":4.0},{"damage":4.0,"enemies":"Exordium Thugs","floor":8.0,"turns":4.0},{"damage":1.0,"enemies":"Blue Slaver","floor":10.0,"turns":3.0},{"damage":4.0,"enemies":"Gremlin Nob","floor":11.0,"turns":3.0},{"damage":54.0,"enemies":"Hexaghost","floor":16.0,"turns":8.0},{"damage":0.0,"enemies":"Chosen","floor":18.0,"turns":3.0},{"damage":5.0,"enemies":"2 Thieves","floor":19.0,"turns":3.0},{"damage":5.0,"enemies":"Sentry and Sphere","floor":21.0,"turns":3.0},{"damage":31.0,"enemies":"Book of Stabbing","floor":23.0,"turns":6.0},{"damage":6.0,"enemies":"Chosen and Byrds","floor":25.0,"turns":3.0},{"damage":2.0,"enemies":"Gremlin Leader","floor":28.0,"turns":4.0},{"damage":0.0,"enemies":"Colosseum Slavers","floor":31.0,"turns":1.0},{"damage":0.0,"enemies":"Champ","floor":33.0,"turns":7.0},{"damage":0.0,"enemies":"Orb Walker","floor":35.0,"turns":1.0},{"damage":4.0,"enemies":"3 Shapes","floor":36.0,"turns":1.0},{"damage":53.0,"enemies":"Sphere and 2 Shapes","floor":38.0,"turns":3.0},{"damage":1.0,"enemies":"Reptomancer","floor":40.0,"turns":4.0},{"damage":9.0,"enemies":"Mind Bloom Boss Battle","floor":45.0,"turns":5.0},{"damage":22.0,"enemies":"4 Shapes","floor":46.0,"turns":3.0},{"damage":1.0,"enemies":"Giant Head","floor":47.0,"turns":4.0},{"damage":98,"enemies":"Donu and Deca","floor":50,"turns":11}],"seed_played":"2381819498807707887","potions_obtained":[{"floor":3.0,"key":"DuplicationPotion"},{"floor":8.0,"key":"AttackPotion"},{"floor":10.0,"key":"Energy Potion"},{"floor":16.0,"key":"Dexterity Potion"},{"floor":21.0,"key":"BottledMiracle"},{"floor":33.0,"key":"Explosive Potion"},{"floor":35.0,"key":"BottledMiracle"},{"floor":45.0,"key":"Fruit Juice"},{"floor":46.0,"key":"BlessingOfTheForge"},{"floor":47.0,"key":"AttackPotion"}],"is_trial":false,"path_per_floor":["M","M","M","M","?","E","?","M","T","M","E","?","$","?","R","B",null,"M","M","?","M","$","E","R","M","T","?","E","R","?","?","R","B",null,"M","M","$","M","?","E","?","R","T","R","?","M","E","?","R","B"],"character_chosen":"WATCHER","items_purchased":["Toy Ornithopter","FlurryOfBlows+1","Indignation","Energy Potion"],"campfire_rested":5,"item_purchase_floors":[13,13,22,37],"current_hp_per_floor":[67,67,67,67,67,67,50,46,46,45,41,41,41,27,48,4,72,72,67,49,44,44,15,37,31,31,31,31,31,15,25,47,52,76,78,76,76,23,23,34,34,34,34,58,56,36,40,40,65,0,0],"gold":0,"neow_bonus":"BOSS_RELIC","is_daily":false,"chose_seed":false,"campfire_upgraded":2,"win_rate":0.0,"timestamp":1608672635,"path_taken":["M","M","M","M","?","E","?","?","T","M","E","?","$","?","R","BOSS","M","M","?","M","?","E","R","M","T","?","E","R","?","?","R","BOSS","M","M","$","M","?","E","?","R","T","R","?","M","E","?","R","BOSS"],"items_purchased_type":["Relic","Card","Card","Potion"],"build_version":"2020-12-13","purchased_purges":2,"victory":false,"max_hp_per_floor":[72,72,72,72,72,72,72,72,72,72,72,72,72,72,72,72,72,72,72,72,72,72,74,74,74,74,74,76,76,76,76,76,76,76,78,80,80,80,80,82,82,82,82,82,84,86,86,86,86,91,91],"relic_stats":{"Singing Bowl":14,"Gremlin Horn":[12,12],"counters":[26,106],"Blue Candle":[3],"Bag of Preparation":[22],"Ginger":[5],"Cursed Key":2,"Question Card":0,"Mummified Hand":[18],"Snecko Eye":[59,72,59,64],"Pandora\u0027s Box":["Perseverance","MentalFortress","EmptyBody","FollowUp","Halt","Weave","DeceiveReality","ThirdEye"],"obtain_stats":[{"Lantern":23,"Singing Bowl":11,"Gremlin Horn":28,"Nilry\u0027s Codex":30,"Blue Candle":9,"Bag of Preparation":26,"Ginger":6,"Odd Mushroom":7,"Cursed Key":17,"Question Card":47,"White Beast Statue":43,"CaptainsWheel":45,"Mummified Hand":40,"Snecko Eye":34,"Pandora\u0027s Box":0,"Molten Egg 2":12,"Red Mask":48,"PureWater":0,"Toy Ornithopter":13},{"Lantern":14,"Singing Bowl":9,"Gremlin Horn":16,"Nilry\u0027s Codex":16,"Blue Candle":7,"Bag of Preparation":15,"Ginger":5,"Odd Mushroom":6,"Cursed Key":10,"Question Card":25,"White Beast Statue":22,"CaptainsWheel":23,"Mummified Hand":22,"Snecko Eye":18,"Pandora\u0027s Box":0,"Molten Egg 2":9,"Red Mask":25,"PureWater":0,"Toy Ornithopter":9},{"Lantern":59,"Singing Bowl":36,"Gremlin Horn":66,"Nilry\u0027s Codex":66,"Blue Candle":30,"Bag of Preparation":62,"Ginger":22,"Odd Mushroom":26,"Cursed Key":44,"Question Card":95,"White Beast Statue":83,"CaptainsWheel":88,"Mummified Hand":83,"Snecko Eye":74,"Pandora\u0027s Box":0,"Molten Egg 2":36,"Red Mask":95,"PureWater":0,"Toy Ornithopter":36}],"Toy Ornithopter":55},"card_choices":[{"not_picked":["Evaluate","Adaptation"],"picked":"Crescendo","floor":1.0},{"not_picked":["CrushJoints","PathToVictory"],"picked":"FlurryOfBlows","floor":2.0},{"not_picked":["ThirdEye","EmptyFist"],"picked":"InnerPeace","floor":3.0},{"not_picked":["Swivel","Study"],"picked":"Consecrate","floor":4.0},{"not_picked":["FlyingSleeves","ReachHeaven"],"picked":"FearNoEvil","floor":6.0},{"not_picked":["Perseverance","ClearTheMind"],"picked":"SashWhip","floor":7.0},{"not_picked":["BowlingBash","FearNoEvil"],"picked":"MentalFortress","floor":8.0},{"not_picked":["Crescendo","DeceiveReality"],"picked":"ForeignInfluence","floor":10.0},{"not_picked":["Consecrate","Evaluate"],"picked":"SandsOfTime","floor":11.0},{"not_picked":["Omniscience","Brilliance+1"],"picked":"Judgement","floor":16.0},{"not_picked":["SashWhip+1","DeceiveReality"],"picked":"Swivel+1","floor":18.0},{"not_picked":["BattleHymn","FollowUp+1"],"picked":"Study+1","floor":19.0},{"not_picked":["FollowUp+1","Evaluate"],"picked":"Perseverance","floor":21.0},{"not_picked":["Prostrate+1","PathToVictory+1","Weave+1"],"picked":"Singing Bowl","floor":23.0},{"not_picked":["FollowUp+1","EmptyMind"],"picked":"SandsOfTime+1","floor":25.0},{"not_picked":["CrushJoints+1","WindmillStrike+1","LessonLearned+1"],"picked":"Singing Bowl","floor":28.0},{"not_picked":["Establishment","LessonLearned+1"],"picked":"Ragnarok+1","floor":33.0},{"not_picked":["FlurryOfBlows+1","Halt","SashWhip+1"],"picked":"Singing Bowl","floor":35.0},{"not_picked":["BattleHymn","Prostrate+1","ThirdEye"],"picked":"Singing Bowl","floor":36.0},{"not_picked":["Adaptation","BowlingBash+1"],"picked":"TalkToTheHand+1","floor":38.0},{"not_picked":["The Bomb","Violence"],"picked":"Dramatic Entrance+1","floor":39.0},{"not_picked":["EmptyFist+1","Vengeance+1","Evaluate+1"],"picked":"Singing Bowl","floor":40.0},{"not_picked":["Perseverance","Halt","WreathOfFlame"],"picked":"Singing Bowl","floor":45.0},{"not_picked":["SandsOfTime+1","JustLucky+1","Adaptation"],"picked":"Singing Bowl","floor":46.0},{"not_picked":["Sanctity","ForeignInfluence"],"picked":"CarveReality+1","floor":47.0}],"player_experience":136594,"relics_obtained":[{"floor":6.0,"key":"Ginger"},{"floor":7.0,"key":"Odd Mushroom"},{"floor":9.0,"key":"Blue Candle"},{"floor":11.0,"key":"Singing Bowl"},{"floor":23.0,"key":"Lantern"},{"floor":26.0,"key":"Bag of Preparation"},{"floor":28.0,"key":"Gremlin Horn"},{"floor":30.0,"key":"Nilry\u0027s Codex"},{"floor":40.0,"key":"Mummified Hand"},{"floor":43.0,"key":"White Beast Statue"},{"floor":45.0,"key":"CaptainsWheel"},{"floor":47.0,"key":"Question Card"}],"event_choices":[{"damage_healed":0.0,"max_hp_gain":0.0,"max_hp_loss":0.0,"gold_gain":0.0,"event_name":"Living Wall","player_choice":"Grow","floor":5.0,"gold_loss":0.0,"damage_taken":0.0,"cards_upgraded":["Perseverance"]},{"damage_healed":0.0,"max_hp_gain":0.0,"max_hp_loss":0.0,"gold_gain":0.0,"event_name":"Mushrooms","player_choice":"Fought Mushrooms","floor":7.0,"gold_loss":0.0,"damage_taken":0.0},{"damage_healed":0.0,"max_hp_gain":0.0,"max_hp_loss":0.0,"gold_gain":0.0,"event_name":"Big Fish","player_choice":"Box","floor":12.0,"gold_loss":0.0,"damage_taken":0.0,"relics_obtained":["Molten Egg 2"],"cards_obtained":["Regret"]},{"damage_healed":0.0,"max_hp_gain":0.0,"max_hp_loss":0.0,"gold_gain":0.0,"event_name":"Shining Light","player_choice":"Entered Light","floor":14.0,"gold_loss":0.0,"damage_taken":14.0,"cards_upgraded":["MentalFortress","Weave"]},{"damage_healed":0.0,"max_hp_gain":0.0,"max_hp_loss":0.0,"gold_gain":0.0,"event_name":"Knowing Skull","player_choice":"POTION CARD ","floor":20.0,"potions_obtained":["Strength Potion"],"gold_loss":0.0,"damage_taken":18.0,"cards_obtained":["Deep Breath"]},{"cards_removed":["Injury"],"damage_healed":0.0,"max_hp_gain":0.0,"max_hp_loss":0.0,"gold_gain":0.0,"event_name":"Beggar","player_choice":"Gave Gold","floor":27.0,"gold_loss":75.0,"damage_taken":0.0},{"damage_healed":0.0,"max_hp_gain":0.0,"max_hp_loss":0.0,"gold_gain":0.0,"event_name":"Cursed Tome","player_choice":"Obtained Book","floor":30.0,"gold_loss":0.0,"damage_taken":16.0},{"damage_healed":0.0,"max_hp_gain":0.0,"max_hp_loss":0.0,"gold_gain":0.0,"event_name":"Colosseum","player_choice":"Fight","floor":31.0,"gold_loss":0.0,"damage_taken":0.0},{"damage_healed":0.0,"max_hp_gain":0.0,"max_hp_loss":0.0,"gold_gain":0.0,"event_name":"Colosseum","player_choice":"Fled From Nobs","floor":31.0,"gold_loss":0.0,"damage_taken":0.0},{"damage_healed":0.0,"max_hp_gain":0.0,"max_hp_loss":0.0,"gold_gain":0.0,"event_name":"SensoryStone","player_choice":"Memory 1","floor":39.0,"gold_loss":0.0,"damage_taken":0.0},{"damage_healed":0.0,"max_hp_gain":0.0,"max_hp_loss":0.0,"gold_gain":0.0,"event_name":"Mysterious Sphere","player_choice":"Ignored","floor":41.0,"gold_loss":0.0,"damage_taken":0.0},{"damage_healed":0.0,"max_hp_gain":0.0,"max_hp_loss":0.0,"gold_gain":0.0,"event_name":"MindBloom","player_choice":"Fight","floor":45.0,"gold_loss":0.0,"damage_taken":0.0},{"damage_healed":0.0,"max_hp_gain":0.0,"max_hp_loss":0.0,"gold_gain":0.0,"event_name":"Tomb of Lord Red Mask","player_choice":"Paid","floor":48.0,"gold_loss":215.0,"damage_taken":0.0,"relics_obtained":["Red Mask"]}],"is_beta":false,"boss_relics":[{"not_picked":["Sozu","Runic Pyramid"],"picked":"Cursed Key"},{"not_picked":["Coffee Dripper","Fusion Hammer"],"picked":"Snecko Eye"}],"items_purged_floors":[13,37],"is_endless":false,"potions_floor_spawned":[3,8,10,16,21,25,33,35,45,46,47],"killed_by":"Donu and Deca","ascension_level":2}}