{"host":"cbnfbo28eyz4xcn1","time":1608646328,"event":{"mods":["BaseMod","Colored Map","Colored Powertips","Infinite Spire","Minty Spire (QoL Compilation)","Replay The Spire","StSLib"],"gold_per_floor":[117,136,211,311,323,355,373,373,373,407,425,443,455,114,114,114,114],"floor_reached":16,"playtime":657,"items_purged":[],"score":194,"play_id":"e63337bd-8bd0-4b30-a480-6d3b4a875568","local_time":"20201222151208","is_ascension_mode":true,"campfire_choices":[{"floor":8.0,"key":"REST"},{"floor":15.0,"key":"REST"},{"data":"Mayhem","floor":15.0,"key":"SMITH"},{"data":"Whirlwind","floor":15.0,"key":"SMITH"}],"circlet_count":0,"master_deck":["AscendersBane","Strike_R","Strike_R","Strike_R","Strike_R","Strike_R","Defend_R","Defend_R","Defend_R","Defend_R","Bash","Defend_G","Strike_R","Mayhem+1","Whirlwind+1","Run Through","Dual Wield","Flex","Cleave","Impervious","Power Through","Run Through","Battle Trance"],"relics":["Burning Blood","Replay:Bottled Snecko","infinitespire:Magic Flask","Replay:Arrowhead","Darkstone Periapt"],"acts_visited":["Exordium"],"potions_floor_usage":[16],"damage_taken":[{"damage":11.0,"enemies":"Cultist","floor":1.0,"turns":4.0},{"damage":2.0,"enemies":"Jaw Worm","floor":2.0,"turns":3.0},{"damage":0.0,"enemies":"Small Slimes","floor":5.0,"turns":3.0},{"damage":41.0,"enemies":"Gremlin Nob","floor":6.0,"turns":5.0},{"damage":22.0,"enemies":"Red Slaver","floor":7.0,"turns":4.0},{"damage":40.0,"enemies":"3 Sentries","floor":10.0,"turns":6.0},{"damage":10.0,"enemies":"3 Louse","floor":11.0,"turns":3.0},{"damage":0.0,"enemies":"Gremlin Gang","floor":12.0,"turns":1.0},{"damage":0.0,"enemies":"Large Slime","floor":13.0,"turns":4.0},{"damage":51,"enemies":"Hexaghost","floor":16,"turns":11}],"seed_played":"3592581302444769678","potions_obtained":[{"floor":1.0,"key":"Toxic Potion"},{"floor":7.0,"key":"Regen Potion"},{"floor":10.0,"key":"Languid Potion"},{"floor":11.0,"key":"Cursed Concoction"}],"is_trial":false,"path_per_floor":["M","M","?","?","M","E","M","R","T","E","M","M","M","$","R","B"],"character_chosen":"IRONCLAD","items_purchased":["Darkstone Periapt","Battle Trance"],"campfire_rested":2,"item_purchase_floors":[14,14],"current_hp_per_floor":[63,67,56,56,62,27,11,33,33,14,10,16,22,22,44,0,0],"gold":114,"neow_bonus":"RANDOM_COLORLESS_2","is_daily":false,"chose_seed":false,"campfire_upgraded":2,"win_rate":0.0,"timestamp":1608646328,"path_taken":["M","?","?","?","M","E","M","R","T","E","M","M","M","$","R","BOSS"],"items_purchased_type":["Relic","Card"],"build_version":"2020-12-13","purchased_purges":0,"victory":false,"max_hp_per_floor":[75,75,75,75,75,75,75,75,75,75,75,75,75,75,75,75,75],"card_choices":[{"not_picked":["Transmutation","Chrysalis"],"picked":"Mayhem","floor":0.0},{"not_picked":["Infernal Blade","Body Slam"],"picked":"Whirlwind","floor":1.0},{"not_picked":["Life Link","Iron Wave"],"picked":"Run Through","floor":2.0},{"not_picked":["infinitespire:OneForAll","Disarm"],"picked":"Dual Wield","floor":5.0},{"not_picked":["Blood for Blood","Perfected Strike"],"picked":"Flex","floor":6.0},{"not_picked":["Replay:Undeath\u0027s Touch","Flex"],"picked":"Cleave","floor":7.0},{"not_picked":["Perfected Strike","ReplayTheSpireMod:Limb From Limb"],"picked":"Impervious","floor":10.0},{"not_picked":["Havoc","Searing Blow","Headbutt"],"picked":"SKIP","floor":11.0},{"not_picked":["Havoc","ReplayTheSpireMod:Stacked"],"picked":"Power Through","floor":12.0},{"not_picked":["Clash","Headbutt"],"picked":"Run Through","floor":13.0}],"player_experience":465913,"relics_obtained":[{"floor":6.0,"key":"Replay:Bottled Snecko"},{"floor":9.0,"key":"infinitespire:Magic Flask"},{"floor":10.0,"key":"Replay:Arrowhead"}],"event_choices":[{"damage_healed":0.0,"max_hp_gain":0.0,"max_hp_loss":0.0,"gold_gain":75.0,"event_name":"World of Goop","player_choice":"Gather Gold","floor":3.0,"gold_loss":0.0,"damage_taken":11.0},{"damage_healed":0.0,"max_hp_gain":0.0,"max_hp_loss":0.0,"gold_gain":100.0,"event_name":"Golden Shrine","player_choice":"Pray","floor":4.0,"gold_loss":0.0,"damage_taken":0.0}],"is_beta":false,"boss_relics":[],"items_purged_floors":[],"is_endless":false,"potions_floor_spawned":[1,7,10,11],"killed_by":"Hexaghost","ascension_level":14}}