{"host":"h8l1uc7c2i19r904","time":1608639594,"event":{"mods":["AchievementEnabler","BaseMod","Colored Map","Colored Powertips","Downfall","Minty Spire (QoL Compilation)","Quick Restart","Replay The Spire","StSLib","SuperFastMode"],"gold_per_floor":[111,111,124,98,117,117,141,141,141,161,188,215,215,215,215,215,215],"floor_reached":16,"playtime":471,"items_purged":["Defend_R"],"score":98,"play_id":"d4c86ed5-1a3c-4659-90f5-8faac997fbd5","local_time":"20201222041954","is_ascension_mode":false,"campfire_choices":[{"data":"Flex","floor":6,"key":"SMITH"},{"data":"Heavy Blade","floor":8,"key":"SMITH"}],"circlet_count":0,"master_deck":["Strike_R","Strike_R","Strike_R","Strike_R","Strike_R","Defend_R","Defend_R","Bash","Clash","Pain","Flex+1","Heavy Blade+1","Clash","Decay"],"relics":["Runic Dome","ReplayTheSpireMod:CursedCoin","Odd Mushroom","Juzu Bracelet","Bronze Scales","King of Hearts"],"acts_visited":["Exordium"],"potions_floor_usage":[12],"damage_taken":[{"damage":6,"enemies":"Jaw Worm","floor":1,"turns":2},{"damage":0,"enemies":"Cultist","floor":3,"turns":2},{"damage":15,"enemies":"Small Slimes","floor":5,"turns":3},{"damage":15,"enemies":"The Mushroom Lair","floor":7,"turns":3},{"damage":14,"enemies":"Blue Slaver","floor":10,"turns":2},{"damage":20,"enemies":"Lagavulin","floor":12,"turns":4},{"damage":10,"enemies":"3 Sentries","floor":16,"turns":2}],"seed_played":"-935957560881998951","potions_obtained":[{"floor":1,"key":"Strength Potion"},{"floor":5,"key":"Slimebound:ThreeZeroPotion"},{"floor":12,"key":"DuplicationPotion"}],"is_trial":false,"path_per_floor":["M","?","M","$","M","R","?","R","T","M","T","E","PTL","PTL","?","E"],"character_chosen":"IRONCLAD","items_purchased":["ReplayTheSpireMod:CursedCoin","Flex","Heavy Blade"],"campfire_rested":0,"item_purchase_floors":[4,4,4],"current_hp_per_floor":[74,74,74,74,59,59,44,44,44,30,30,10,10,10,10,0,0],"gold":215,"neow_bonus":"BOSS_RELIC","is_daily":false,"chose_seed":false,"campfire_upgraded":2,"win_rate":0.0,"timestamp":1608639594,"path_taken":["M","?","M","?","M","R","?","R","T","M","?","E","PTL","PTL","?","E"],"items_purchased_type":["Relic","Card","Card"],"build_version":"2020-12-13","purchased_purges":1,"victory":false,"max_hp_per_floor":[80,80,80,80,80,80,80,80,80,80,80,80,80,80,80,80,80],"card_choices":[{"not_picked":["Hemokinesis","Perfected Strike"],"picked":"Clash","floor":1},{"not_picked":["ReplayTheSpireMod:Muscle Training","Clothesline","Cleave"],"picked":"SKIP","floor":3},{"not_picked":["Body Slam","Run Through","Perfected Strike"],"picked":"SKIP","floor":5},{"not_picked":["Abandon","Second Wind"],"picked":"Clash","floor":10},{"not_picked":["Iron Wave","Body Slam","Heavy Blade"],"picked":"SKIP","floor":12}],"player_experience":94869,"relics_obtained":[{"floor":7,"key":"Odd Mushroom"},{"floor":9,"key":"Juzu Bracelet"},{"floor":11,"key":"Bronze Scales"},{"floor":12,"key":"King of Hearts"}],"event_choices":[{"cards_removed":["Defend_R"],"damage_healed":0,"gold_gain":0,"player_choice":"Offered Basic","damage_taken":0,"max_hp_gain":0,"max_hp_loss":0,"event_name":"Bonfire Elementals","floor":2,"gold_loss":0},{"damage_healed":0,"gold_gain":0,"player_choice":"Fought Mushrooms","damage_taken":0,"max_hp_gain":0,"max_hp_loss":0,"event_name":"Mushrooms","floor":7,"gold_loss":0},{"damage_healed":0,"gold_gain":0,"player_choice":"Cursed","damage_taken":0,"max_hp_gain":0,"max_hp_loss":0,"event_name":"Wheel of Change","floor":15,"gold_loss":0,"cards_obtained":["Decay"]}],"is_beta":false,"boss_relics":[],"items_purged_floors":[4],"is_endless":false,"potions_floor_spawned":[1,5,12],"killed_by":"3 Sentries","ascension_level":0}}