{"host":"i4eavuqabbk5mi94","time":1608673868,"event":{"mods":["BaseMod","Googly Eyes","Minty Spire (QoL Compilation)","Replay The Spire","Shop Mod","StSLib"],"gold_per_floor":[113,128,138,313,39,68,68,100,126,126,126,156,156,188,207,132,132,233,233,252,270,103,103,123,123,123,142,165,183,282,282,119,139,139,139,139],"floor_reached":35,"playtime":1383,"items_purged":["Doubt","Strike_R"],"score":381,"play_id":"68f363d8-ce1d-4490-9114-c1c08b882578","local_time":"20201222215108","is_ascension_mode":true,"campfire_choices":[{"floor":7,"key":"REST"},{"floor":13,"key":"REST"},{"floor":17,"key":"REST"},{"floor":26,"key":"REST"},{"floor":31,"key":"REST"},{"floor":34,"key":"REST"}],"circlet_count":0,"master_deck":["Strike_R","Strike_R","Strike_R","Strike_R","Defend_R","Defend_R","Defend_R","Defend_R","Bash","ReplayTheSpireMod:Strike From Hell","Inflame","Run Through","Replay:Bootleg Shield Generator","Mayhem","Limit Break","Shrug It Off","Life Link","Thunderclap","Entrench","Barricade","Inflame+1","Cleave+1","Inflame","Hallucinations","Replay:Undeath\u0027s Touch","ReplayReversal","Flex","Fiend Fire","Defy Death"],"relics":["Burning Blood","NeowsBlessing","Pet Ghost","Bag of Preparation","Ancient Tea Set","Shuriken","Mirror","Sozu","Ring of Panic","Ring of Misfortune","Art of War"],"acts_visited":["Exordium","TheCity"],"potions_floor_usage":[8,20,25,25],"damage_taken":[{"damage":0,"enemies":"Cultist","floor":1,"turns":1},{"damage":0,"enemies":"Small Slimes","floor":2,"turns":1},{"damage":0,"enemies":"Jaw Worm","floor":3,"turns":1},{"damage":29,"enemies":"Replay:BlueRogue","floor":6,"turns":6},{"damage":24,"enemies":"Gremlin Nob","floor":8,"turns":4},{"damage":12,"enemies":"Replay:BlueRogue","floor":12,"turns":6},{"damage":37,"enemies":"Gremlin Nob","floor":14,"turns":4},{"damage":9,"enemies":"Blue Slaver","floor":15,"turns":5},{"damage":44,"enemies":"Hexaghost","floor":18,"turns":9},{"damage":52,"enemies":"3 Byrds","floor":20,"turns":6},{"damage":0,"enemies":"Chosen","floor":21,"turns":6},{"damage":15,"enemies":"Snecko","floor":24,"turns":4},{"damage":16,"enemies":"Slavers","floor":25,"turns":2},{"damage":14,"enemies":"Centurion and Healer","floor":27,"turns":6},{"damage":3,"enemies":"Snake Plant","floor":29,"turns":3},{"damage":4,"enemies":"Chosen and Byrds","floor":33,"turns":3},{"damage":93,"enemies":"Automaton","floor":35,"turns":6}],"seed_played":"7978587614622916122","potions_obtained":[{"floor":3,"key":"SmokeBomb"},{"floor":6,"key":"Swift Potion"},{"floor":14,"key":"Explosive Potion"},{"floor":15,"key":"Explosive Potion"},{"floor":18,"key":"Strength Potion"}],"is_trial":false,"path_per_floor":["M","M","M","?","$","E","R","E","T","PTL","PTL","E","R","E","M","$","R","B",null,"M","M","$","?","M","E","R","M","T","M","?","R","$","M","R","B"],"character_chosen":"IRONCLAD","items_purchased":["Replay:Bootleg Shield Generator","Mayhem","Inflame","Fiend Fire"],"campfire_rested":6,"item_purchase_floors":[5,5,22,32],"current_hp_per_floor":[80,80,80,80,80,57,80,62,62,62,62,56,80,49,46,46,70,32,68,22,28,28,28,19,9,33,25,25,28,28,52,52,54,78,0,0],"gold":139,"neow_bonus":"THREE_ENEMY_KILL","is_daily":false,"chose_seed":false,"campfire_upgraded":0,"win_rate":0.0,"timestamp":1608673868,"path_taken":["M","?","M","?","?","E","R","E","T","PTL","PTL","E","R","E","M","$","R","BOSS","M","M","$","?","M","E","R","M","T","M","?","R","$","M","R","BOSS"],"items_purchased_type":["Card","Card","Card","Card"],"build_version":"2020-12-13","purchased_purges":2,"victory":false,"max_hp_per_floor":[80,80,80,80,80,80,80,80,80,80,80,80,80,80,80,80,80,80,80,80,80,80,80,80,80,80,80,80,80,80,80,80,80,80,80,80],"card_choices":[{"not_picked":["Wild Strike","Havoc"],"picked":"ReplayTheSpireMod:Strike From Hell","floor":1},{"not_picked":["Armaments","Reckless Charge"],"picked":"Inflame","floor":2},{"not_picked":["Anger","Uppercut"],"picked":"Run Through","floor":3},{"not_picked":["Perfected Strike","Feed"],"picked":"Limit Break","floor":6},{"not_picked":["Clash","Armaments"],"picked":"Shrug It Off","floor":8},{"not_picked":["Iron Wave","Clash"],"picked":"Life Link","floor":12},{"not_picked":["Replay:Many Hands","Twin Strike"],"picked":"Thunderclap","floor":14},{"not_picked":["Sword Boomerang","Headbutt"],"picked":"Entrench","floor":15},{"not_picked":["Impervious","Corruption"],"picked":"Barricade","floor":18},{"not_picked":["Twin Strike","Uppercut"],"picked":"Inflame+1","floor":20},{"not_picked":["Thunderclap+1","Fire Breathing"],"picked":"Cleave+1","floor":21},{"not_picked":["ReplayTheSpireMod:Corrosion Curse","Heavy Blade"],"picked":"Replay:Undeath\u0027s Touch","floor":24},{"not_picked":["Evolve+1","Blood for Blood"],"picked":"ReplayReversal","floor":27},{"not_picked":["Replay:Undeath\u0027s Touch+1","Thunderclap+1"],"picked":"Flex","floor":29},{"not_picked":["Run Through","Wild Strike"],"picked":"Defy Death","floor":33}],"player_experience":357248,"relics_obtained":[{"floor":6,"key":"Pet Ghost"},{"floor":8,"key":"Bag of Preparation"},{"floor":9,"key":"Ancient Tea Set"},{"floor":12,"key":"Shuriken"},{"floor":14,"key":"Mirror"},{"floor":23,"key":"Ring of Panic"},{"floor":23,"key":"Ring of Misfortune"},{"floor":28,"key":"Art of War"}],"event_choices":[{"damage_healed":0,"gold_gain":175,"player_choice":"AGREE","damage_taken":0,"max_hp_gain":0,"max_hp_loss":0,"event_name":"Liars Game","floor":4,"gold_loss":0,"cards_obtained":["Doubt"]},{"damage_healed":0,"gold_gain":99,"player_choice":"Stole From Cult","damage_taken":0,"max_hp_gain":0,"max_hp_loss":0,"event_name":"Nest","floor":30,"gold_loss":0}],"is_beta":false,"boss_relics":[{"not_picked":["Runic Dome","Astrolabe"],"picked":"Sozu"}],"items_purged_floors":[16,22],"is_endless":false,"potions_floor_spawned":[3,6,14,15,18,21,27,33],"killed_by":"Automaton","ascension_level":5}}