{"host":"agga6lej02o7kt08","time":1608631520,"event":{"mods":["Arknights The Spire","Aspiration","BaseMod","Better Third Choice","BetterRewards","Colored Map","Colored Powertips","Hubris","Minty Spire (QoL Compilation)","Replay The Spire","Spicy Shops","StSLib","¡¼?Úª?ø«¡½REMEMod"],"gold_per_floor":[114,62,75,95,95,95,127,145,145,170,170,301,301,325,325,398,398,409,419,429,429,449,449,477,144,144,190,221,221,268,268,363,363,392,414,414,123,148,148,174,227,253,253,103,103,144,173,173,173,173,173,173,199,201],"floor_reached":56,"playtime":2861,"items_purged":["ats:Strike S","ats:Defend","ats:Strike V","ats:Defend"],"score":2434,"play_id":"dc4ec331-f5dc-41a3-b857-b1993af985e6","local_time":"20201222190520","is_ascension_mode":true,"campfire_choices":[{"floor":6.0,"key":"REST"},{"data":"ats:Emotion Absorption","floor":13.0,"key":"SMITH"},{"data":"1","floor":15.0,"key":"LIFT"},{"data":"ats:Shell Defense","floor":23.0,"key":"SMITH"},{"floor":30.0,"key":"REST"},{"data":"2","floor":32,"key":"LIFT"},{"data":"REME_FirmDetermination","floor":40,"key":"SMITH"},{"floor":44,"key":"RECALL"},{"data":"3","floor":46,"key":"LIFT"},{"data":"ats:Hook Shot","floor":49,"key":"SMITH"},{"data":"ats:Armor Crushing Shot","floor":52,"key":"SMITH"}],"circlet_count":0,"master_deck":["AscendersBane","ats:Strike C","ats:Strike G","ats:Armor Crushing Shot+1","ats:Defend","ats:Defend","ats:Emotion Absorption+1","ats:Sword Rain","ats:Hammer On","ats:Volcano","ats:Wolf Pack","ats:Shell Defense+1","ats:Soul Rend","ats:Shell Defense+1","ats:Hook Shot+1","REME_FirmDetermination+1","ats:Automatic Cover+1"],"relics":["ats:Sanity","REME_ComplimentaryCards","aspiration:AnachronicSnailShell","Tiny Chest","TungstenRod","Snack Pack","Calipers","ats:Emergency Defibrillator","Girya","Torii","Prayer Wheel","Lantern","betterThird:SlimedRelic","hubris:Icosahedron","Replay:Ringing Soul","StrikeDummy","hubris:Teleporter","Blue Doll","Philosopher\u0027s Stone","ats:Originium","hubris:TinFlute","Replay:Bandana","Omamori","ats:Originium","Replay:PocketPolymizer","ats:Originium","Bag of Marbles","REME_LowDesire","Bag of Preparation","Juzu Bracelet","ReplayTheSpireMod:Ring of Challenge","ats:Defend","Blood Vial","ats:Originium","Toxic Egg 2","Art of War","ReplayTheSpireMod:Ninjato","HornCleat"],"acts_visited":[],"potions_floor_usage":[42],"damage_taken":[{"damage":10.0,"enemies":"Cultist","floor":1.0,"turns":6.0},{"damage":3.0,"enemies":"Jaw Worm","floor":3.0,"turns":5.0},{"damage":0.0,"enemies":"2 Louse","floor":4.0,"turns":4.0},{"damage":23.0,"enemies":"Gremlin Nob","floor":7.0,"turns":4.0},{"damage":7.0,"enemies":"Exordium Thugs","floor":8.0,"turns":4.0},{"damage":12.0,"enemies":"Lagavulin","floor":10.0,"turns":7.0},{"damage":4.0,"enemies":"Gremlin Nob","floor":12.0,"turns":3.0},{"damage":26.0,"enemies":"The Guardian","floor":16.0,"turns":16.0},{"damage":0.0,"enemies":"Chosen","floor":18.0,"turns":4.0},{"damage":14.0,"enemies":"2 Thieves","floor":19.0,"turns":2.0},{"damage":6.0,"enemies":"Cultist and Chosen","floor":20.0,"turns":4.0},{"damage":4.0,"enemies":"Snake Plant","floor":22.0,"turns":5.0},{"damage":51.0,"enemies":"Replay:Snechameleon","floor":24.0,"turns":13.0},{"damage":39.0,"enemies":"REME_1_Revenger","floor":27.0,"turns":7.0},{"damage":0.0,"enemies":"Shelled Parasite and Fungi","floor":28.0,"turns":2.0},{"damage":15.0,"enemies":"Gremlin Leader","floor":31.0,"turns":7.0},{"damage":61,"enemies":"Pondfish","floor":33,"turns":15},{"damage":10,"enemies":"Orb Walker","floor":35,"turns":4},{"damage":0,"enemies":"3 Shapes","floor":36,"turns":5},{"damage":0,"enemies":"Transient","floor":39,"turns":2},{"damage":49,"enemies":"Reptomancer","floor":42,"turns":11},{"damage":5,"enemies":"R_Hoarder","floor":47,"turns":9},{"damage":8,"enemies":"Maw","floor":48,"turns":9},{"damage":0,"enemies":"hubris:GrandSnecko","floor":50,"turns":1},{"damage":0,"enemies":"Shield and Spear","floor":54,"turns":1},{"damage":1,"enemies":"The Heart","floor":55,"turns":4}],"seed_played":"2271050102794037522","potions_obtained":[{"floor":1.0,"key":"SteroidPotion"},{"floor":7.0,"key":"Fruit Juice"},{"floor":8.0,"key":"Toxic Potion"},{"floor":11.0,"key":"Fire Potion"},{"floor":20.0,"key":"SteroidPotion"},{"floor":36,"key":"SkillPotion"},{"floor":42,"key":"AttackPotion"}],"is_trial":false,"path_per_floor":["M","?","M","M","?","R","E","M","T","E","?","E","R","T","R","B",null,"M","M","M","?","M","R","E","$","T","E","M","R","E","R","B",null,"M","M","?","$","M","R","T","E","T","R","$","R","E","M","R","B",null,"R","$","E","B",null],"character_chosen":"DOCTOR_CLASS","items_purchased":["Tiny Chest","Snack Pack","ats:Emergency Defibrillator","Prayer Wheel","Lantern","ats:Emergency Sanity Potion","Replay:Bandana","ats:Defend"],"campfire_rested":2,"item_purchase_floors":[0,0,0,0,0,0,25,38],"current_hp_per_floor":[15,5,6,8,8,29,53,51,51,44,44,42,42,42,42,25,66,75,63,63,63,73,73,41,41,41,13,16,41,45,45,52,78,79,90,90,90,95,95,95,68,68,68,68,68,77,88,88,90,96,96,96,98,97],"gold":201,"neow_bonus":"","is_daily":false,"chose_seed":false,"campfire_upgraded":5,"win_rate":0.0,"timestamp":1608631520,"path_taken":["M","?","M","M","?","R","E","M","T","E","?","E","R","?","R","BOSS","M","M","?","?","M","R","E","$","T","E","M","R","E","R","BOSS","M","M","?","$","M","R","?","E","T","R","$","R","E","M","R","BOSS","R","$","E","BOSS"],"items_purchased_type":["Relic","Relic","Relic","Relic","Relic","Potion","Relic","Card"],"build_version":"2020-12-13","purchased_purges":4,"victory":true,"max_hp_per_floor":[72,72,72,72,72,72,72,77,77,77,77,77,77,77,77,80,80,83,83,83,83,86,86,86,86,86,86,86,86,86,86,86,86,89,92,92,92,95,95,95,95,95,95,95,95,95,98,98,98,98,98,98,98,98],"card_choices":[{"not_picked":["ats:Closed Bolt Burst Fire","ats:Collapsing Strike","ats:Neurotoxin"],"picked":"SKIP","floor":1.0},{"not_picked":["ats:Childhood Dance","ats:Poison Spread","ats:Cat Scratch"],"picked":"SKIP","floor":1.0},{"not_picked":["ats:Song Of Battle","ats:Ignite"],"picked":"ats:Sword Rain","floor":3.0},{"not_picked":["ats:Collapsing Strike","ats:Explosion Area Strengthen"],"picked":"ats:Hammer On","floor":3.0},{"not_picked":["ats:Childhood Dance","ats:Shadow Raid","ats:Shadow Assault"],"picked":"SKIP","floor":4.0},{"not_picked":["ats:Demon Strength","ats:Powerful Strike","ats:Explosion Area Strengthen"],"picked":"SKIP","floor":4.0},{"not_picked":["ats:Assault Order","ats:True Silver Slash","ats:Leaping Hammer"],"picked":"SKIP","floor":7.0},{"not_picked":["ats:Magnetic Hammer","ats:Hammer On","ats:Red Shift"],"picked":"SKIP","floor":8.0},{"not_picked":["ats:Beaten Up","ats:Hammer On","ats:Thorns"],"picked":"SKIP","floor":8.0},{"not_picked":["ats:Childhood Dance","ats:Hammer On","ats:Assault Order"],"picked":"SKIP","floor":10.0},{"not_picked":["ats:Poison Spread","ats:Nebulous Foxfire","ats:Thermite Blade"],"picked":"SKIP","floor":12.0},{"not_picked":["ats:Rat Pack","ats:Shadow Assault"],"picked":"ats:Wolf Pack","floor":16.0},{"not_picked":["ats:Poison Spread","ats:Powerful Strike"],"picked":"ats:Shell Defense","floor":18.0},{"not_picked":["ats:Powerful Strike","ats:Hammer On","ats:Encircling Forest"],"picked":"SKIP","floor":18.0},{"not_picked":["ats:Composite Medical Shells","ats:Assault Order","ats:Curse Doll"],"picked":"SKIP","floor":19.0},{"not_picked":["ats:Cat Scratch","ats:Support Order+1","ats:Leaping Hammer"],"picked":"SKIP","floor":19.0},{"not_picked":["ats:Powerful Strike","ats:Assault Order","ats:Apocalypse"],"picked":"SKIP","floor":20.0},{"not_picked":["ats:Flexible Camouflage+1","ats:Cat Scratch","ats:Blood Oath"],"picked":"SKIP","floor":20.0},{"not_picked":["ats:Powerful Strike","ats:Shell Defense"],"picked":"ats:Soul Rend","floor":22.0},{"not_picked":["ats:Powerful Strike","ats:Childhood Dance","ats:Blood Oath"],"picked":"SKIP","floor":22.0},{"not_picked":["ats:Overload","ats:Ambush","ats:Poison Spread"],"picked":"SKIP","floor":24.0},{"not_picked":["ats:Curse Doll+1","ats:Sunburst","ats:Childhood Dance"],"picked":"SKIP","floor":27.0},{"not_picked":["ats:Demon Strength","ats:Beaten Up","ats:Guardian Obelisk"],"picked":"SKIP","floor":28.0},{"not_picked":["ats:Durian","ats:Spore Proliferation+1","ats:Rapid Magazine"],"picked":"SKIP","floor":28.0},{"not_picked":["ats:Volcano","ats:Composite Medical Shells+1","ats:Explosion Area Strengthen+1"],"picked":"SKIP","floor":31.0},{"not_picked":["ats:Powerful Strike","ats:Assault Order","REME_Flogging"],"picked":"ats:Shell Defense+1","floor":35},{"not_picked":["ats:Healing Strengthening","ats:Assault Order+1","ats:Mental Burst+1","Swift Strike"],"picked":"SKIP","floor":35},{"not_picked":["ats:Assault Order+1","ats:Shell Defense","Good Instincts+1"],"picked":"ats:Hook Shot","floor":36},{"not_picked":["ats:Closed Bolt Burst Fire+1","ats:Poison Spread","ats:Guardian Obelisk","ReplayUltimateDefense"],"picked":"SKIP","floor":36},{"not_picked":["ats:Composite Medical Shells","ats:Cat Scratch","ats:Part Time Job+1"],"picked":"REME_FirmDetermination","floor":39},{"not_picked":["ats:Poison Spread","ats:Steam Pump+1","ats:Roar Of Ursus","Replay:Bootleg Shield Generator"],"picked":"SKIP","floor":39},{"not_picked":["ats:Cat Scratch","ats:Leaping Hammer+1","ats:Explosion Area Strengthen","REME_BattleFury"],"picked":"SKIP","floor":42},{"not_picked":["ats:Directed Diagnosis+1","ats:Assault Order+1","ats:Consecutive Shot: Auto","REME_BattleFury"],"picked":"SKIP","floor":47},{"not_picked":["ats:Hammer On","ats:Closed Bolt Burst Fire+1","hubris:Insight+1"],"picked":"ats:Automatic Cover+1","floor":48},{"not_picked":["ats:Powerful Strike+1","ats:Song Of Battle","ats:Shell Defense+1","Dark Shackles+1"],"picked":"SKIP","floor":48},{"not_picked":["ats:Consecutive Shot: Auto","ats:Sword Rain","ats:Powerful Strike+1","Secret Technique+1"],"picked":"SKIP","floor":54}],"player_experience":809241,"relics_obtained":[{"floor":7.0,"key":"Replay:Ringing Soul"},{"floor":9.0,"key":"StrikeDummy"},{"floor":10.0,"key":"hubris:Teleporter"},{"floor":12.0,"key":"Blue Doll"},{"floor":24.0,"key":"ats:Originium"},{"floor":24.0,"key":"hubris:TinFlute"},{"floor":26.0,"key":"Omamori"},{"floor":27.0,"key":"ats:Originium"},{"floor":27.0,"key":"Replay:PocketPolymizer"},{"floor":31.0,"key":"ats:Originium"},{"floor":31.0,"key":"Bag of Marbles"},{"floor":34,"key":"Bag of Preparation"},{"floor":34,"key":"Juzu Bracelet"},{"floor":37,"key":"ReplayTheSpireMod:Ring of Challenge"},{"floor":41,"key":"Blood Vial"},{"floor":42,"key":"ats:Originium"},{"floor":42,"key":"Toxic Egg 2"},{"floor":43,"key":"Art of War"},{"floor":47,"key":"ReplayTheSpireMod:Ninjato"},{"floor":54,"key":"HornCleat"}],"event_choices":[{"damage_healed":0.0,"max_hp_gain":0.0,"max_hp_loss":0.0,"gold_gain":0.0,"event_name":"betterThird:BetterGoop","player_choice":"Slimed","floor":2.0,"gold_loss":52.0,"damage_taken":11.0},{"damage_healed":0.0,"max_hp_gain":0.0,"max_hp_loss":0.0,"gold_gain":0.0,"event_name":"Lab","player_choice":"Got Potions","floor":11.0,"gold_loss":0.0,"damage_taken":0.0}],"is_beta":false,"boss_relics":[{"not_picked":["Calling Bell","hubris:GrandSneckoEye"],"picked":"Philosopher\u0027s Stone"},{"not_picked":["Replay:Drink Me","Tiny House"],"picked":"REME_LowDesire"}],"items_purged_floors":[25,25,38,45],"is_endless":false,"potions_floor_spawned":[1,7,8,20,22,27,28,36,42,47],"ascension_level":19}}