{"host":"y76x98twjnyyxs83","time":1608640439,"event":{"mods":["BaseMod","Colored Powertips","Minty Spire (QoL Compilation)","Permanent Neow","Quick Restart","Rare Cards Sparkle","Relic Stats","StSLib"],"gold_per_floor":[109,109,127,139,150,183,183,213,213,213,241,262,262,262,262,336,336,353,367,292,292,302,302,336,336,363,39,39,85,85,9,9,88,88,103,103,123,184,220,249,264,281,281,15,0,0,33,33,33,58,83,83,83,3,34,34,34],"floor_reached":56,"playtime":3184,"items_purged":["Shame","Writhe"],"score":2022,"play_id":"0c5d029b-e129-4695-a3be-0dfd69d2f337","local_time":"20201222203359","is_ascension_mode":true,"campfire_choices":[{"data":"Wallop","floor":7.0,"key":"SMITH"},{"floor":10.0,"key":"REST"},{"data":"CrushJoints","floor":15.0,"key":"SMITH"},{"data":"TalkToTheHand","floor":23.0,"key":"SMITH"},{"floor":25.0,"key":"DIG"},{"floor":28.0,"key":"DIG"},{"floor":30.0,"key":"REST"},{"floor":32.0,"key":"DIG"},{"floor":46.0,"key":"REST"},{"floor":49.0,"key":"RECALL"},{"floor":53,"key":"DIG"}],"circlet_count":0,"master_deck":["AscendersBane","Eruption+1","Vigilance+1","CrushJoints+1","CutThroughFate+1","WheelKick","ThirdEye+1","Wallop+1","Weave","Consecrate+1","LessonLearned","TalkToTheHand+1","BattleHymn+1","EmptyMind+1","WheelKick+1","TalkToTheHand+1","Conclude","Vengeance+1","FlurryOfBlows+1","HandOfGreed+1","FearNoEvil","MentalFortress+1","SpiritShield+1","Adaptation+1","Meditate","Indignation","FearNoEvil","Halt+1","DeceiveReality+1","Adaptation+1"],"relics":["Cursed Key","Gremlin Horn","HornCleat","Shovel","Odd Mushroom","Pandora\u0027s Box","Pear","Akabeko","Nunchaku","Ancient Tea Set","Question Card","Fusion Hammer","Pen Nib","Kunai","Potion Belt","Red Mask","Bag of Preparation","Mummified Hand","Boot"],"acts_visited":["Exordium","TheCity","TheBeyond","TheEnding"],"potions_floor_usage":[56,56,56],"damage_taken":[{"damage":7.0,"enemies":"2 Louse","floor":1.0,"turns":3.0},{"damage":0.0,"enemies":"Cultist","floor":3.0,"turns":3.0},{"damage":2.0,"enemies":"Jaw Worm","floor":4.0,"turns":2.0},{"damage":0.0,"enemies":"Exordium Wildlife","floor":5.0,"turns":3.0},{"damage":21.0,"enemies":"3 Sentries","floor":6.0,"turns":8.0},{"damage":11.0,"enemies":"Lagavulin","floor":8.0,"turns":7.0},{"damage":0.0,"enemies":"Gremlin Nob","floor":11.0,"turns":2.0},{"damage":3.0,"enemies":"The Mushroom Lair","floor":12.0,"turns":2.0},{"damage":12.0,"enemies":"Hexaghost","floor":16.0,"turns":8.0},{"damage":13.0,"enemies":"Chosen","floor":18.0,"turns":6.0},{"damage":0.0,"enemies":"Spheric Guardian","floor":19.0,"turns":3.0},{"damage":5.0,"enemies":"Cultist and Chosen","floor":22.0,"turns":7.0},{"damage":2.0,"enemies":"Book of Stabbing","floor":24.0,"turns":5.0},{"damage":24.0,"enemies":"Slavers","floor":29.0,"turns":4.0},{"damage":5.0,"enemies":"Champ","floor":33.0,"turns":9.0},{"damage":0.0,"enemies":"3 Shapes","floor":35.0,"turns":3.0},{"damage":7.0,"enemies":"3 Darklings","floor":37.0,"turns":3.0},{"damage":26.0,"enemies":"Sphere and 2 Shapes","floor":38.0,"turns":4.0},{"damage":0.0,"enemies":"Jaw Worm Horde","floor":39.0,"turns":2.0},{"damage":9.0,"enemies":"Nemesis","floor":40.0,"turns":7.0},{"damage":0.0,"enemies":"Spire Growth","floor":41.0,"turns":4.0},{"damage":19.0,"enemies":"3 Darklings","floor":42.0,"turns":4.0},{"damage":0.0,"enemies":"Giant Head","floor":47.0,"turns":5.0},{"damage":28.0,"enemies":"Awakened One","floor":50.0,"turns":9.0},{"damage":8.0,"enemies":"Donu and Deca","floor":51.0,"turns":9.0},{"damage":56,"enemies":"Shield and Spear","floor":55,"turns":6},{"damage":7,"enemies":"The Heart","floor":56,"turns":2}],"seed_played":"-8097624610539106432","potions_obtained":[{"floor":5.0,"key":"Energy Potion"},{"floor":11.0,"key":"Swift Potion"},{"floor":22.0,"key":"Fire Potion"},{"floor":24.0,"key":"Fruit Juice"},{"floor":29.0,"key":"BottledMiracle"},{"floor":38.0,"key":"PowerPotion"},{"floor":39.0,"key":"GamblersBrew"},{"floor":41.0,"key":"Strength Potion"},{"floor":55,"key":"Explosive Potion"}],"is_trial":false,"path_per_floor":["M","?","M","M","M","E","R","E","T","R","E","?","T","?","R","B",null,"M","M","?","?","M","R","E","R","T","$","R","E","R","$","R","B",null,"M","?","M","M","M","E","M","M","T","$","?","R","E","?","R","B","B",null,"R","$","E","B"],"character_chosen":"WATCHER","items_purchased":["FlurryOfBlows","HandOfGreed","MentalFortress","Potion Belt","Ancient Potion"],"campfire_rested":3,"item_purchase_floors":[27,27,31,44,54],"current_hp_per_floor":[54,54,54,52,52,31,31,20,20,40,40,37,37,17,17,5,52,39,39,39,44,39,39,47,47,47,47,47,23,46,46,46,41,69,69,69,62,36,41,32,32,13,13,13,13,37,37,37,37,9,1,63,63,63,7,0,0],"gold":34,"neow_bonus":"BOSS_RELIC","is_daily":false,"chose_seed":false,"campfire_upgraded":3,"win_rate":0.0,"timestamp":1608640439,"path_taken":["M","?","M","M","?","E","R","E","T","R","E","?","?","?","R","BOSS","M","M","?","?","?","R","E","R","T","$","R","E","R","?","R","BOSS","M","?","M","M","M","E","M","M","T","$","?","R","E","?","R","BOSS","BOSS","R","$","E","BOSS"],"items_purchased_type":["Card","Card","Card","Relic","Potion"],"build_version":"2020-12-13","purchased_purges":2,"victory":false,"max_hp_per_floor":[68,68,68,68,68,68,68,68,68,68,68,68,68,68,68,68,68,68,68,68,68,68,68,78,78,78,78,78,78,78,78,78,78,78,78,78,78,78,83,83,83,83,83,83,83,83,83,83,83,83,83,83,83,83,83,83,83],"relic_stats":{"Gremlin Horn":[21,21],"counters":[27,130],"Pen Nib":[15],"Bag of Preparation":[8],"Cursed Key":2,"Question Card":10,"Boot":[1],"Nunchaku":[28],"Shovel":4,"Mummified Hand":[4],"Pandora\u0027s Box":["TalkToTheHand","BattleHymn","BattleHymn","Sanctity","EmptyMind","FlyingSleeves","WheelKick"],"Kunai":[35],"obtain_stats":[{"Potion Belt":44,"Pear":24,"Gremlin Horn":6,"Pen Nib":40,"Bag of Preparation":47,"Odd Mushroom":12,"Cursed Key":0,"Ancient Tea Set":29,"Question Card":32,"Boot":55,"Akabeko":25,"Nunchaku":28,"HornCleat":8,"Shovel":11,"Mummified Hand":53,"Pandora\u0027s Box":17,"Fusion Hammer":34,"Red Mask":45,"Kunai":43,"PureWater":0},{"Potion Belt":22,"Pear":13,"Gremlin Horn":5,"Pen Nib":20,"Bag of Preparation":23,"Odd Mushroom":8,"Cursed Key":0,"Ancient Tea Set":14,"Question Card":14,"Boot":26,"Akabeko":13,"Nunchaku":13,"HornCleat":6,"Shovel":7,"Mummified Hand":25,"Pandora\u0027s Box":9,"Fusion Hammer":15,"Red Mask":22,"Kunai":22,"PureWater":0},{"Potion Belt":99,"Pear":59,"Gremlin Horn":19,"Pen Nib":91,"Bag of Preparation":104,"Odd Mushroom":30,"Cursed Key":0,"Ancient Tea Set":63,"Question Card":63,"Boot":128,"Akabeko":59,"Nunchaku":59,"HornCleat":26,"Shovel":28,"Mummified Hand":122,"Pandora\u0027s Box":38,"Fusion Hammer":72,"Red Mask":99,"Kunai":99,"PureWater":0}]},"card_choices":[{"not_picked":["Consecrate","WreathOfFlame"],"picked":"CrushJoints","floor":1.0},{"not_picked":["TalkToTheHand","ThirdEye"],"picked":"WheelKick","floor":3.0},{"not_picked":["Prostrate","EmptyBody"],"picked":"ThirdEye","floor":4.0},{"not_picked":["ReachHeaven","MentalFortress"],"picked":"Wallop","floor":5.0},{"not_picked":["CutThroughFate","SashWhip"],"picked":"Weave","floor":6.0},{"not_picked":["Establishment","PathToVictory","Prostrate"],"picked":"SKIP","floor":8.0},{"not_picked":["Crescendo","Establishment","CrushJoints"],"picked":"SKIP","floor":11.0},{"not_picked":["Fasting2","SignatureMove"],"picked":"Consecrate","floor":12.0},{"not_picked":["Devotion","DeusExMachina"],"picked":"LessonLearned","floor":16.0},{"not_picked":["ThirdEye","Wallop"],"picked":"TalkToTheHand","floor":18.0},{"not_picked":["Consecrate","Crescendo"],"picked":"Conclude","floor":19.0},{"not_picked":["Fasting2","WheelKick","MentalFortress"],"picked":"SKIP","floor":22.0},{"not_picked":["Fasting2","WheelKick","MentalFortress"],"picked":"SKIP","floor":22.0},{"not_picked":["Evaluate","Nirvana"],"picked":"Vengeance+1","floor":24.0},{"not_picked":["SashWhip","FlyingSleeves"],"picked":"FearNoEvil","floor":29.0},{"not_picked":["DeusExMachina","LessonLearned","ConjureBlade"],"picked":"SpiritShield","floor":33.0},{"not_picked":["SignatureMove+1","EmptyFist","Perseverance"],"picked":"Adaptation","floor":35.0},{"not_picked":["Crescendo","Fasting2","WreathOfFlame"],"picked":"Meditate","floor":37.0},{"not_picked":["SashWhip","Protect","FearNoEvil+1"],"picked":"Indignation","floor":38.0},{"not_picked":["InnerPeace","Wireheading+1","FlyingSleeves+1"],"picked":"FearNoEvil","floor":39.0},{"not_picked":["WindmillStrike","Ragnarok","Collect"],"picked":"Halt+1","floor":40.0},{"not_picked":["CrushJoints+1","JustLucky","FlyingSleeves","FearNoEvil+1"],"picked":"SKIP","floor":41.0},{"not_picked":["SashWhip","BattleHymn","EmptyBody+1","Consecrate"],"picked":"SKIP","floor":42.0},{"not_picked":["Devotion","Weave+1","SashWhip"],"picked":"DeceiveReality+1","floor":47.0},{"not_picked":["WreathOfFlame+1","ClearTheMind","Indignation"],"picked":"Adaptation+1","floor":55}],"player_experience":1102594,"relics_obtained":[{"floor":6.0,"key":"Gremlin Horn"},{"floor":8.0,"key":"HornCleat"},{"floor":11.0,"key":"Shovel"},{"floor":12.0,"key":"Odd Mushroom"},{"floor":24.0,"key":"Pear"},{"floor":25.0,"key":"Akabeko"},{"floor":28.0,"key":"Nunchaku"},{"floor":29.0,"key":"Ancient Tea Set"},{"floor":32.0,"key":"Question Card"},{"floor":40.0,"key":"Pen Nib"},{"floor":43.0,"key":"Kunai"},{"floor":47.0,"key":"Bag of Preparation"},{"floor":53,"key":"Mummified Hand"},{"floor":55,"key":"Boot"}],"event_choices":[{"damage_healed":0.0,"max_hp_gain":0.0,"max_hp_loss":0.0,"gold_gain":0.0,"cards_transformed":["Strike_P"],"event_name":"Transmorgrifier","player_choice":"Transformed","floor":2.0,"gold_loss":0.0,"damage_taken":0.0,"cards_obtained":["CutThroughFate"]},{"damage_healed":0.0,"max_hp_gain":0.0,"max_hp_loss":0.0,"gold_gain":0.0,"event_name":"Mushrooms","player_choice":"Fought Mushrooms","floor":12.0,"gold_loss":0.0,"damage_taken":0.0},{"damage_healed":0.0,"max_hp_gain":0.0,"max_hp_loss":0.0,"gold_gain":0.0,"event_name":"Shining Light","player_choice":"Entered Light","floor":14.0,"gold_loss":0.0,"damage_taken":20.0,"cards_upgraded":["CutThroughFate","Vigilance"]},{"cards_removed":["BattleHymn"],"damage_healed":0.0,"max_hp_gain":0.0,"max_hp_loss":0.0,"gold_gain":0.0,"event_name":"Beggar","player_choice":"Gave Gold","floor":20.0,"gold_loss":75.0,"damage_taken":0.0},{"cards_removed":["FlyingSleeves"],"damage_healed":5.0,"max_hp_gain":0.0,"max_hp_loss":0.0,"gold_gain":0.0,"event_name":"Bonfire Elementals","player_choice":"Offered Common","floor":21.0,"gold_loss":0.0,"damage_taken":0.0},{"cards_removed":["FlyingSleeves"],"damage_healed":5.0,"max_hp_gain":0.0,"max_hp_loss":0.0,"gold_gain":0.0,"event_name":"Bonfire Elementals","player_choice":"Offered Special","floor":21.0,"gold_loss":0.0,"damage_taken":0.0},{"cards_removed":["Sanctity"],"damage_healed":0.0,"max_hp_gain":0.0,"max_hp_loss":0.0,"gold_gain":0.0,"event_name":"Falling","player_choice":"Removed Skill","floor":36.0,"gold_loss":0.0,"damage_taken":0.0},{"damage_healed":0.0,"max_hp_gain":0.0,"max_hp_loss":0.0,"gold_gain":0.0,"event_name":"Tomb of Lord Red Mask","player_choice":"Paid","floor":45.0,"gold_loss":15.0,"damage_taken":0.0,"relics_obtained":["Red Mask"]},{"damage_healed":0.0,"max_hp_gain":0.0,"max_hp_loss":0.0,"gold_gain":0.0,"event_name":"Match and Keep!","player_choice":"0 cards matched","floor":48.0,"gold_loss":0.0,"damage_taken":0.0,"cards_obtained":[]}],"is_beta":false,"boss_relics":[{"not_picked":["Astrolabe","VioletLotus"],"picked":"Pandora\u0027s Box"},{"not_picked":["Runic Pyramid","Philosopher\u0027s Stone"],"picked":"Fusion Hammer"}],"items_purged_floors":[27,44],"is_endless":false,"potions_floor_spawned":[5,11,12,16,22,24,29,38,39,41,55],"killed_by":"The Heart","ascension_level":20}}