{"host":"e1ezmaebp4k769tb","time":1608626233,"event":{"mods":["2.2 Compatiblity","AchievementEnabler","AlwaysNeverKeys","BaseMod","CapriCore","Card Filter","Colored Powertips","Curses Come First","DeckTracker","Energized Spire","Friendly Minions","Halation","Highlight Path","Keyboard Shortcuts","Lobotomy","Minty Spire (QoL Compilation)","Permanent Neow","Quick Restart","Red Circlet Mod","Relic Filter","Remilia£¨?Ú·×é?£©","Replay The Spire","Shop Mod","StSLib","WarShipGirlsR/??á´Ò³R mod"],"gold_per_floor":[109,129,30,30,62,62,110,140,140,140,155,155],"floor_reached":11,"playtime":376,"items_purged":["rmod:strick"],"score":146,"play_id":"9ecc4494-a855-406e-85ae-edc32c9810d7","local_time":"20201222173713","is_ascension_mode":true,"campfire_choices":[{"data":"rmod:salvage","floor":6,"key":"SMITH"},{"floor":10,"key":"REST"}],"circlet_count":0,"master_deck":["AscendersBane","rmod:strick","rmod:strick","rmod:strick","rmod:defend","rmod:defend","rmod:defend","rmod:defend","rmod:basicallowance","rmod:maingunfire","rmod:robin","rmod:wolves","rmod:salvage+1","rmod:firesupport","rmod:fletcherpendant","rmod:generalist","rmod:fletcherpendant","rmod:diaomin"],"relics":["rmod:firstchargereward","Replay:Bandana","Mummified Hand","halation:Trompette"],"acts_visited":["Exordium"],"potions_floor_usage":[],"damage_taken":[{"damage":0,"enemies":"Small Slimes","floor":1,"turns":3},{"damage":0,"enemies":"Cultist","floor":2,"turns":3},{"damage":6,"enemies":"Jaw Worm","floor":5,"turns":2},{"damage":50,"enemies":"3 Sentries","floor":7,"turns":8},{"damage":0,"enemies":"3 Louse","floor":8,"turns":3},{"damage":32,"enemies":"Gremlin Nob","floor":11,"turns":3}],"seed_played":"8481757207453026639","potions_obtained":[{"floor":2,"key":"Adrenaline Potion"}],"is_trial":false,"path_per_floor":["M","M","$","?","M","R","E","M","T","R","E"],"character_chosen":"PRAEFECT","items_purchased":["rmod:firesupport"],"campfire_rested":1,"item_purchase_floors":[3],"current_hp_per_floor":[63,63,63,63,57,57,7,7,7,28,0,0],"gold":155,"neow_bonus":"THREE_CARDS","is_daily":false,"chose_seed":false,"campfire_upgraded":1,"win_rate":0.0,"timestamp":1608626233,"path_taken":["M","M","$","?","?","R","E","M","T","R","E"],"items_purchased_type":["Card"],"build_version":"2020-12-13","purchased_purges":1,"victory":false,"max_hp_per_floor":[70,70,70,70,70,70,70,70,70,70,70,70],"card_choices":[{"not_picked":["rmod:openingtorpedo","rmod:tearstotiara"],"picked":"rmod:robin","floor":0},{"not_picked":["rmod:highspeedshooting","rmod:combined"],"picked":"rmod:wolves","floor":1},{"not_picked":["rmod:circuitoustactics","rmod:chargemoney"],"picked":"rmod:salvage","floor":2},{"not_picked":["rmod:concentratefire","rmod:unsinkable","rmod:diamondstrike"],"picked":"SKIP","floor":5},{"not_picked":["rmod:tearstotiara","rmod:wasp"],"picked":"rmod:generalist","floor":7},{"not_picked":["rmod:robin","rmod:luckystar"],"picked":"rmod:diaomin","floor":8}],"player_experience":188843,"relics_obtained":[{"floor":7,"key":"Mummified Hand"},{"floor":9,"key":"halation:Trompette"}],"event_choices":[{"damage_healed":0,"gold_gain":0,"player_choice":"Gave Potion","damage_taken":0,"relics_obtained":["Replay:Bandana"],"max_hp_gain":0,"max_hp_loss":0,"event_name":"WeMeetAgain","floor":4,"gold_loss":0}],"is_beta":false,"boss_relics":[],"items_purged_floors":[3],"is_endless":false,"potions_floor_spawned":[2],"killed_by":"Gremlin Nob","ascension_level":20}}