{"host":"dhv3u8yhd2rnugsp","time":1608673246,"event":{"mods":["BaseMod","Block Reminder","Colored Map","Googly Eyes","Highlight Path","Minty Spire (QoL Compilation)","Permanent Neow","Quick Restart","Random Character Button","StSLib"],"gold_per_floor":[113,113,131,131,144,144,185,185,185,229,229,245,4,48,48,173,173,193,207,226,226,226,270,270,314,361,3,21,21,0,41,41,170,170,194,207,220,553,603,638,638,655,680,698,19,0,32,49,49,49],"floor_reached":51,"playtime":2683,"items_purged":["Defend_P"],"score":1441,"play_id":"82de6066-c6f0-454a-a526-25a0b9da4c3e","local_time":"20201222154046","is_ascension_mode":true,"campfire_choices":[{"data":"Conclude","floor":6,"key":"SMITH"},{"data":"SashWhip","floor":11,"key":"SMITH"},{"data":"Meditate","floor":15,"key":"SMITH"},{"data":"Vault","floor":24,"key":"SMITH"},{"data":"BowlingBash","floor":29,"key":"SMITH"},{"data":"CutThroughFate","floor":32,"key":"SMITH"},{"data":"FlurryOfBlows","floor":41,"key":"SMITH"},{"floor":49,"key":"DIG"}],"circlet_count":0,"master_deck":["AscendersBane","Defend_P","Defend_P+1","Defend_P+1","Eruption","Vigilance","Wallop+1","Conclude+1","SashWhip+1","FlurryOfBlows+1","FearNoEvil","CutThroughFate+1","Meditate+1","BowlingBash+1","Vault+1","EmptyFist+1","Bite","Bite","Bite","Bite","Bite","ThirdEye+1","FlurryOfBlows+1","SandsOfTime+1","TalkToTheHand+1","CrushJoints+1","CarveReality+1","CutThroughFate+1","Fasting2","Panacea","Brilliance+1","ThirdEye+1"],"relics":["Sozu","StoneCalendar","HornCleat","Lizard Tail","Whetstone","ClockworkSouvenir","Ornamental Fan","SlaversCollar","Enchiridion","The Courier","Molten Egg 2","Regal Pillow","Membership Card","Bronze Scales","Anchor","Pear","Boot","Busted Crown","CloakClasp","Pantograph","Pen Nib","War Paint","TungstenRod","Damaru","Letter Opener","Frozen Eye","Bird Faced Urn","Red Mask","Shovel","Mummified Hand"],"acts_visited":["Exordium","TheCity","TheBeyond"],"potions_floor_usage":[],"damage_taken":[{"damage":2,"enemies":"2 Louse","floor":1,"turns":2},{"damage":6,"enemies":"Small Slimes","floor":3,"turns":4},{"damage":0,"enemies":"Cultist","floor":5,"turns":2},{"damage":22,"enemies":"Lagavulin","floor":7,"turns":6},{"damage":0,"enemies":"Gremlin Nob","floor":10,"turns":3},{"damage":0,"enemies":"Gremlin Gang","floor":12,"turns":1},{"damage":0,"enemies":"3 Sentries","floor":14,"turns":4},{"damage":16,"enemies":"The Guardian","floor":16,"turns":8},{"damage":0,"enemies":"3 Byrds","floor":18,"turns":5},{"damage":0,"enemies":"Spheric Guardian","floor":19,"turns":3},{"damage":4,"enemies":"Snake Plant","floor":20,"turns":6},{"damage":9,"enemies":"Book of Stabbing","floor":23,"turns":5},{"damage":30,"enemies":"Slavers","floor":25,"turns":3},{"damage":0,"enemies":"Centurion and Healer","floor":28,"turns":4},{"damage":0,"enemies":"Book of Stabbing","floor":31,"turns":3},{"damage":25,"enemies":"Collector","floor":33,"turns":9},{"damage":0,"enemies":"3 Darklings","floor":35,"turns":6},{"damage":0,"enemies":"Orb Walker","floor":36,"turns":3},{"damage":0,"enemies":"3 Darklings","floor":37,"turns":4},{"damage":0,"enemies":"Mind Bloom Boss Battle","floor":39,"turns":4},{"damage":0,"enemies":"Giant Head","floor":40,"turns":6},{"damage":12,"enemies":"4 Shapes","floor":42,"turns":6},{"damage":0,"enemies":"Spire Growth","floor":44,"turns":5},{"damage":5,"enemies":"Reptomancer","floor":47,"turns":5},{"damage":13,"enemies":"Writhing Mass","floor":48,"turns":4},{"damage":35,"enemies":"Donu and Deca","floor":50,"turns":7}],"seed_played":"5046331797609538955","potions_obtained":[],"is_trial":false,"path_per_floor":["M","?","M","?","M","R","E","?","T","E","R","M","$","E","R","B",null,"M","M","M","?","?","E","R","E","T","$","M","R","?","E","R","B",null,"M","M","M","?","?","E","R","M","T","M","$","?","E","M","R","B",null],"character_chosen":"WATCHER","items_purchased":["ClockworkSouvenir","CutThroughFate","Meditate","Membership Card","Bronze Scales","Anchor","SandsOfTime+1","Pear","Fasting2","War Paint","TungstenRod","Panacea","Damaru","Letter Opener","Frozen Eye","Bird Faced Urn","Brilliance+1"],"campfire_rested":0,"item_purchase_floors":[13,13,13,27,27,27,27,27,45,45,45,45,45,45,45,45,45],"current_hp_per_floor":[63,63,57,50,50,50,28,28,28,28,28,28,28,28,28,12,53,53,53,49,33,33,32,32,12,12,22,30,30,30,38,38,35,51,56,56,56,56,56,56,56,44,44,52,52,52,53,42,42,23],"gold":49,"neow_bonus":"BOSS_RELIC","is_daily":false,"chose_seed":false,"campfire_upgraded":7,"win_rate":0.0,"timestamp":1608673246,"path_taken":["M","?","M","?","M","R","E","?","T","E","R","?","$","E","R","BOSS","M","?","M","?","?","E","R","E","T","$","M","R","?","E","R","BOSS","M","M","M","?","?","E","R","M","T","M","$","?","E","M","R","BOSS"],"items_purchased_type":["Relic","Card","Card","Relic","Relic","Relic","Card","Relic","Card","Relic","Relic","Card","Relic","Relic","Relic","Relic","Card"],"build_version":"2020-12-13","purchased_purges":1,"victory":true,"max_hp_per_floor":[72,67,67,67,67,67,67,67,67,67,67,67,67,67,67,67,67,67,67,67,67,46,46,46,46,46,56,56,56,56,56,56,56,56,56,56,56,56,56,56,56,56,56,56,56,56,56,56,56,56],"card_choices":[{"not_picked":["BowlingBash","Crescendo"],"picked":"Wallop","floor":1},{"not_picked":["PathToVictory","Prostrate"],"picked":"Conclude","floor":3},{"not_picked":["FlyingSleeves","Evaluate"],"picked":"SashWhip","floor":5},{"not_picked":["CrushJoints","FollowUp"],"picked":"FlurryOfBlows","floor":7},{"not_picked":["FollowUp","SignatureMove","WindmillStrike"],"picked":"SKIP","floor":10},{"not_picked":["SpiritShield","InnerPeace"],"picked":"FearNoEvil","floor":12},{"not_picked":["Indignation","CutThroughFate"],"picked":"BowlingBash","floor":14},{"not_picked":["SpiritShield","Judgement"],"picked":"Vault","floor":16},{"not_picked":["Evaluate","Protect","Perseverance"],"picked":"SKIP","floor":18},{"not_picked":["Crescendo","FearNoEvil","EmptyBody"],"picked":"SKIP","floor":19},{"not_picked":["Pray","InnerPeace"],"picked":"EmptyFist+1","floor":20},{"not_picked":["Nirvana","Crescendo"],"picked":"ThirdEye+1","floor":23},{"not_picked":["Evaluate","FlyingSleeves+1"],"picked":"FlurryOfBlows+1","floor":25},{"not_picked":["Consecrate+1","Prostrate","Protect+1"],"picked":"SKIP","floor":28},{"not_picked":["Meditate+1","BowlingBash+1"],"picked":"TalkToTheHand+1","floor":31},{"not_picked":[],"picked":"CrushJoints+1","floor":35},{"not_picked":["WaveOfTheHand"],"picked":"SKIP","floor":36},{"not_picked":["Sanctity"],"picked":"SKIP","floor":37},{"not_picked":[],"picked":"CarveReality+1","floor":40},{"not_picked":[],"picked":"CutThroughFate+1","floor":42},{"not_picked":["Protect+1"],"picked":"SKIP","floor":44},{"not_picked":["Consecrate+1"],"picked":"SKIP","floor":47},{"not_picked":[],"picked":"ThirdEye+1","floor":48}],"player_experience":1611110,"relics_obtained":[{"floor":7,"key":"HornCleat"},{"floor":9,"key":"Lizard Tail"},{"floor":10,"key":"Whetstone"},{"floor":14,"key":"Ornamental Fan"},{"floor":21,"key":"Enchiridion"},{"floor":23,"key":"The Courier"},{"floor":25,"key":"Molten Egg 2"},{"floor":26,"key":"Regal Pillow"},{"floor":31,"key":"Boot"},{"floor":39,"key":"CloakClasp"},{"floor":40,"key":"Pantograph"},{"floor":43,"key":"Pen Nib"},{"floor":47,"key":"Shovel"},{"floor":49,"key":"Mummified Hand"}],"event_choices":[{"damage_healed":0,"gold_gain":0,"player_choice":"Lose Max HP","damage_taken":0,"relics_obtained":["Golden Idol"],"max_hp_gain":0,"max_hp_loss":5,"event_name":"Golden Idol","floor":2,"gold_loss":0},{"damage_healed":0,"gold_gain":0,"player_choice":"Success","damage_taken":7,"relics_obtained":["StoneCalendar"],"max_hp_gain":0,"max_hp_loss":0,"event_name":"Scrap Ooze","floor":4,"gold_loss":0},{"cards_removed":["Strike_P"],"damage_healed":0,"gold_gain":0,"player_choice":"Offered Basic","damage_taken":0,"max_hp_gain":0,"max_hp_loss":0,"event_name":"Bonfire Elementals","floor":8,"gold_loss":0},{"damage_healed":0,"gold_gain":0,"player_choice":"Obtained Book","damage_taken":16,"max_hp_gain":0,"max_hp_loss":0,"event_name":"Cursed Tome","floor":21,"gold_loss":0},{"damage_healed":0,"gold_gain":0,"player_choice":"Became a vampire","damage_taken":0,"max_hp_gain":0,"max_hp_loss":21,"event_name":"Vampires","floor":22,"gold_loss":0,"cards_obtained":["Bite","Bite","Bite","Bite","Bite"]},{"damage_healed":0,"gold_gain":0,"player_choice":"Paid Fearfully","damage_taken":0,"max_hp_gain":0,"max_hp_loss":0,"event_name":"Masked Bandits","floor":30,"gold_loss":21},{"damage_healed":0,"gold_gain":333,"player_choice":"Gave Idol","damage_taken":0,"max_hp_gain":0,"max_hp_loss":0,"event_name":"The Moai Head","floor":38,"relics_lost":["Golden Idol"],"gold_loss":0},{"damage_healed":0,"gold_gain":0,"player_choice":"Fight","damage_taken":0,"max_hp_gain":0,"max_hp_loss":0,"event_name":"MindBloom","floor":39,"gold_loss":0},{"damage_healed":0,"gold_gain":0,"player_choice":"Paid","damage_taken":0,"relics_obtained":["Red Mask"],"max_hp_gain":0,"max_hp_loss":0,"event_name":"Tomb of Lord Red Mask","floor":46,"gold_loss":19}],"is_beta":false,"boss_relics":[{"not_picked":["Empty Cage","Black Star"],"picked":"SlaversCollar"},{"not_picked":["SacredBark","Runic Dome"],"picked":"Busted Crown"}],"items_purged_floors":[45],"is_endless":false,"potions_floor_spawned":[3,10,14,16,20,23,25,36,37,44,47],"ascension_level":11}}