{"host":"tvwbxqry54t86y0v","time":1608678633,"event":{"mods":["2.2 Compatiblity","A Magickal Journey","Astrologer","BaseMod","Beaked The Cultist","BetterRewards","Block Reminder","Clockwork Mod","Colored Powertips","DeckTracker","Downfall","GungeonMod","Hermit","Hubris","Infinite Spire","Ironclad Rager","Marked Mod","Mimic Mod","Minty Spire (QoL Compilation)","Potionbrewer","Replay The Spire","Shade Mod","Somnambulant","StSLib","The Bug Knight","The Cursed","The Druid","The Elementalist","The Exalted","The Forsaken","The Hierophant","The Jungle","The Marked","The Mystic","The Problem Sleuth","The Runesmith","The Senshi","The Spell Scribe","The Valiant","The Wild Card","TheFirefly","TheHeartMod","Unceasing Turn Reminder","thorton"],"gold_per_floor":[111,211,221,221,238,238,269,269,321,321,353,353,382,393,393,490,490,508,523,174,174,191,191,208,226,252,252,252],"floor_reached":27,"playtime":1082,"items_purged":[],"score":233,"play_id":"a67122c6-b263-4b87-9b13-679d467a773a","local_time":"20201223101033","is_ascension_mode":false,"campfire_choices":[{"data":"theMarked:RogueSparks","floor":6,"key":"SMITH"},{"data":"theMarked:Improvise","floor":8,"key":"SMITH"},{"floor":15,"key":"REST"},{"floor":23,"key":"REST"}],"circlet_count":0,"master_deck":["theMarked:Strike","theMarked:Strike","theMarked:Strike","theMarked:Strike","theMarked:Strike","theMarked:Defend","theMarked:Defend","theMarked:Defend","theMarked:Defend","theMarked:SoldierOfQuellstein","theMarked:RogueSparks+1","theMarked:Improvise+1","theMarked:ComboAttacks","theMarked:ParalyzingBlade","theMarked:ResourceFulStrike","theMarked:BindingBlade","theMarked:EnhancedHearing","theMarked:TakeOffHeels","theMarked:EnhancedHearing"],"relics":["theMarked:ArtifactOfAir","NeowsBlessing","ReplayTheSpireMod:Ring of Exchange","hubris:SlimyHat","Winged Necklace","DemoMod:WeirdEgg","hubris:TinFlute","Philosopher\u0027s Stone","Anchor","hubris:Towel","DemoMod:GlassGuonStoneRelic","Tiny Chest"],"acts_visited":["Exordium","TheCity"],"potions_floor_usage":[16,19,22,24,25],"damage_taken":[{"damage":0,"enemies":"Small Slimes","floor":1,"turns":1},{"damage":0,"enemies":"infinitespire:Voidling","floor":3,"turns":1},{"damage":0,"enemies":"2 Louse","floor":5,"turns":1},{"damage":10,"enemies":"Replay:BlueRogue","floor":7,"turns":4},{"damage":4,"enemies":"HollowMod:MossKnight","floor":11,"turns":5},{"damage":25,"enemies":"3 Sentries","floor":13,"turns":6},{"damage":2,"enemies":"2 Fungi Beasts","floor":14,"turns":4},{"damage":12,"enemies":"Hexaghost","floor":16,"turns":9},{"damage":25,"enemies":"2 Thieves","floor":18,"turns":4},{"damage":27,"enemies":"Cultist and Chosen","floor":19,"turns":6},{"damage":10,"enemies":"Snake Plant","floor":22,"turns":3},{"damage":14,"enemies":"3 Cultists","floor":24,"turns":5},{"damage":11,"enemies":"Snecko","floor":25,"turns":3},{"damage":8,"enemies":"Snake Plant","floor":27,"turns":1}],"seed_played":"-756062554887938746","potions_obtained":[{"floor":5,"key":"Languid Potion"},{"floor":7,"key":"Fire Potion"},{"floor":11,"key":"potionbrewer:CleansingPotion"},{"floor":13,"key":"DemoMod:LeadSkinPotion"},{"floor":18,"key":"SneckoOil"},{"floor":22,"key":"Energy Potion"},{"floor":24,"key":"Toxic Potion"}],"is_trial":false,"path_per_floor":["M","?","M","?","M","R","E","R","T","?","E","?","E","M","R","B",null,"M","M","$","?","M","R","M","M","T","M"],"character_chosen":"THE_DEFAULT","items_purchased":["Anchor","theMarked:EnhancedHearing","theMarked:TakeOffHeels"],"campfire_rested":2,"item_purchase_floors":[20,20,20],"current_hp_per_floor":[70,70,70,70,70,70,60,60,60,60,56,56,31,29,50,38,70,45,18,18,18,8,29,15,4,4,0,0],"gold":252,"neow_bonus":"THREE_ENEMY_KILL","is_daily":false,"chose_seed":false,"campfire_upgraded":2,"win_rate":0.0,"timestamp":1608678633,"path_taken":["M","?","?","?","M","R","E","R","T","?","E","?","E","M","R","BOSS","M","M","$","?","M","R","M","M","T","M"],"items_purchased_type":["Relic","Card","Card"],"build_version":"2020-12-13","purchased_purges":0,"victory":false,"max_hp_per_floor":[70,70,70,70,70,70,70,70,70,70,70,70,70,70,70,70,70,70,70,70,70,70,70,70,70,70,70,70],"card_choices":[{"not_picked":["theMarked:Aftermath","theMarked:ResourceFulStrike"],"picked":"theMarked:RogueSparks","floor":1},{"not_picked":["theMarked:GodGivenPower","theMarked:Panic","theMarked:ComboAttacks"],"picked":"SKIP","floor":3},{"not_picked":["theMarked:EnhanceMovement","theMarked:HeightenedSenses","theMarked:SwordAndMagic"],"picked":"SKIP","floor":5},{"not_picked":["theMarked:Polarize","theMarked:WastefulAttack"],"picked":"theMarked:Improvise","floor":7},{"not_picked":["theMarked:SwordAndMagic","theMarked:Frustration"],"picked":"theMarked:ComboAttacks","floor":11},{"not_picked":["theMarked:Polarize","theMarked:WastefulDefense"],"picked":"theMarked:ParalyzingBlade","floor":13},{"not_picked":["theMarked:Opportunist","theMarked:WardOff"],"picked":"theMarked:ResourceFulStrike","floor":14},{"not_picked":["theMarked:TurnInvisible","theMarked:Levitate"],"picked":"theMarked:BindingBlade","floor":16},{"not_picked":["theMarked:Improvise","theMarked:ChainLightning","theMarked:Parkour+1"],"picked":"SKIP","floor":18},{"not_picked":["theMarked:Aftermath","theMarked:WardOff+1","theMarked:ComboAttacks"],"picked":"SKIP","floor":19},{"not_picked":["theMarked:WardOff","theMarked:ResourceFulStrike"],"picked":"theMarked:EnhancedHearing","floor":22},{"not_picked":["theMarked:MaelstromOfLightning+1","theMarked:Parkour+1","theMarked:SwordAndMagic"],"picked":"SKIP","floor":24},{"not_picked":["theMarked:Static","theMarked:Aftermath","theMarked:WastefulAttack"],"picked":"SKIP","floor":25}],"player_experience":1064632,"relics_obtained":[{"floor":4,"key":"ReplayTheSpireMod:Ring of Exchange"},{"floor":7,"key":"hubris:SlimyHat"},{"floor":9,"key":"Winged Necklace"},{"floor":11,"key":"DemoMod:WeirdEgg"},{"floor":13,"key":"hubris:TinFlute"},{"floor":26,"key":"Tiny Chest"}],"event_choices":[{"damage_healed":0,"gold_gain":100,"player_choice":"Pray","damage_taken":0,"max_hp_gain":0,"max_hp_loss":0,"event_name":"Golden Shrine","floor":2,"gold_loss":0}],"is_beta":false,"boss_relics":[{"not_picked":["Velvet Choker","hubris:VirtuousBlindfold"],"picked":"Philosopher\u0027s Stone"}],"items_purged_floors":[],"is_endless":false,"potions_floor_spawned":[5,7,11,13,18,22,24],"killed_by":"Snake Plant","ascension_level":0}}