{"host":"1tl36azeqm6yhdgj","time":1608598855,"event":{"mods":["AchievementEnabler","BaseMod","Minty Spire (QoL Compilation)","StSLib","The IronCluck","everything is the same but u backflip on backflip"],"gold_per_floor":[115,115,115,125,141,141,159,193,193,193,213,213,213,229,229,307,357,371,371,386,400,400,400],"floor_reached":22,"playtime":1179,"items_purged":[],"score":338,"play_id":"938a81ed-16d2-4b51-905e-b4daedb845ee","local_time":"20201221200055","is_ascension_mode":true,"campfire_choices":[{"data":"Fiend Fire","floor":6.0,"key":"SMITH"},{"data":"Clash","floor":13.0,"key":"SMITH"},{"data":"Disarm","floor":15.0,"key":"SMITH"}],"circlet_count":0,"master_deck":["AscendersBane","Strike_R","Strike_R","Strike_R","Defend_R","Defend_R","Defend_R","Bash+1","Clash+1","Fiend Fire+1","Evolve","Feel No Pain","Warcry","Bludgeon+1","Flex+1","Disarm+1","Immolate","Cleave","Rampage","Rupture+1","Metallicize+1","Seeing Red"],"relics":["Burning Blood","The Courier","Frozen Egg 2","Tiny House"],"acts_visited":["Exordium","TheCity"],"potions_floor_usage":[16,21,22],"damage_taken":[{"damage":8.0,"enemies":"Small Slimes","floor":1.0,"turns":4.0},{"damage":0.0,"enemies":"Cultist","floor":4.0,"turns":2.0},{"damage":12.0,"enemies":"Jaw Worm","floor":5.0,"turns":3.0},{"damage":0.0,"enemies":"Gremlin Gang","floor":7.0,"turns":9.0},{"damage":20.0,"enemies":"3 Sentries","floor":8.0,"turns":8.0},{"damage":7.0,"enemies":"Large Slime","floor":11.0,"turns":3.0},{"damage":10.0,"enemies":"2 Fungi Beasts","floor":14.0,"turns":3.0},{"damage":27,"enemies":"Hexaghost","floor":16,"turns":9},{"damage":23,"enemies":"Spheric Guardian","floor":18,"turns":5},{"damage":8,"enemies":"Chosen","floor":20,"turns":6},{"damage":46,"enemies":"3 Cultists","floor":21,"turns":5},{"damage":12,"enemies":"Sentry and Sphere","floor":22,"turns":3}],"seed_played":"-8890681615474977138","potions_obtained":[{"floor":4.0,"key":"Strength Potion"},{"floor":5.0,"key":"ColorlessPotion"},{"floor":7.0,"key":"Dexterity Potion"},{"floor":8.0,"key":"FearPotion"},{"floor":17,"key":"SteroidPotion"},{"floor":21,"key":"LiquidBronze"}],"is_trial":false,"path_per_floor":["M","?","?","M","M","R","M","E","T","?","M","?","R","M","R","B",null,"M","?","M","M","M"],"character_chosen":"IRONCLAD","items_purchased":[],"campfire_rested":0,"item_purchase_floors":[],"current_hp_per_floor":[66,66,66,72,66,66,72,58,58,58,57,52,52,48,48,27,68,51,51,49,9,0,0],"gold":400,"neow_bonus":"UPGRADE_CARD","is_daily":false,"chose_seed":false,"campfire_upgraded":3,"win_rate":0.0,"timestamp":1608598855,"path_taken":["M","?","?","M","M","R","?","E","T","?","?","?","R","M","R","BOSS","M","?","M","?","M"],"items_purchased_type":[],"build_version":"2020-12-13","purchased_purges":0,"victory":false,"max_hp_per_floor":[75,75,75,75,75,75,75,75,75,75,75,75,75,75,75,75,80,80,80,80,80,80,80],"card_choices":[{"not_picked":["Heavy Blade","Sword Boomerang"],"picked":"Clash","floor":1.0},{"not_picked":["Headbutt","Heavy Blade"],"picked":"Evolve","floor":4.0},{"not_picked":["Rampage","Heavy Blade"],"picked":"Feel No Pain","floor":5.0},{"not_picked":["Heavy Blade","Perfected Strike"],"picked":"Warcry","floor":7.0},{"not_picked":["Shrug It Off","Blood for Blood"],"picked":"Bludgeon","floor":8.0},{"not_picked":["Body Slam","Wild Strike"],"picked":"Flex","floor":11.0},{"not_picked":["Pommel Strike","Shrug It Off"],"picked":"Disarm","floor":14.0},{"not_picked":["Fiend Fire","Berserk+1"],"picked":"Immolate","floor":16},{"not_picked":["Perfected Strike","Uppercut"],"picked":"Cleave","floor":17},{"not_picked":["Warcry","Cleave"],"picked":"Rampage","floor":18},{"not_picked":["Rampage","Flex"],"picked":"Metallicize+1","floor":20},{"not_picked":["Power Through","Headbutt"],"picked":"Seeing Red","floor":21}],"player_experience":1973506,"relics_obtained":[{"floor":8.0,"key":"The Courier"}],"event_choices":[{"damage_healed":0.0,"max_hp_gain":0.0,"max_hp_loss":0.0,"gold_gain":0.0,"cards_transformed":["Strike_R"],"event_name":"Living Wall","player_choice":"Change","floor":2.0,"gold_loss":0.0,"damage_taken":0.0,"cards_obtained":["Fiend Fire"]},{"cards_removed":["Defend_R"],"damage_healed":0.0,"max_hp_gain":0.0,"max_hp_loss":0.0,"gold_gain":0.0,"event_name":"Wheel of Change","player_choice":"Card Removal","floor":3.0,"gold_loss":0.0,"damage_taken":0.0},{"damage_healed":0.0,"max_hp_gain":0.0,"max_hp_loss":0.0,"gold_gain":0.0,"event_name":"Upgrade Shrine","player_choice":"Upgraded","floor":10.0,"gold_loss":0.0,"damage_taken":0.0,"cards_upgraded":["Bludgeon"]},{"damage_healed":0.0,"max_hp_gain":0.0,"max_hp_loss":0.0,"gold_gain":0.0,"event_name":"Scrap Ooze","player_choice":"Success","floor":12.0,"gold_loss":0.0,"damage_taken":5.0,"relics_obtained":["Frozen Egg 2"]},{"damage_healed":0,"gold_gain":0,"cards_transformed":["Strike_R"],"player_choice":"Transformed","damage_taken":0,"max_hp_gain":0,"max_hp_loss":0,"event_name":"Transmorgrifier","floor":19,"gold_loss":0,"cards_obtained":["Rupture"]}],"is_beta":false,"boss_relics":[{"not_picked":["SacredBark","Snecko Eye"],"picked":"Tiny House"}],"items_purged_floors":[],"is_endless":false,"potions_floor_spawned":[4,5,7,8,21],"killed_by":"Sentry and Sphere","ascension_level":16}}