{"host":"ljnkpwbnfujn5lym","time":1608598444,"event":{"mods":["Bard","BaseMod","Better Note","Colored Map","Colored Powertips","Exacting","Googly Eyes","Highlight Path","Infinite Spire","Minty Spire (QoL Compilation)","Permanent Neow","Quick Restart","Relic Sorter","Relic Stats","Replay The Spire","StSLib","The IronCluck","slay the spire mod where everything is the same but ironclad has a cowboy hat"],"gold_per_floor":[114,114,74,123,157,157,195,195,195,214,233,271,271,290,290,415,415,434,259,259,259,278,336,336,355,405,424,462,462,462,481,481,606,606,625,900,938,957,995,995,995],"floor_reached":40,"playtime":2066,"items_purged":["Strike_R"],"score":546,"play_id":"c304d135-57b8-4ad2-afdd-80d2063a296a","local_time":"20201221185404","daily_mods":["Allstar","Diverse","DeadlyEvents"],"is_ascension_mode":false,"campfire_choices":[{"data":"Reprogram","floor":6.0,"key":"SMITH"},{"data":"Bash","floor":8.0,"key":"SMITH"},{"data":"Sunder","floor":13.0,"key":"SMITH"},{"data":"Go for the Eyes","floor":15.0,"key":"SMITH"},{"data":"Heavy Blade","floor":24.0,"key":"SMITH"},{"data":"Adrenaline","floor":29.0,"key":"SMITH"},{"data":"ThirdEye","floor":32.0,"key":"SMITH"}],"circlet_count":0,"master_deck":["Strike_R","Strike_R","Strike_R","Strike_R","Defend_R+1","Defend_R+1","Defend_R","Defend_R+1","Bash+1","Swift Strike+1","Finesse","Specialist+1","ReplayTheSpireMod:Necrogeddon","Secret Technique","Sunder+1","ThirdEye+1","Reprogram+1","Go for the Eyes+1","Twin Strike","Die Die Die","Adrenaline+1","Heavy Blade+1","CommonCold","Rip and Tear+1","bard:Fermata+1","Normality","Decay","LessonLearned","Regret"],"relics":["Burning Blood","Golden Idol","CaptainsWheel","Self Forming Clay","WingedGreaves","Cursed Key","ReplayTheSpireMod:CursedCoin","Iron Hammer","Strawberry","War Paint","infinitespire:PuzzleCube","Pear","SlaversCollar","Oddly Smooth Stone","infinitespire:Golems Mask","Lizard Tail","Lizard Tail"],"acts_visited":["Exordium","TheCity","TheBeyond"],"potions_floor_usage":[],"damage_taken":[{"damage":1.0,"enemies":"Jaw Worm","floor":1.0,"turns":3.0},{"damage":0.0,"enemies":"2 Louse","floor":4.0,"turns":3.0},{"damage":0.0,"enemies":"Cultist","floor":5.0,"turns":3.0},{"damage":9.0,"enemies":"Lagavulin","floor":7.0,"turns":7.0},{"damage":6.0,"enemies":"2 Fungi Beasts","floor":10.0,"turns":4.0},{"damage":3.0,"enemies":"3 Louse","floor":11.0,"turns":3.0},{"damage":20.0,"enemies":"3 Sentries","floor":12.0,"turns":8.0},{"damage":3.0,"enemies":"Looter","floor":14.0,"turns":2.0},{"damage":33.0,"enemies":"Hexaghost","floor":16.0,"turns":6.0},{"damage":1.0,"enemies":"Shell Parasite","floor":18.0,"turns":4.0},{"damage":0.0,"enemies":"3 Byrds","floor":22.0,"turns":6.0},{"damage":17.0,"enemies":"Slavers","floor":23.0,"turns":3.0},{"damage":9.0,"enemies":"Centurion and Healer","floor":25.0,"turns":3.0},{"damage":0.0,"enemies":"Snake Plant","floor":27.0,"turns":3.0},{"damage":0.0,"enemies":"Gremlin Leader","floor":28.0,"turns":6.0},{"damage":4.0,"enemies":"Sentry and Sphere","floor":31.0,"turns":4.0},{"damage":28.0,"enemies":"Champ","floor":33.0,"turns":10.0},{"damage":15.0,"enemies":"Orb Walker","floor":35.0,"turns":4.0},{"damage":36.0,"enemies":"R_Hoarder","floor":37.0,"turns":9.0},{"damage":13.0,"enemies":"3 Shapes","floor":38.0,"turns":7.0},{"damage":39.0,"enemies":"Nemesis","floor":39.0,"turns":7.0},{"damage":90,"enemies":"Giant Head","floor":40,"turns":9}],"seed_played":"-7682526130134428503","potions_obtained":[{"floor":3.0,"key":"Weak Potion"},{"floor":3.0,"key":"Milkshake"},{"floor":3.0,"key":"SneckoOil"},{"floor":4.0,"key":"Death Potion"},{"floor":5.0,"key":"LiquidBronze"},{"floor":22.0,"key":"Swift Potion"},{"floor":23.0,"key":"Strength Potion"},{"floor":39.0,"key":"Reflective Coating"}],"is_trial":false,"path_per_floor":["M","?","?","M","M","R","E","R","T","M","M","E","R","M","R","B",null,"M","$","?","?","M","E","R","M","T","M","E","R","T","M","R","B",null,"M","?","E","M","E","E"],"character_chosen":"IRONCLAD","items_purchased":["ReplayTheSpireMod:CursedCoin","Iron Hammer"],"campfire_rested":0,"item_purchase_floors":[19,19],"current_hp_per_floor":[80,74,74,74,74,74,71,71,71,71,74,60,60,63,63,36,74,74,74,74,74,74,70,70,67,67,73,79,79,89,91,91,69,91,82,82,52,45,12,0,0],"gold":995,"neow_bonus":"","is_daily":true,"chose_seed":false,"campfire_upgraded":7,"win_rate":0.0,"timestamp":1608598444,"path_taken":["M","?","?","M","M","R","E","R","T","M","M","?","R","M","R","BOSS","M","$","?","?","M","E","R","?","T","M","E","R","?","M","R","BOSS","M","?","?","?","?","E"],"items_purchased_type":["Relic","Relic"],"build_version":"2020-12-13","purchased_purges":1,"victory":false,"max_hp_per_floor":[80,74,74,74,74,74,74,74,74,74,74,74,74,74,74,74,74,74,74,74,74,74,81,81,81,81,81,81,81,91,91,91,91,91,91,91,91,91,91,91,91],"relic_stats":{"Lizard Tail":45,"counters":[22,114],"Golden Idol":150,"Self Forming Clay":[123],"War Paint":["Defend_R","Defend_R"],"Cursed Key":2,"obtain_stats":[{"Pear":30,"Golden Idol":2,"Self Forming Clay":9,"ReplayTheSpireMod:CursedCoin":19,"Oddly Smooth Stone":37,"War Paint":26,"Cursed Key":17,"Burning Blood":0,"SlaversCollar":34,"CaptainsWheel":7,"Lizard Tail":40,"Strawberry":23,"infinitespire:Golems Mask":39,"WingedGreaves":12,"Iron Hammer":19,"infinitespire:PuzzleCube":28},{"Pear":15,"Golden Idol":1,"Self Forming Clay":4,"ReplayTheSpireMod:CursedCoin":10,"Oddly Smooth Stone":19,"War Paint":13,"Cursed Key":9,"Burning Blood":0,"SlaversCollar":17,"CaptainsWheel":4,"Lizard Tail":22,"Strawberry":12,"infinitespire:Golems Mask":21,"WingedGreaves":7,"Iron Hammer":10,"infinitespire:PuzzleCube":15},{"Pear":64,"Golden Idol":3,"Self Forming Clay":16,"ReplayTheSpireMod:CursedCoin":43,"Oddly Smooth Stone":91,"War Paint":55,"Cursed Key":39,"Burning Blood":0,"SlaversCollar":78,"CaptainsWheel":16,"Lizard Tail":111,"Strawberry":52,"infinitespire:Golems Mask":105,"WingedGreaves":31,"Iron Hammer":43,"infinitespire:PuzzleCube":64}],"Burning Blood":98},"card_choices":[{"not_picked":["Masterful Stab","Coolheaded"],"picked":"Sunder","floor":1.0},{"not_picked":["bard:ViciousMockery","Replay:Vibes"],"picked":"ThirdEye","floor":4.0},{"not_picked":["bard:PhantasmalForce","FTL"],"picked":"Reprogram","floor":5.0},{"not_picked":["Pommel Strike","BasicCrystalCard"],"picked":"Go for the Eyes","floor":7.0},{"not_picked":["Clash","Compile Driver","Cold Snap"],"picked":"SKIP","floor":10.0},{"not_picked":["Turbo","Compile Driver"],"picked":"Twin Strike","floor":11.0},{"not_picked":["Consecrate","Recycle"],"picked":"Die Die Die","floor":12.0},{"not_picked":["Catalyst","Clothesline","Blood for Blood"],"picked":"SKIP","floor":14.0},{"not_picked":["Offering","bard:ReverseGravity"],"picked":"Adrenaline","floor":16.0},{"not_picked":["Weave","Deadly Poison+1"],"picked":"Heavy Blade","floor":18.0},{"not_picked":["ReplayTheSpireMod:Exploit Weakness","bard:QuickSong"],"picked":"Rip and Tear+1","floor":22.0},{"not_picked":["Acrobatics","Reflex+1","bard:OffKey"],"picked":"SKIP","floor":23.0},{"not_picked":["bard:ReverseGravity","Replay:Anticipation"],"picked":"bard:Fermata+1","floor":25.0},{"not_picked":["Anger","Consecrate","Collect"],"picked":"SKIP","floor":27.0},{"not_picked":["bard:Thunderwave","bard:BucklerBash+1","Go for the Eyes"],"picked":"SKIP","floor":28.0},{"not_picked":["Seeing Red","Adaptation","Replay:Poison Smokescreen"],"picked":"SKIP","floor":31.0},{"not_picked":["Machine Learning","Tools of the Trade"],"picked":"LessonLearned","floor":33.0},{"not_picked":["Acrobatics","Intimidate","Beam Cell+1"],"picked":"SKIP","floor":35.0},{"not_picked":["Hemogenesis","LikeWater+1","FIFO Queue"],"picked":"SKIP","floor":37.0},{"not_picked":["bard:Shout+1","Flying Knee+1","Beam Cell"],"picked":"SKIP","floor":38.0},{"not_picked":["Setup+1","Replay:AtTheReady","bard:Accelerando"],"picked":"SKIP","floor":39.0}],"player_experience":625721,"relics_obtained":[{"floor":7.0,"key":"CaptainsWheel"},{"floor":9.0,"key":"Self Forming Clay"},{"floor":12.0,"key":"WingedGreaves"},{"floor":23.0,"key":"Strawberry"},{"floor":26.0,"key":"War Paint"},{"floor":28.0,"key":"infinitespire:PuzzleCube"},{"floor":30.0,"key":"Pear"},{"floor":37.0,"key":"Oddly Smooth Stone"},{"floor":39.0,"key":"infinitespire:Golems Mask"}],"event_choices":[{"damage_healed":0.0,"max_hp_gain":0.0,"max_hp_loss":6.0,"gold_gain":0.0,"event_name":"Golden Idol","player_choice":"Lose Max HP","floor":2.0,"gold_loss":0.0,"damage_taken":0.0,"relics_obtained":["Golden Idol"]},{"damage_healed":0.0,"max_hp_gain":0.0,"max_hp_loss":0.0,"gold_gain":0.0,"event_name":"The Woman in Blue","player_choice":"Bought 3 Potions","floor":3.0,"gold_loss":0.0,"damage_taken":0.0},{"damage_healed":0.0,"max_hp_gain":0.0,"max_hp_loss":0.0,"gold_gain":0.0,"event_name":"Cursed Tome","player_choice":"Ignored","floor":21.0,"gold_loss":0.0,"damage_taken":0.0},{"damage_healed":0.0,"max_hp_gain":0.0,"max_hp_loss":0.0,"gold_gain":275.0,"event_name":"Golden Shrine","player_choice":"Desecrate","floor":36.0,"gold_loss":0.0,"damage_taken":0.0,"cards_obtained":["Regret"]}],"is_beta":false,"boss_relics":[{"not_picked":["Replay:Drink Me","Black Blood"],"picked":"Cursed Key"},{"not_picked":["Astrolabe","Snecko Heart"],"picked":"SlaversCollar"}],"items_purged_floors":[19],"is_endless":false,"potions_floor_spawned":[4,5,7,10,22,23,27,39],"killed_by":"Giant Head","ascension_level":0}}