{"host":"08sn1703g14rasc1","time":1608627484,"event":{"mods":["AchievementEnabler","BaseMod","Colored Map","Colored Powertips","Hermit","Minty Spire (QoL Compilation)","StSLib"],"gold_per_floor":[115,115,20,20,95,95,112,112,165,193,193,249,249,24,24,120,120,140,239,254,254,254,279,299,299,299],"floor_reached":25,"playtime":1182,"items_purged":["Strike_P"],"score":324,"play_id":"74b2ed60-d202-4226-8a42-ca1bc3e0e061","local_time":"20201222005804","is_ascension_mode":true,"campfire_choices":[{"floor":6,"key":"REST"},{"data":"Eruption","floor":8,"key":"SMITH"},{"data":"WaveOfTheHand","floor":11,"key":"SMITH"},{"floor":15,"key":"REST"}],"circlet_count":0,"master_deck":["Strike_P+1","Strike_P+1","Defend_P","Defend_P","Defend_P","Defend_P","Eruption+1","Vigilance","PathToVictory","MentalFortress","Flash of Steel","Halt","WaveOfTheHand+1","ForeignInfluence","FollowUp","Alpha","Consecrate","FlurryOfBlows+1","Decay","Scrawl","Perseverance+1"],"relics":["PureWater","NeowsBlessing","Bag of Preparation","Mummified Hand","Lantern","Membership Card","Black Star","Yang","HornCleat","Sundial"],"acts_visited":["Exordium","TheCity"],"potions_floor_usage":[23,24],"damage_taken":[{"damage":0,"enemies":"Cultist","floor":1,"turns":1},{"damage":0,"enemies":"Jaw Worm","floor":7,"turns":1},{"damage":0,"enemies":"Gremlin Nob","floor":10,"turns":1},{"damage":44,"enemies":"Lagavulin Event","floor":12,"turns":8},{"damage":12,"enemies":"Slime Boss","floor":16,"turns":9},{"damage":6,"enemies":"Chosen","floor":18,"turns":5},{"damage":9,"enemies":"3 Byrds","floor":20,"turns":5},{"damage":42,"enemies":"Slavers","floor":23,"turns":4},{"damage":0,"enemies":"Sentry and Sphere","floor":24,"turns":3},{"damage":10,"enemies":"Gremlin Leader","floor":25,"turns":2}],"seed_played":"4006747989566093660","potions_obtained":[{"floor":10,"key":"LiquidMemories"},{"floor":24,"key":"FearPotion"}],"is_trial":false,"path_per_floor":["M","?","$","?","?","R","M","R","T","E","R","?","?","$","R","B",null,"M","?","M","T","?","E","M","E"],"character_chosen":"WATCHER","items_purchased":["Flash of Steel","Membership Card","FollowUp","Energy Potion"],"campfire_rested":2,"item_purchase_floors":[3,14,14,14],"current_hp_per_floor":[65,65,65,51,40,61,61,61,61,61,61,17,41,41,62,50,67,61,61,52,52,52,10,10,0,0],"gold":299,"neow_bonus":"THREE_ENEMY_KILL","is_daily":false,"chose_seed":false,"campfire_upgraded":2,"win_rate":0.0,"timestamp":1608627484,"path_taken":["M","?","$","?","?","R","?","R","T","E","R","?","?","?","R","BOSS","M","?","M","?","?","E","?","E"],"items_purchased_type":["Card","Relic","Card","Potion"],"build_version":"2020-12-13","purchased_purges":1,"victory":false,"max_hp_per_floor":[72,72,72,72,72,72,72,72,72,72,72,72,72,72,72,72,72,72,72,72,72,72,72,72,72,72],"card_choices":[{"not_picked":["EmptyFist","Crescendo"],"picked":"PathToVictory","floor":1},{"not_picked":["CrushJoints","Protect"],"picked":"Halt","floor":7},{"not_picked":["FlurryOfBlows","CarveReality"],"picked":"WaveOfTheHand","floor":10},{"not_picked":["ThirdEye","FlyingSleeves"],"picked":"ForeignInfluence","floor":12},{"not_picked":["Establishment","Omniscience"],"picked":"Alpha","floor":16},{"not_picked":["Evaluate","SandsOfTime+1"],"picked":"Consecrate","floor":18},{"not_picked":["Conclude","EmptyBody"],"picked":"FlurryOfBlows+1","floor":20},{"not_picked":["Study","SashWhip+1"],"picked":"Scrawl","floor":23},{"not_picked":["Indignation","SignatureMove"],"picked":"Perseverance+1","floor":24}],"player_experience":427867,"relics_obtained":[{"floor":9,"key":"Bag of Preparation"},{"floor":10,"key":"Mummified Hand"},{"floor":12,"key":"Lantern"},{"floor":21,"key":"Yang"},{"floor":23,"key":"HornCleat"},{"floor":23,"key":"Sundial"}],"event_choices":[{"damage_healed":0,"gold_gain":0,"cards_transformed":["Strike_P"],"player_choice":"Change","damage_taken":0,"max_hp_gain":0,"max_hp_loss":0,"event_name":"Living Wall","floor":2,"gold_loss":0,"cards_obtained":["MentalFortress"]},{"damage_healed":0,"gold_gain":0,"player_choice":"Entered Light","damage_taken":14,"max_hp_gain":0,"max_hp_loss":0,"event_name":"Shining Light","floor":4,"gold_loss":0,"cards_upgraded":["Strike_P","Strike_P"]},{"damage_healed":0,"gold_gain":75,"player_choice":"Gather Gold","damage_taken":11,"max_hp_gain":0,"max_hp_loss":0,"event_name":"World of Goop","floor":5,"gold_loss":0},{"damage_healed":0,"gold_gain":30,"player_choice":"Searched \u00273\u0027 times","damage_taken":0,"max_hp_gain":0,"max_hp_loss":0,"event_name":"Dead Adventurer","floor":12,"gold_loss":0},{"damage_healed":24,"gold_gain":0,"player_choice":"Banana","damage_taken":0,"max_hp_gain":0,"max_hp_loss":0,"event_name":"Big Fish","floor":13,"gold_loss":0},{"damage_healed":0,"gold_gain":99,"player_choice":"Stole From Cult","damage_taken":0,"max_hp_gain":0,"max_hp_loss":0,"event_name":"Nest","floor":19,"gold_loss":0},{"damage_healed":0,"gold_gain":0,"player_choice":"Cursed","damage_taken":0,"max_hp_gain":0,"max_hp_loss":0,"event_name":"Wheel of Change","floor":22,"gold_loss":0,"cards_obtained":["Decay"]}],"is_beta":false,"boss_relics":[{"not_picked":["Busted Crown","Velvet Choker"],"picked":"Black Star"}],"items_purged_floors":[14],"is_endless":false,"potions_floor_spawned":[10,24],"killed_by":"Gremlin Leader","ascension_level":7}}