{"host":"or7h59boalwd0rey","time":1608643836,"event":{"mods":["ATMod(°¢èªMod)","Act Like it!","BaseMod","Colored Powertips","Downfall","Gensokyo","Minty Spire (QoL Compilation)","Relic Stats","Replay The Spire","RumiaBox-Â¶Ã×æ«µÄÉñÃØºÐ×Ó","StSLib","vexMod","¡¾ÒÅÎï¿¨ÅÆ¡¿REMEMod"],"gold_per_floor":[115,131,131,131,210,210,221,221,247,247,247,10,37,48,48,96,96,346,346,362,118,138,88,438,438,456,456,456,456,456],"floor_reached":29,"playtime":1030,"items_purged":[],"score":219,"play_id":"8bc417f4-e5ad-4cb2-bbb4-edd2a088cf8d","local_time":"20201222213036","is_ascension_mode":false,"campfire_choices":[{"data":"Gensokyo:CrescentMoonSlash","floor":6,"key":"SMITH"},{"floor":17,"key":"REST"},{"data":"Adrenaline","floor":25,"key":"SMITH"},{"floor":27,"key":"REST"}],"circlet_count":0,"master_deck":["Strike_G","Strike_G","Strike_G","Strike_G","Strike_G","Defend_G","Defend_G","Defend_G","Survivor","Neutralize","AT_Dispersion","expansioncontent:Corrupt","Deadly Poison","Replay:Poison Smokescreen","Gensokyo:CrescentMoonSlash+1","Gensokyo:RustyChest","Prepared+1","AT_ThistleTea","Adrenaline+1","REME_GrazeFinale","Acrobatics+1","Noxious Fumes","expansioncontent:ManipulateTime","REME_GreenPollution","CommonCold","CommonCold","Injury","Poisoned Stab"],"relics":["REME_ComplimentaryCards","AT_ATBox","EasyGame_NEW","AT_ImmortalShieldbow","Gensokyo:NagashiBinaDoll","Ancient Tea Set","AT_BellowingDragoncrestRing","Centennial Puzzle","MealTicket","AT_BellDemon","Replay:Drink Me","Replay:Wax Seal","Ring of Greed","Golden Idol","Old Coin","Ring of Fury","ReplayTheSpireMod:Lightbulb"],"acts_visited":["Exordium","Gensokyo:Gensokyo"],"potions_floor_usage":[22],"damage_taken":[{"damage":0,"enemies":"Gensokyo:Gryphon","floor":1,"turns":4},{"damage":3,"enemies":"Gensokyo:Python","floor":2,"turns":4},{"damage":0,"enemies":"Gensokyo:2_Kodama","floor":7,"turns":3},{"damage":18,"enemies":"Gensokyo:Cirno","floor":13,"turns":5},{"damage":9,"enemies":"Gensokyo:VengefulSpirit","floor":14,"turns":5},{"damage":26,"enemies":"Gensokyo:Kokoro","floor":18,"turns":9},{"damage":0,"enemies":"Gensokyo:CosmicMonolith","floor":20,"turns":3},{"damage":16,"enemies":"Gensokyo:3_Dogs","floor":22,"turns":3},{"damage":39,"enemies":"Gensokyo:Slime_Group","floor":26,"turns":3},{"damage":48,"enemies":"Gensokyo:3_Gloops","floor":29,"turns":5}],"seed_played":"3829043903295544080","potions_obtained":[{"floor":13,"key":"GamblersBrew"},{"floor":14,"key":"Adrenaline Potion"},{"floor":18,"key":"Venom Potion"}],"is_trial":false,"path_per_floor":["M","M","?","?","T","R","M","?","T","PTL","PTL","COS","E","M","?","T","R","B",null,"M","$","M","?","?","R","M","R","T","M"],"character_chosen":"THE_SILENT","items_purchased":["Noxious Fumes","Replay:Wax Seal","expansioncontent:ManipulateTime"],"campfire_rested":2,"item_purchase_floors":[21,21,21],"current_hp_per_floor":[70,67,67,60,60,60,60,60,60,60,60,60,42,33,33,33,54,28,53,53,53,37,44,44,44,28,46,46,0,0],"gold":456,"neow_bonus":"BOSS_RELIC","is_daily":false,"chose_seed":false,"campfire_upgraded":2,"win_rate":0.0,"timestamp":1608643836,"path_taken":["M","M","?","?","?","R","?","?","T","PTL","PTL","COS","E","M","?","?","R","BOSS","M","$","M","?","?","R","M","R","T","M"],"items_purchased_type":["Card","Relic","Card"],"build_version":"2020-12-13","purchased_purges":0,"victory":false,"max_hp_per_floor":[70,70,70,70,70,70,70,70,70,70,70,70,70,70,70,70,70,70,53,53,53,53,60,60,60,60,60,60,60,60],"relic_stats":{"Centennial Puzzle":[12],"counters":[10,44],"Golden Idol":4,"MealTicket":0,"obtain_stats":[{"AT_BellDemon":18,"AT_ATBox":0,"Golden Idol":24,"Gensokyo:NagashiBinaDoll":8,"Ring of Greed":24,"Ancient Tea Set":9,"Old Coin":24,"AT_ImmortalShieldbow":5,"Centennial Puzzle":15,"AT_BellowingDragoncrestRing":13,"MealTicket":16,"Ring of Fury":24,"Replay:Wax Seal":21,"Replay:Drink Me":19,"ReplayTheSpireMod:Lightbulb":28,"EasyGame_NEW":0,"Ring of the Snake":0,"REME_ComplimentaryCards":0},{"AT_BellDemon":6,"AT_ATBox":0,"Golden Idol":8,"Gensokyo:NagashiBinaDoll":3,"Ring of Greed":8,"Ancient Tea Set":3,"Old Coin":8,"AT_ImmortalShieldbow":2,"Centennial Puzzle":5,"AT_BellowingDragoncrestRing":4,"MealTicket":5,"Ring of Fury":8,"Replay:Wax Seal":7,"Replay:Drink Me":6,"ReplayTheSpireMod:Lightbulb":9,"EasyGame_NEW":0,"Ring of the Snake":0,"REME_ComplimentaryCards":0},{"AT_BellDemon":23,"AT_ATBox":0,"Golden Idol":36,"Gensokyo:NagashiBinaDoll":11,"Ring of Greed":36,"Ancient Tea Set":11,"Old Coin":36,"AT_ImmortalShieldbow":8,"Centennial Puzzle":21,"AT_BellowingDragoncrestRing":16,"MealTicket":21,"Ring of Fury":36,"Replay:Wax Seal":33,"Replay:Drink Me":30,"ReplayTheSpireMod:Lightbulb":39,"EasyGame_NEW":0,"Ring of the Snake":0,"REME_ComplimentaryCards":0}]},"card_choices":[{"not_picked":["Riddle With Holes","Sucker Punch"],"picked":"Deadly Poison","floor":1},{"not_picked":["Infinite Blades","Distraction"],"picked":"Replay:Poison Smokescreen","floor":2},{"not_picked":["Predator","PiercingWail","Slice"],"picked":"SKIP","floor":7},{"not_picked":["Crippling Poison+1","Riddle With Holes+1"],"picked":"Prepared+1","floor":13},{"not_picked":["Hidden Blade","A Thousand Cuts","Dagger Spray"],"picked":"SKIP","floor":13},{"not_picked":["Quick Slash","Blade Dance"],"picked":"AT_ThistleTea","floor":14},{"not_picked":["Malaise","Atom Bomb"],"picked":"Adrenaline","floor":18},{"not_picked":["After Image","Storm of Steel"],"picked":"REME_GrazeFinale","floor":18},{"not_picked":["Underhanded Strike+1","Well Laid Plans+1"],"picked":"Acrobatics+1","floor":20},{"not_picked":["Deflect","Acrobatics"],"picked":"REME_GreenPollution","floor":22},{"not_picked":["Hidden Blade","Acrobatics+1"],"picked":"Poisoned Stab","floor":26}],"player_experience":62233,"relics_obtained":[{"floor":5,"key":"AT_ImmortalShieldbow"},{"floor":9,"key":"Ancient Tea Set"},{"floor":13,"key":"AT_BellowingDragoncrestRing"},{"floor":16,"key":"MealTicket"},{"floor":24,"key":"Ring of Greed"},{"floor":24,"key":"Golden Idol"},{"floor":24,"key":"Old Coin"},{"floor":24,"key":"Ring of Fury"},{"floor":28,"key":"ReplayTheSpireMod:Lightbulb"}],"event_choices":[],"is_beta":false,"boss_relics":[{"not_picked":["Snecko Eye","Snecko Scales"],"picked":"Replay:Drink Me"}],"items_purged_floors":[],"is_endless":false,"potions_floor_spawned":[13,14,18],"killed_by":"Gensokyo:3_Gloops","ascension_level":0}}