{"host":"njruw0b0uprlitpx","time":1608622565,"event":{"mods":["2.2 Compatiblity","Astrologer","Bartender","BaseMod","Better Altar","Better Match","Better Note","Better Sensory Stone","Better Skull","Better Third Choice","BetterRewards","Block Reminder","Colored Map","Colored Powertips","Jedi Mod","Keyboard Shortcuts","Magitek Elite","Minty Spire (QoL Compilation)","Quick Restart","Relic Stats","Replay The Spire","SacredBarkPlus","Spicy Shops","StSLib","SuperFastMode","The Bug Knight","The Mystic"],"gold_per_floor":[119,119,184,7,62,62,92,92,92,92,104,116,146,146,146,249,249,267,287,487,21,34,34,64,64,91,108,137,137,28,43,43,145,145,160,172,172,183,30,30,30,30,30,30,30,30,30,30,30,30],"floor_reached":51,"playtime":2122,"items_purged":["Normality","mysticmod:Strike_Mystic"],"score":1560,"play_id":"4da7768c-f963-4d8a-b88e-bf9ddd770f52","local_time":"20201222013605","is_ascension_mode":true,"campfire_choices":[{"data":"mysticmod:Dedication","floor":6,"key":"SMITH"},{"data":"mysticmod:Dedication+1","floor":8,"key":"SMITH"},{"data":"mysticmod:Dedication+2","floor":15,"key":"SMITH"},{"data":"mysticmod:Dedication+3","floor":23,"key":"SMITH"},{"data":"mysticmod:ClosingBarrage","floor":25,"key":"SMITH"},{"floor":32,"key":"REST"},{"data":"mysticmod:Haste","floor":41,"key":"SMITH"},{"floor":46,"key":"REST"},{"floor":49,"key":"REST"}],"circlet_count":0,"master_deck":["AscendersBane","mysticmod:Strike_Mystic","mysticmod:Strike_Mystic","mysticmod:Strike_Mystic","mysticmod:Defend_Mystic","mysticmod:Defend_Mystic+1","mysticmod:Defend_Mystic","mysticmod:ArcaneDodge","mysticmod:ShockingGrasp","mysticmod:ArcaneAccuracy","mysticmod:VorpalThrust","mysticmod:Daze","mysticmod:MagicMissile+1","mysticmod:MirrorStrike","mysticmod:Shield","mysticmod:Snowball","mysticmod:Dedication+4","mysticmod:SpellCombat","Discovery+1","mysticmod:PreparedCaster","mysticmod:HeavyStrike","mysticmod:GreaterInvisibility","Replay:BasicMightCard","mysticmod:GeminiForm","mysticmod:Flourish+1","mysticmod:EarthenWall","mysticmod:ClosingBarrage+1","mysticmod:MirrorEntity","mysticmod:Flurry","mysticmod:PureInstinct","mysticmod:ComponentsPouch","mysticmod:ComponentsPouch","mysticmod:MagicWeapon","mysticmod:Daze+1","mysticmod:TomeOfSpells","mysticmod:Haste+1","mysticmod:KeenEdge+1","mysticmod:Flourish","mysticmod:KeenEdge","mysticmod:VorpalThrust","mysticmod:BulkUp+1","mysticmod:BladeMaster+1","mysticmod:VorpalThrust+1","Parasite","mysticmod:Flourish","mysticmod:GeminiForm"],"relics":["mysticmod:SpellBook","Replay:Kaleidoscope","Genji_Glove","ReplayTheSpireMod:CursedCoin","Replay:WaspNest","Anchor","Replay:Rubber Ducky","Gremlin Food","Ornamental Fan","Lizard Tail","Snecko Heart","ReplayTheSpireMod:TigerMarble","Pantograph","Dream Catcher","Oddly Smooth Stone","Painkiller Herb","jedi:ominousloannote","jedi:heavyjacket","OrangePellets","Bag of Preparation","Simple Rune","ReplayTheSpireMod:Shallot"],"acts_visited":["Exordium","TheCity","TheBeyond"],"potions_floor_usage":[16,16,24,28,28,33,33,38,50,50],"damage_taken":[{"damage":0,"enemies":"2 Louse","floor":1,"turns":2},{"damage":3,"enemies":"3 Sentries","floor":7,"turns":6},{"damage":0,"enemies":"Jaw Worm","floor":11,"turns":2},{"damage":0,"enemies":"Small Slimes","floor":12,"turns":3},{"damage":0,"enemies":"Lagavulin","floor":13,"turns":7},{"damage":22,"enemies":"Hexaghost","floor":16,"turns":7},{"damage":11,"enemies":"Shell Parasite","floor":18,"turns":3},{"damage":0,"enemies":"Chosen","floor":19,"turns":2},{"damage":1,"enemies":"Centurion and Healer","floor":22,"turns":5},{"damage":0,"enemies":"Gremlin Leader","floor":24,"turns":6},{"damage":22,"enemies":"3 Cultists","floor":27,"turns":5},{"damage":0,"enemies":"Slavers","floor":28,"turns":5},{"damage":3,"enemies":"Sentry and Sphere","floor":31,"turns":4},{"damage":52,"enemies":"Collector","floor":33,"turns":8},{"damage":0,"enemies":"3 Darklings","floor":35,"turns":4},{"damage":10,"enemies":"Orb Walker","floor":36,"turns":4},{"damage":0,"enemies":"Jaw Worm Horde","floor":38,"turns":4},{"damage":0,"enemies":"Nemesis","floor":40,"turns":3},{"damage":16,"enemies":"4 Shapes","floor":44,"turns":4},{"damage":12,"enemies":"Writhing Mass","floor":45,"turns":6},{"damage":0,"enemies":"Transient","floor":47,"turns":5},{"damage":26,"enemies":"Time Eater","floor":50,"turns":5}],"seed_played":"-7933813685530870812","potions_obtained":[{"floor":7,"key":"PowerPotion"},{"floor":13,"key":"AttackPotion"},{"floor":16,"key":"LifebloodPotion"},{"floor":19,"key":"Milkshake"},{"floor":27,"key":"Energy Potion"},{"floor":31,"key":"Weak Potion"},{"floor":33,"key":"jedi:mysterypotion"},{"floor":38,"key":"jedi:hoardpotion"},{"floor":42,"key":"mysticmod:EssenceOfMagic"},{"floor":42,"key":"Death Potion"}],"is_trial":false,"path_per_floor":["M","?","?","$","T","R","E","R","T","?","M","M","E","?","R","B",null,"M","M","?","$","M","R","E","R","T","M","E","?","$","M","R","B",null,"?","?","?","?","T","E","T","?","T","?","?","T","?","T","T","B",null],"character_chosen":"MYSTIC_CLASS","items_purchased":["mysticmod:ArcaneAccuracy","mysticmod:VorpalThrust","Genji_Glove","ReplayTheSpireMod:CursedCoin","Replay:WaspNest","mysticmod:Daze","mysticmod:MagicMissile","mysticmod:MirrorStrike","mysticmod:Shield","Anchor","mysticmod:Dedication","mysticmod:ClosingBarrage","ReplayTheSpireMod:TigerMarble","mysticmod:MagicWeapon","PowerPotion","jedi:ominousloannote","jedi:heavyjacket","OrangePellets","DuplicationPotion","Bag of Preparation"],"campfire_rested":3,"item_purchase_floors":[0,0,0,0,0,0,0,0,0,0,4,21,21,30,30,39,39,39,39,39],"current_hp_per_floor":[69,69,69,69,69,69,66,66,66,66,66,66,66,66,66,44,69,58,58,58,58,57,57,57,57,57,35,35,35,35,32,55,25,64,64,54,54,57,57,57,57,57,57,41,29,52,52,52,75,51],"gold":30,"neow_bonus":"","is_daily":false,"chose_seed":false,"campfire_upgraded":6,"win_rate":0.0,"timestamp":1608622565,"path_taken":["M","?","?","$","?","R","E","R","T","?","?","M","E","?","R","BOSS","M","?","?","$","M","R","E","R","T","?","E","?","$","?","R","BOSS","?","?","?","?","T","E","T","?","T","?","?","T","?","T","T","BOSS"],"items_purchased_type":["Card","Card","Relic","Relic","Relic","Card","Card","Card","Card","Relic","Card","Card","Relic","Card","Potion","Relic","Relic","Relic","Potion","Relic"],"build_version":"2020-12-13","purchased_purges":2,"victory":true,"max_hp_per_floor":[77,77,77,77,77,77,77,77,77,77,77,77,77,77,77,77,77,77,77,77,77,77,77,77,77,77,77,77,77,77,77,77,77,77,77,77,77,77,77,77,77,77,77,77,77,77,77,77,77,77],"relic_stats":{"OrangePellets":[8],"Lizard Tail":0,"Dream Catcher":3,"counters":[73,346],"Ornamental Fan":[108],"Pantograph":24,"Bag of Preparation":[10],"obtain_stats":[{"CeramicFish":0,"Vajra":9,"jedi:command_rare":46,"wanderingMiniBosses:OtherGremlinHorn":21,"Lizard Tail":13,"HollowMod:PaleOreRelic":28,"Replay:Bottled Steam":8,"ReplayTheSpireMod:CursedCoin":11,"Oddly Smooth Stone":28,"theSleuth:BowenStilsonDogg":9,"theSleuth:Typewriter":0,"Replay:Kaleidoscope":0,"potionbrewer:Torch":11,"jedi:heavyjacket":39,"OrangePellets":39,"ReplayTheSpireMod:Shallot":5,"Simple Rune":40,"ReplayTheSpireMod:TigerMarble":43,"ReplayFunnel":30,"Lantern":14,"aspiration:Lifesprig":26,"Snecko Heart":17,"Torii":33,"Angel_Ring":45,"Painkiller Herb":17,"mysticmod:SpellBook":46,"CloakClasp":46,"Bag of Preparation":39,"theSleuth:JesterOfEncumbrance":31,"Replay:Rubber Ducky":5,"Dream Catcher":29,"Nunchaku":3,"Replay:Bandana":40,"Shovel":9,"Gambling Chip":0,"Pantograph":24,"Genji_Glove":0,"Red Mask":27,"Chemical X":36,"Runic Pyramid":34,"Gremlin Food":24,"energizedSpire:RedRose":36,"ReplayTheSpireMod:Ninjato":0,"Replay:Towering Pillar of Hats":0,"Golden Idol":5,"PreservedInsect":26,"Replay:WaspNest":0,"Odd Mushroom":7,"Orichalcum":43,"Replay:Arrowhead":26,"White Beast Statue":11,"Anchor":0,"potionbrewer:BoosterPack":10,"Ornamental Fan":9,"jedi:ominousloannote":39,"Bottled Lightning":25,"ReplayTheSpireMod:Ring of Challenge":2},{"CeramicFish":19,"Vajra":22,"jedi:command_rare":48,"wanderingMiniBosses:OtherGremlinHorn":36,"Lizard Tail":56,"HollowMod:PaleOreRelic":10,"Replay:Bottled Steam":28,"ReplayTheSpireMod:CursedCoin":29,"Oddly Smooth Stone":63,"theSleuth:BowenStilsonDogg":3,"theSleuth:Typewriter":0,"Replay:Kaleidoscope":51,"potionbrewer:Torch":4,"jedi:heavyjacket":68,"OrangePellets":68,"ReplayTheSpireMod:Shallot":26,"Simple Rune":69,"ReplayTheSpireMod:TigerMarble":47,"ReplayFunnel":41,"Lantern":6,"aspiration:Lifesprig":9,"Snecko Heart":7,"Torii":14,"Angel_Ring":17,"Painkiller Herb":32,"mysticmod:SpellBook":48,"CloakClasp":48,"Bag of Preparation":68,"theSleuth:JesterOfEncumbrance":12,"Replay:Rubber Ducky":52,"Dream Catcher":11,"Nunchaku":20,"Replay:Bandana":46,"Shovel":28,"Gambling Chip":19,"Pantograph":61,"Genji_Glove":51,"Red Mask":10,"Chemical X":44,"Runic Pyramid":43,"Gremlin Food":9,"energizedSpire:RedRose":15,"ReplayTheSpireMod:Ninjato":19,"Replay:Towering Pillar of Hats":25,"Golden Idol":1,"PreservedInsect":38,"Replay:WaspNest":51,"Odd Mushroom":2,"Orichalcum":17,"Replay:Arrowhead":9,"White Beast Statue":29,"Anchor":51,"potionbrewer:BoosterPack":3,"Ornamental Fan":53,"jedi:ominousloannote":68,"Bottled Lightning":38,"ReplayTheSpireMod:Ring of Challenge":20},{"CeramicFish":119,"Vajra":127,"jedi:command_rare":233,"wanderingMiniBosses:OtherGremlinHorn":198,"Lizard Tail":266,"HollowMod:PaleOreRelic":63,"Replay:Bottled Steam":164,"ReplayTheSpireMod:CursedCoin":166,"Oddly Smooth Stone":299,"theSleuth:BowenStilsonDogg":14,"theSleuth:Typewriter":0,"Replay:Kaleidoscope":246,"potionbrewer:Torch":21,"jedi:heavyjacket":323,"OrangePellets":323,"ReplayTheSpireMod:Shallot":153,"Simple Rune":326,"ReplayTheSpireMod:TigerMarble":230,"ReplayFunnel":212,"Lantern":34,"aspiration:Lifesprig":58,"Snecko Heart":44,"Torii":80,"Angel_Ring":99,"Painkiller Herb":181,"mysticmod:SpellBook":233,"CloakClasp":233,"Bag of Preparation":323,"theSleuth:JesterOfEncumbrance":73,"Replay:Rubber Ducky":248,"Dream Catcher":69,"Nunchaku":121,"Replay:Bandana":228,"Shovel":164,"Gambling Chip":119,"Pantograph":289,"Genji_Glove":246,"Red Mask":63,"Chemical X":221,"Runic Pyramid":218,"Gremlin Food":58,"energizedSpire:RedRose":91,"ReplayTheSpireMod:Ninjato":119,"Replay:Towering Pillar of Hats":151,"Golden Idol":2,"PreservedInsect":204,"Replay:WaspNest":246,"Odd Mushroom":9,"Orichalcum":99,"Replay:Arrowhead":58,"White Beast Statue":166,"Anchor":246,"potionbrewer:BoosterPack":14,"Ornamental Fan":254,"jedi:ominousloannote":323,"Bottled Lightning":204,"ReplayTheSpireMod:Ring of Challenge":121}]},"card_choices":[{"not_picked":["mysticmod:ChargedParry","mysticmod:Feint"],"picked":"mysticmod:Snowball","floor":1},{"not_picked":["mysticmod:Snowball","mysticmod:SuddenClarity"],"picked":"mysticmod:SpellCombat","floor":7},{"not_picked":["mysticmod:Probe","mysticmod:MightyMagic"],"picked":"mysticmod:PreparedCaster","floor":11},{"not_picked":["mysticmod:VorpalThrust","mysticmod:PowerSlash"],"picked":"mysticmod:HeavyStrike","floor":12},{"not_picked":["mysticmod:Daze","mysticmod:CorrosiveTouch"],"picked":"mysticmod:GreaterInvisibility","floor":13},{"not_picked":["Transmutation","ReplayTheSpireMod:Private Reserves"],"picked":"Replay:BasicMightCard","floor":14},{"not_picked":["mysticmod:ObscuringMist","mysticmod:MysticalShield"],"picked":"mysticmod:GeminiForm","floor":16},{"not_picked":["mysticmod:BulkUp","mysticmod:LightningBolt+1"],"picked":"mysticmod:Flourish+1","floor":18},{"not_picked":["mysticmod:Riposte","mysticmod:Alacrity"],"picked":"mysticmod:EarthenWall","floor":19},{"not_picked":["mysticmod:Shield","mysticmod:HeavyStrike"],"picked":"mysticmod:MirrorEntity","floor":22},{"not_picked":["mysticmod:Alacrity","mysticmod:BladeMaster"],"picked":"mysticmod:Flurry","floor":24},{"not_picked":["mysticmod:Disengage","mysticmod:HunkerDown"],"picked":"mysticmod:PureInstinct","floor":27},{"not_picked":["mysticmod:DiviningBlow","mysticmod:BulkUp"],"picked":"mysticmod:ComponentsPouch","floor":28},{"not_picked":["mysticmod:PureInstinct","mysticmod:Flurry+1"],"picked":"mysticmod:Daze","floor":31},{"not_picked":["mysticmod:HunkerDown","mysticmod:EnergizedRift"],"picked":"mysticmod:TomeOfSpells","floor":32},{"not_picked":["mysticmod:Natural20","mysticmod:MysticalShield"],"picked":"mysticmod:Haste","floor":33},{"not_picked":["mysticmod:PureInstinct","mysticmod:Alacrity+1"],"picked":"mysticmod:KeenEdge+1","floor":35},{"not_picked":["mysticmod:PowerSlash","mysticmod:PureInstinct+1"],"picked":"mysticmod:Flourish","floor":36},{"not_picked":["mysticmod:BulkUp+1","mysticmod:StyleChange"],"picked":"mysticmod:BladeMaster+1","floor":40},{"not_picked":["mysticmod:PreparedCaster","mysticmod:MirrorStrike"],"picked":"mysticmod:VorpalThrust+1","floor":44},{"not_picked":["mysticmod:HeavyStrike+1","mysticmod:AllIn","mysticmod:CorrosiveTouch+1"],"picked":"SKIP","floor":45},{"not_picked":["mysticmod:CureLightWounds","mysticmod:FiveFootStep"],"picked":"mysticmod:Flourish","floor":47},{"not_picked":["mysticmod:Alacrity","mysticmod:Snowball"],"picked":"mysticmod:GeminiForm","floor":49}],"player_experience":1437595,"relics_obtained":[{"floor":5,"key":"Replay:Rubber Ducky"},{"floor":7,"key":"Gremlin Food"},{"floor":9,"key":"Ornamental Fan"},{"floor":13,"key":"Lizard Tail"},{"floor":24,"key":"Pantograph"},{"floor":26,"key":"Dream Catcher"},{"floor":28,"key":"Oddly Smooth Stone"},{"floor":40,"key":"Simple Rune"},{"floor":43,"key":"ReplayTheSpireMod:Shallot"}],"event_choices":[{"damage_healed":0,"gold_gain":0,"player_choice":"Grow","damage_taken":0,"max_hp_gain":0,"max_hp_loss":0,"event_name":"Living Wall","floor":2,"gold_loss":0,"cards_upgraded":["mysticmod:MagicMissile"]},{"damage_healed":0,"gold_gain":65,"player_choice":"Gained Gold","damage_taken":0,"max_hp_gain":0,"max_hp_loss":0,"event_name":"Golden Wing","floor":3,"gold_loss":0},{"cards_removed":["mysticmod:Dedication"],"damage_healed":0,"gold_gain":0,"player_choice":"Take \u0026 Give","damage_taken":0,"max_hp_gain":0,"max_hp_loss":0,"event_name":"betterNote:BetterNote","floor":10,"gold_loss":0,"cards_obtained":["Discovery"]},{"damage_healed":0,"gold_gain":1,"player_choice":"1","damage_taken":0,"max_hp_gain":0,"max_hp_loss":0,"event_name":"betterStone:BetterStone","floor":14,"gold_loss":0},{"damage_healed":0,"gold_gain":200,"player_choice":"Gold","damage_taken":0,"max_hp_gain":0,"max_hp_loss":0,"event_name":"Wheel of Change","floor":20,"gold_loss":0},{"damage_healed":0,"gold_gain":0,"cards_transformed":["mysticmod:Defend_Mystic"],"player_choice":"Transformed","damage_taken":0,"max_hp_gain":0,"max_hp_loss":0,"event_name":"Transmorgrifier","floor":29,"gold_loss":0,"cards_obtained":["mysticmod:ComponentsPouch"]},{"damage_healed":0,"gold_gain":0,"player_choice":"Ignored","damage_taken":0,"max_hp_gain":0,"max_hp_loss":0,"event_name":"Mysterious Sphere","floor":37,"gold_loss":0},{"damage_healed":0,"gold_gain":0,"player_choice":"Got Potions","damage_taken":0,"max_hp_gain":0,"max_hp_loss":0,"event_name":"Lab","floor":42,"gold_loss":0}],"is_beta":false,"boss_relics":[{"not_picked":["SlaversCollar","Sozu"],"picked":"Snecko Heart"},{"not_picked":["Ring of Chaos","mysticmod:BlessedBook"],"picked":"Painkiller Herb"}],"items_purged_floors":[4,21],"is_endless":false,"potions_floor_spawned":[7,13,16,19,27,31,33,38,44,45],"ascension_level":10}}