{"host":"49c2zf0lajbcs427","time":1608622087,"event":{"mods":["AchievementEnabler","BaseMod","Colored Map","Colored Powertips","Highlight Path","Minty Spire (QoL Compilation)","Relic Stats","StSLib"],"gold_per_floor":[119,173,173,186,196,196,206,234,314,347,359,359,53,63,63,167,167,181,181,199,216,231,260,214,242,242,242,269,280,291,291,291,388,388,404,422,437,437,452,483,533,533,560,587,607,622,254,0,0,0],"floor_reached":51,"playtime":3873,"items_purged":["Juggernaut"],"score":1063,"play_id":"acb90387-c48a-44b0-8dfe-bda92f19fdd3","local_time":"20201222202807","is_ascension_mode":true,"campfire_choices":[{"data":"Uppercut","floor":6,"key":"SMITH"},{"data":"Fiend Fire","floor":15,"key":"SMITH"},{"data":"Feed","floor":27,"key":"SMITH"},{"data":"Feed","floor":32,"key":"SMITH"},{"data":"Offering","floor":42,"key":"SMITH"},{"data":"Demon Form","floor":49,"key":"SMITH"}],"circlet_count":0,"master_deck":["Bash","Metallicize","Inflame","Offering+1","Uppercut+1","Fiend Fire+1","Uppercut","Flame Barrier","Seeing Red","Headbutt","Disarm","Shrug It Off","Feed+1","Dropkick+1","Rampage","Armaments","Armaments","Shrug It Off","Dual Wield","Headbutt+1","Feed+1","Demon Form+1","Heavy Blade+1","Flame Barrier+1"],"relics":["Pandora\u0027s Box","CaptainsWheel","Kunai","Art of War","Nunchaku","Bag of Preparation","Lantern","Coffee Dripper","Omamori","Eternal Feather","Bag of Marbles","Meat on the Bone","Red Skull","Philosopher\u0027s Stone","Bottled Lightning","Ice Cream","Bronze Scales","Gremlin Horn","Anchor","Lee\u0027s Waffle","Red Mask"],"acts_visited":["Exordium","TheCity","TheBeyond"],"potions_floor_usage":[10,10,21,23,28,33,37,40,50,50],"damage_taken":[{"damage":0,"enemies":"Jaw Worm","floor":1,"turns":2},{"damage":6,"enemies":"2 Louse","floor":4,"turns":1},{"damage":0,"enemies":"Cultist","floor":5,"turns":2},{"damage":6,"enemies":"Looter","floor":7,"turns":2},{"damage":16,"enemies":"Gremlin Nob","floor":8,"turns":3},{"damage":12,"enemies":"3 Sentries","floor":10,"turns":5},{"damage":6,"enemies":"Large Slime","floor":11,"turns":5},{"damage":6,"enemies":"Gremlin Gang","floor":14,"turns":4},{"damage":6,"enemies":"Slime Boss","floor":16,"turns":6},{"damage":10,"enemies":"2 Thieves","floor":18,"turns":4},{"damage":3,"enemies":"3 Byrds","floor":20,"turns":3},{"damage":6,"enemies":"Shelled Parasite and Fungi","floor":21,"turns":4},{"damage":6,"enemies":"Chosen and Byrds","floor":22,"turns":4},{"damage":6,"enemies":"Slavers","floor":23,"turns":4},{"damage":6,"enemies":"Gremlin Leader","floor":25,"turns":7},{"damage":13,"enemies":"Slavers","floor":28,"turns":5},{"damage":11,"enemies":"Sentry and Sphere","floor":29,"turns":5},{"damage":0,"enemies":"Snecko","floor":30,"turns":2},{"damage":38,"enemies":"Champ","floor":33,"turns":8},{"damage":18,"enemies":"3 Shapes","floor":35,"turns":10},{"damage":1,"enemies":"Orb Walker","floor":36,"turns":2},{"damage":18,"enemies":"Sphere and 2 Shapes","floor":37,"turns":4},{"damage":28,"enemies":"4 Shapes","floor":39,"turns":7},{"damage":18,"enemies":"Giant Head","floor":40,"turns":6},{"damage":6,"enemies":"Mind Bloom Boss Battle","floor":41,"turns":4},{"damage":62,"enemies":"Nemesis","floor":44,"turns":7},{"damage":6,"enemies":"Writhing Mass","floor":45,"turns":3},{"damage":6,"enemies":"Transient","floor":46,"turns":5},{"damage":24,"enemies":"Time Eater","floor":50,"turns":6}],"seed_played":"5956662318203093294","potions_obtained":[{"floor":1,"key":"DuplicationPotion"},{"floor":4,"key":"SkillPotion"},{"floor":7,"key":"DistilledChaos"},{"floor":8,"key":"DuplicationPotion"},{"floor":16,"key":"Fire Potion"},{"floor":18,"key":"FearPotion"},{"floor":21,"key":"DuplicationPotion"},{"floor":23,"key":"Strength Potion"},{"floor":28,"key":"SpeedPotion"},{"floor":33,"key":"DuplicationPotion"},{"floor":36,"key":"Fire Potion"},{"floor":39,"key":"HeartOfIron"},{"floor":40,"key":"Explosive Potion"},{"floor":44,"key":"Block Potion"}],"is_trial":false,"path_per_floor":["M","?","?","M","M","R","M","E","T","E","M","?","$","M","R","B",null,"M","?","M","M","M","E","$","E","T","R","E","M","M","$","R","B",null,"M","M","M","$","M","E","?","R","T","E","M","M","$","?","R","B",null],"character_chosen":"IRONCLAD","items_purchased":["Bag of Preparation","Lantern","Shrug It Off","Anchor","Lee\u0027s Waffle"],"campfire_rested":0,"item_purchase_floors":[13,13,24,47,47],"current_hp_per_floor":[80,80,80,74,74,74,68,52,52,40,34,22,22,16,16,10,80,73,73,70,67,64,62,62,59,59,71,62,55,58,58,70,44,107,97,100,94,94,74,72,82,94,94,48,58,64,162,162,162,138],"gold":0,"neow_bonus":"BOSS_RELIC","is_daily":false,"chose_seed":false,"campfire_upgraded":6,"win_rate":0.0,"timestamp":1608622087,"path_taken":["M","?","?","M","?","R","M","E","T","E","M","?","$","M","R","BOSS","M","?","?","M","M","E","$","E","T","R","E","M","M","$","R","BOSS","M","M","M","$","M","E","?","R","T","E","M","M","$","?","R","BOSS"],"items_purchased_type":["Relic","Relic","Card","Relic","Relic"],"build_version":"2020-12-13","purchased_purges":1,"victory":true,"max_hp_per_floor":[80,80,80,80,80,80,80,80,80,80,80,80,80,80,80,80,80,83,83,83,86,89,93,93,96,96,96,100,104,107,107,107,107,107,115,119,131,131,139,143,147,147,147,151,155,155,162,162,162,162],"relic_stats":{"Nunchaku":[20],"Lee\u0027s Waffle":98,"Gremlin Horn":[0,0],"counters":[29,130],"Bronze Scales":[77],"Pandora\u0027s Box":["Metallicize","Inflame","Offering","Juggernaut","Uppercut","Fiend Fire","Uppercut","Flame Barrier","Seeing Red"],"Eternal Feather":36,"Art of War":[13],"Bag of Preparation":[44],"Kunai":[35],"obtain_stats":[{"Ice Cream":41,"Lantern":13,"Lee\u0027s Waffle":47,"Gremlin Horn":44,"Eternal Feather":23,"Bag of Preparation":13,"Omamori":19,"Burning Blood":0,"CaptainsWheel":8,"Nunchaku":12,"Anchor":47,"Bronze Scales":43,"Pandora\u0027s Box":0,"Philosopher\u0027s Stone":34,"Art of War":10,"Coffee Dripper":17,"Bag of Marbles":25,"Red Mask":48,"Kunai":9,"Bottled Lightning":40,"Red Skull":28,"Meat on the Bone":26},{"Ice Cream":25,"Lantern":7,"Lee\u0027s Waffle":28,"Gremlin Horn":26,"Eternal Feather":14,"Bag of Preparation":7,"Omamori":10,"Burning Blood":0,"CaptainsWheel":5,"Nunchaku":7,"Anchor":28,"Bronze Scales":25,"Pandora\u0027s Box":0,"Philosopher\u0027s Stone":19,"Art of War":6,"Coffee Dripper":9,"Bag of Marbles":15,"Red Mask":28,"Kunai":5,"Bottled Lightning":24,"Red Skull":16,"Meat on the Bone":15},{"Ice Cream":109,"Lantern":20,"Lee\u0027s Waffle":124,"Gremlin Horn":116,"Eternal Feather":49,"Bag of Preparation":20,"Omamori":34,"Burning Blood":0,"CaptainsWheel":10,"Nunchaku":20,"Anchor":124,"Bronze Scales":109,"Pandora\u0027s Box":0,"Philosopher\u0027s Stone":76,"Art of War":15,"Coffee Dripper":30,"Bag of Marbles":56,"Red Mask":124,"Kunai":10,"Bottled Lightning":105,"Red Skull":61,"Meat on the Bone":56}],"Meat on the Bone":72},"card_choices":[{"not_picked":["True Grit","Carnage"],"picked":"Headbutt","floor":1},{"not_picked":["Wild Strike","Inflame","True Grit"],"picked":"SKIP","floor":4},{"not_picked":["Sword Boomerang","Iron Wave","Disarm"],"picked":"SKIP","floor":5},{"not_picked":["Carnage","Warcry","Wild Strike"],"picked":"SKIP","floor":7},{"not_picked":["Infernal Blade","Rupture","Anger"],"picked":"SKIP","floor":8},{"not_picked":["Sword Boomerang","Fiend Fire","True Grit"],"picked":"SKIP","floor":10},{"not_picked":["Whirlwind","True Grit"],"picked":"Disarm","floor":11},{"not_picked":["Sentinel","Flex"],"picked":"Shrug It Off","floor":14},{"not_picked":["Impervious","Immolate"],"picked":"Feed","floor":16},{"not_picked":["Flame Barrier+1","Clothesline"],"picked":"Dropkick+1","floor":18},{"not_picked":["Reckless Charge","Pommel Strike"],"picked":"Rampage","floor":20},{"not_picked":["Blood for Blood+1","Clash+1"],"picked":"Armaments","floor":21},{"not_picked":["Heavy Blade","Inflame"],"picked":"Armaments","floor":22},{"not_picked":["Cleave+1","Sword Boomerang","Second Wind+1"],"picked":"SKIP","floor":23},{"not_picked":["Shrug It Off+1","Bloodletting"],"picked":"Dual Wield","floor":25},{"not_picked":["Carnage","Clothesline+1"],"picked":"Headbutt+1","floor":28},{"not_picked":["Fire Breathing","Shrug It Off+1"],"picked":"Feed","floor":29},{"not_picked":["Cleave","Body Slam+1","Iron Wave"],"picked":"SKIP","floor":30},{"not_picked":["Feed","Exhume"],"picked":"Demon Form","floor":33},{"not_picked":["Anger+1","Sentinel+1","Ghostly Armor+1"],"picked":"SKIP","floor":35},{"not_picked":["Disarm+1","Flex","Hemokinesis+1"],"picked":"SKIP","floor":36},{"not_picked":["Feel No Pain","Body Slam+1","Armaments"],"picked":"SKIP","floor":37},{"not_picked":["Clothesline","Inflame"],"picked":"Heavy Blade+1","floor":39},{"not_picked":["Inflame","Fire Breathing","Sword Boomerang+1"],"picked":"SKIP","floor":40},{"not_picked":["Clash","Disarm+1"],"picked":"Flame Barrier+1","floor":44},{"not_picked":["Havoc","Flame Barrier","Hemokinesis+1"],"picked":"SKIP","floor":45},{"not_picked":["Feed","Clash+1","Perfected Strike"],"picked":"SKIP","floor":46}],"player_experience":2143632,"relics_obtained":[{"floor":8,"key":"CaptainsWheel"},{"floor":9,"key":"Kunai"},{"floor":10,"key":"Art of War"},{"floor":23,"key":"Eternal Feather"},{"floor":25,"key":"Bag of Marbles"},{"floor":26,"key":"Meat on the Bone"},{"floor":28,"key":"Red Skull"},{"floor":40,"key":"Bottled Lightning"},{"floor":41,"key":"Ice Cream"},{"floor":43,"key":"Bronze Scales"},{"floor":44,"key":"Gremlin Horn"}],"event_choices":[{"damage_healed":0,"gold_gain":54,"player_choice":"Gained Gold","damage_taken":0,"max_hp_gain":0,"max_hp_loss":0,"event_name":"Golden Wing","floor":2,"gold_loss":0},{"damage_healed":0,"gold_gain":0,"player_choice":"Full Heal","damage_taken":0,"max_hp_gain":0,"max_hp_loss":0,"event_name":"Wheel of Change","floor":3,"gold_loss":0},{"damage_healed":0,"gold_gain":0,"player_choice":"Success","damage_taken":12,"relics_obtained":["Nunchaku"],"max_hp_gain":0,"max_hp_loss":0,"event_name":"Scrap Ooze","floor":12,"gold_loss":0},{"damage_healed":0,"gold_gain":0,"player_choice":"Gave Potion","damage_taken":0,"relics_obtained":["Omamori"],"max_hp_gain":0,"max_hp_loss":0,"event_name":"WeMeetAgain","floor":19,"gold_loss":0},{"damage_healed":0,"gold_gain":0,"player_choice":"Fight","damage_taken":0,"max_hp_gain":0,"max_hp_loss":0,"event_name":"MindBloom","floor":41,"gold_loss":0},{"damage_healed":0,"gold_gain":0,"player_choice":"Paid","damage_taken":0,"relics_obtained":["Red Mask"],"max_hp_gain":0,"max_hp_loss":0,"event_name":"Tomb of Lord Red Mask","floor":48,"gold_loss":254}],"is_beta":false,"boss_relics":[{"not_picked":["Busted Crown","Ectoplasm"],"picked":"Coffee Dripper"},{"not_picked":["Runic Cube","Sozu"],"picked":"Philosopher\u0027s Stone"}],"items_purged_floors":[47],"is_endless":false,"potions_floor_spawned":[1,4,7,8,16,18,21,23,28,33,36,39,40,44,46],"ascension_level":3}}