{"host":"cyh4fejqtcjbfr7k","time":1608680444,"event":{"mods":["2.2 Compatiblity","AchievementEnabler","BaseMod","Colored Map","Colored Powertips","DeckTracker","Downfall","Googly Eyes","Hubris","Infinite Spire","Minty Spire (QoL Compilation)","Replay The Spire","Shop Mod","StSLib","SuperFastMode","Unceasing Turn Reminder"],"gold_per_floor":[110,34,34,34,34,62,62,155,155,181,230,39,39,64,64,64,64,166,166,176,206,206,206,220,220,220,220,230,230,230],"floor_reached":29,"playtime":590,"items_purged":["Voices"],"score":298,"play_id":"484b9fb0-16a7-4a87-91ca-84f821a1671e","local_time":"20201222164044","is_ascension_mode":false,"campfire_choices":[{"data":"FlurryOfBlows","floor":7,"key":"SMITH"},{"data":"Vigilance","floor":13,"key":"SMITH"},{"floor":27,"key":"REST"}],"circlet_count":0,"master_deck":["Defend_P","Defend_P","Defend_P","Eruption","Vigilance+1","FollowUp","BowlingBash+1","FlurryOfBlows+1","FlyingSleeves","Protect","EmptyFist","Prostrate+1","Replay:LoomingThreat+1","Establishment","LikeWater+1","BowlingBash+1","Bite","Bite","Bite","Bite","Bite","FollowUp+1"],"relics":["PureWater","NeowsBlessing","ReplayTheSpireMod:CursedCoin","Tiny Chest","Potion Belt","hubris:CrystalStatue","Damaru","Anchor","Odd Mushroom","Sozu","Red Mask","hubris:SphereOfDissonance"],"acts_visited":["Exordium","TheCity"],"potions_floor_usage":[21],"damage_taken":[{"damage":0,"enemies":"Cultist","floor":1,"turns":1},{"damage":0,"enemies":"Lagavulin","floor":6,"turns":1},{"damage":0,"enemies":"Gremlin Nob","floor":10,"turns":1},{"damage":0,"enemies":"The Mushroom Lair","floor":14,"turns":3},{"damage":47,"enemies":"Hexaghost","floor":18,"turns":8},{"damage":0,"enemies":"Chosen","floor":20,"turns":4},{"damage":28,"enemies":"Masked Bandits","floor":21,"turns":6},{"damage":20,"enemies":"Spheric Guardian","floor":24,"turns":4},{"damage":54,"enemies":"Centurion and Healer","floor":28,"turns":4},{"damage":31,"enemies":"Snake Plant","floor":29,"turns":5}],"seed_played":"-5647324082918837250","potions_obtained":[{"floor":1,"key":"SpeedPotion"}],"is_trial":false,"path_per_floor":["M","$","?","?","$","E","R","?","T","E","T","$","R","?","PTL","PTL","R_BF","B",null,"M","?","?","T","M","PTL","PTL","R","M","M"],"character_chosen":"WATCHER","items_purchased":["ReplayTheSpireMod:CursedCoin","Tiny Chest","Anchor","Prostrate+1"],"campfire_rested":1,"item_purchase_floors":[2,2,12,12],"current_hp_per_floor":[72,72,72,77,77,77,77,58,58,60,60,60,60,62,62,62,77,30,77,77,49,49,49,39,39,39,62,18,0,0],"gold":230,"neow_bonus":"THREE_ENEMY_KILL","is_daily":false,"chose_seed":false,"campfire_upgraded":2,"win_rate":0.0,"timestamp":1608680444,"path_taken":["M","$","?","?","$","E","R","?","T","E","?","$","R","?","PTL","PTL","R_BF","BOSS","M","?","?","?","M","PTL","PTL","R","M","M"],"items_purchased_type":["Relic","Relic","Relic","Card"],"build_version":"2020-12-13","purchased_purges":1,"victory":false,"max_hp_per_floor":[72,72,72,77,77,77,77,77,77,77,77,77,77,77,77,77,77,77,77,77,77,77,77,77,77,77,77,77,77,77],"card_choices":[{"not_picked":["CrushJoints","Replay:Cycle"],"picked":"FollowUp","floor":1},{"not_picked":["Vengeance","CutThroughFate"],"picked":"FlurryOfBlows","floor":6},{"not_picked":["Halt","Study"],"picked":"FlyingSleeves","floor":8},{"not_picked":["Meditate","Consecrate"],"picked":"Protect","floor":8},{"not_picked":["Evaluate","Nirvana"],"picked":"EmptyFist","floor":10},{"not_picked":["BowlingBash","Replay:Vibes"],"picked":"Replay:LoomingThreat","floor":14},{"not_picked":["ConjureBlade","Replay:AllIn"],"picked":"Establishment","floor":18},{"not_picked":["Study","JustLucky"],"picked":"LikeWater+1","floor":20},{"not_picked":["Protect","Evaluate"],"picked":"BowlingBash+1","floor":21},{"not_picked":["WaveOfTheHand","Replay:Battleflow+1"],"picked":"FollowUp+1","floor":24},{"not_picked":["FollowUp","Wireheading","Replay:ManipulateFuture+1"],"picked":"SKIP","floor":28}],"player_experience":605746,"relics_obtained":[{"floor":6,"key":"Blood Vial"},{"floor":8,"key":"Potion Belt"},{"floor":9,"key":"hubris:CrystalStatue"},{"floor":11,"key":"Damaru"},{"floor":14,"key":"Odd Mushroom"},{"floor":21,"key":"Red Mask"},{"floor":23,"key":"hubris:SphereOfDissonance"}],"event_choices":[{"damage_healed":0,"gold_gain":0,"player_choice":"Donut","damage_taken":0,"max_hp_gain":5,"max_hp_loss":0,"event_name":"Big Fish","floor":4,"gold_loss":0},{"damage_healed":0,"gold_gain":0,"player_choice":"Fought Mushrooms","damage_taken":0,"max_hp_gain":0,"max_hp_loss":0,"event_name":"Mushrooms","floor":14,"gold_loss":0},{"damage_healed":0,"gold_gain":0,"player_choice":"Fought Bandits","damage_taken":0,"max_hp_gain":0,"max_hp_loss":0,"event_name":"Masked Bandits","floor":21,"gold_loss":0},{"damage_healed":0,"gold_gain":0,"player_choice":"Became a vampire (Vial)","damage_taken":0,"max_hp_gain":0,"max_hp_loss":0,"event_name":"Vampires","floor":22,"relics_lost":["Blood Vial"],"gold_loss":0,"cards_obtained":["Bite","Bite","Bite","Bite","Bite"]}],"is_beta":false,"boss_relics":[{"not_picked":["SlaversCollar","Astrolabe"],"picked":"Sozu"}],"items_purged_floors":[2],"is_endless":false,"potions_floor_spawned":[1,21,24],"killed_by":"Snake Plant","ascension_level":0}}