{"host":"vyt5ne9ydo1z9gg1","time":1608614552,"event":{"mods":["BaseMod","Curses Come First","DeckTracker","GifTheSpireLib","Minty Spire (QoL Compilation)","StSLib"],"gold_per_floor":[119,139,153,171,189,224,237,237,262,285,285,297,38,54,54,154,154,168,168,186,73,73,73],"floor_reached":22,"playtime":1533,"items_purged":[],"score":238,"play_id":"916b7e96-0ea3-46b7-92ea-c713fbc2a20c","local_time":"20201222162232","is_ascension_mode":true,"campfire_choices":[{"floor":11.0,"key":"REST"},{"data":"Evolve","floor":15.0,"key":"SMITH"}],"circlet_count":0,"master_deck":["Strike_R","Strike_R","Strike_R","Strike_R","Strike_R","Defend_R","Defend_R","Defend_R","Defend_R","Bash","Perfected Strike","Second Wind","Cleave","Wild Strike","Evolve+1","Wild Strike","Iron Wave","Juggernaut","Metallicize","Perfected Strike","Inflame"],"relics":["Philosopher\u0027s Stone","Pen Nib","Eternal Feather","Odd Mushroom","Paper Frog","Mark of Pain","GremlinMask"],"acts_visited":["Exordium","TheCity"],"potions_floor_usage":[16],"damage_taken":[{"damage":0.0,"enemies":"Cultist","floor":1.0,"turns":3.0},{"damage":3.0,"enemies":"Jaw Worm","floor":2.0,"turns":3.0},{"damage":0.0,"enemies":"Small Slimes","floor":3.0,"turns":2.0},{"damage":7.0,"enemies":"Exordium Thugs","floor":4.0,"turns":4.0},{"damage":6.0,"enemies":"2 Fungi Beasts","floor":5.0,"turns":3.0},{"damage":24.0,"enemies":"3 Sentries","floor":6.0,"turns":6.0},{"damage":7.0,"enemies":"Lots of Slimes","floor":7.0,"turns":4.0},{"damage":14.0,"enemies":"The Mushroom Lair","floor":10.0,"turns":2.0},{"damage":15.0,"enemies":"Red Slaver","floor":12.0,"turns":2.0},{"damage":2.0,"enemies":"3 Louse","floor":14.0,"turns":2.0},{"damage":12,"enemies":"Hexaghost","floor":16,"turns":8},{"damage":65,"enemies":"3 Byrds","floor":18,"turns":5},{"damage":19,"enemies":"Shell Parasite","floor":20,"turns":4},{"damage":17,"enemies":"Snake Plant","floor":22,"turns":1}],"seed_played":"-9098232963151883254","potions_obtained":[{"floor":1.0,"key":"ColorlessPotion"},{"floor":3.0,"key":"PowerPotion"},{"floor":6.0,"key":"PowerPotion"},{"floor":7.0,"key":"FairyPotion"},{"floor":14.0,"key":"Block Potion"},{"floor":18,"key":"FearPotion"}],"is_trial":false,"path_per_floor":["M","M","M","M","M","E","M","T","T","?","R","M","$","M","R","B",null,"M","?","M","$","M"],"character_chosen":"IRONCLAD","items_purchased":["Paper Frog","Perfected Strike","Inflame"],"campfire_rested":1,"item_purchase_floors":[13,21,21],"current_hp_per_floor":[80,77,77,70,64,40,33,33,33,19,52,37,37,35,44,32,68,3,3,13,13,0,0],"gold":73,"neow_bonus":"BOSS_RELIC","is_daily":false,"chose_seed":false,"campfire_upgraded":1,"win_rate":0.0,"timestamp":1608614552,"path_taken":["M","M","M","M","M","E","M","?","T","?","R","M","$","M","R","BOSS","M","?","M","?","M"],"items_purchased_type":["Relic","Card","Card"],"build_version":"2020-12-13","purchased_purges":0,"victory":false,"max_hp_per_floor":[80,80,80,80,80,80,80,80,80,80,80,80,80,80,80,80,80,80,80,80,80,80,80],"card_choices":[{"not_picked":["Hemokinesis","Ghostly Armor"],"picked":"Perfected Strike","floor":1.0},{"not_picked":["Cleave","Heavy Blade"],"picked":"Second Wind","floor":2.0},{"not_picked":["Heavy Blade","Flex"],"picked":"Cleave","floor":3.0},{"not_picked":["Immolate","True Grit"],"picked":"Wild Strike","floor":4.0},{"not_picked":["Combust","Armaments","Blood for Blood"],"picked":"SKIP","floor":5.0},{"not_picked":["Clothesline","Pommel Strike"],"picked":"Evolve","floor":6.0},{"not_picked":["Headbutt","Thunderclap"],"picked":"Wild Strike","floor":7.0},{"not_picked":["Armaments","Sword Boomerang","Intimidate"],"picked":"SKIP","floor":12.0},{"not_picked":["Twin Strike","Dark Embrace"],"picked":"Iron Wave","floor":14.0},{"not_picked":["Offering","Limit Break"],"picked":"Juggernaut","floor":16},{"not_picked":["Uppercut","Warcry"],"picked":"Metallicize","floor":18},{"not_picked":["Warcry+1","Heavy Blade","Flex"],"picked":"SKIP","floor":20}],"player_experience":121927,"relics_obtained":[{"floor":6.0,"key":"Pen Nib"},{"floor":8.0,"key":"Eternal Feather"},{"floor":10.0,"key":"Odd Mushroom"}],"event_choices":[{"damage_healed":0.0,"max_hp_gain":0.0,"max_hp_loss":0.0,"gold_gain":0.0,"event_name":"Mushrooms","player_choice":"Fought Mushrooms","floor":10.0,"gold_loss":0.0,"damage_taken":0.0},{"damage_healed":0,"gold_gain":0,"player_choice":"Trade","damage_taken":0,"relics_obtained":["GremlinMask"],"max_hp_gain":0,"max_hp_loss":0,"event_name":"FaceTrader","floor":19,"gold_loss":0}],"is_beta":false,"boss_relics":[{"not_picked":["Runic Cube","Black Star"],"picked":"Mark of Pain"}],"items_purged_floors":[],"is_endless":false,"potions_floor_spawned":[1,3,6,7,14,18],"killed_by":"Snake Plant","ascension_level":5}}