{"host":"dwyzfvnzfcqffr30","time":1608632093,"event":{"mods":["2.2 Compatiblity","Act Like it!","BaseMod","Beaked The Cultist","Better Altar","Better Match","Better Note","Better Sensory Stone","Better Skull","Better Third Choice","Clockwork Mod","Colored Map","Colored Powertips","Conspire","Downfall","Elementarium","GifTheSpireLib","Halation","Hermit","Hubris","Infinite Spire","Ironclad Rager","Jedi Mod","Menagerie","Mimic Mod","Minty Spire (QoL Compilation)","Permanent Neow","Random Character Button","Replay The Spire","Spicy Shops","StSLib","Stuff the Spire","The Construct","The Disciple","The Druid","The Marked","TheFirefly","Trackpad","vexMod"],"gold_per_floor":[409,359,359,402,402,415,531,531,531,531,501,516,134,134,231,348,348,363,383,383,383,383,495,513,556,556,725,741,779,779,479,479,603,603,620,620,620,622,685,685,699,701,701],"floor_reached":42,"playtime":2421,"items_purged":["theMarked:Strike+1"],"score":532,"play_id":"f1c34b0c-609d-42cb-adb3-e18ac0909ffd","local_time":"20201222021453","is_ascension_mode":false,"campfire_choices":[{"floor":8,"key":"RECALL"},{"floor":32,"key":"REST"},{"floor":40,"key":"REST"}],"circlet_count":0,"master_deck":["theMarked:Strike+1","theMarked:Strike+1","theMarked:Strike+1","theMarked:Defend+1","theMarked:Defend+1","theMarked:Defend+1","theMarked:Defend+1","theMarked:SoldierOfQuellstein+1","theMarked:ThrowWeapon+1","MasterReality+1","theMarked:ShockingTouch+1","conspire:SpireCoStock+1","theMarked:WardOff+1","theMarked:StartUp+1","theMarked:ChainLightning+1","theMarked:WardOff+1","theMarked:HeritageOfTheMarked+1","theMarked:TurnInvisible+1","theMarked:BanishingStrike+1","theMarked:Indomitable+1","theMarked:Parkour+1","theMarked:Seal+1","theMarked:ContemptForTheProud+1","hubris:NaturalOne","theMarked:EnhancedHearing+1","theMarked:ComboAttacks+1","theMarked:Defy+1","theMarked:BanishingWave+1","StuffTheSpire:Innocence+1","ReplayTheSpireMod:Black Plague+1"],"relics":["theMarked:ArtifactOfAir","Bottled Tornado","Quantum Egg","Frozen Egg 2","Toxic Egg 2","Molten Egg 2","Juzu Bracelet","StuffTheSpire:TintedRock","hubris:EvacipatedBox","hubris:FruitBowl","Regal Pillow","Black Star","hubris:Icosahedron","hubris:Towel","Replay:Wax Seal","Prayer Wheel","StuffTheSpire:Mouthbags","Gremlin Horn","hubris:TenFootPole","jedi:angrymask","vexMod:InvisibilityCloak","hubris:SphereOfDissonance","infinitespire:Midas Blood","Akabeko","Elementarium:ElementariumTrophy","halation:Prosthetics"],"acts_visited":["Exordium","Elementarium:Elementarium","TheBeyond"],"potions_floor_usage":[16,23,23,24,25,27,28,33],"damage_taken":[{"damage":0,"enemies":"Cultist","floor":1,"turns":1},{"damage":0,"enemies":"Small Slimes","floor":4,"turns":2},{"damage":0,"enemies":"Jaw Worm","floor":6,"turns":2},{"damage":14,"enemies":"Gremlin Nob","floor":7,"turns":3},{"damage":0,"enemies":"Looter","floor":12,"turns":2},{"damage":5,"enemies":"The Guardian","floor":16,"turns":6},{"damage":2,"enemies":"Elementarium:2_ELEMENTALS","floor":18,"turns":3},{"damage":0,"enemies":"Elementarium:Cyclone","floor":19,"turns":4},{"damage":17,"enemies":"Elementarium:WarGolem","floor":23,"turns":3},{"damage":1,"enemies":"Elementarium:RubyGolem","floor":24,"turns":4},{"damage":18,"enemies":"Elementarium:VoidBeast","floor":25,"turns":3},{"damage":54,"enemies":"Elementarium:ElementalPortal","floor":27,"turns":6},{"damage":0,"enemies":"Elementarium:STONE_GOLEMS","floor":28,"turns":2},{"damage":0,"enemies":"Elementarium:CYCLONE_AND_ORB_OF_FIRE","floor":29,"turns":4},{"damage":21,"enemies":"Elementarium:PHOENIXES","floor":33,"turns":8},{"damage":1,"enemies":"Orb Walker","floor":35,"turns":3},{"damage":2,"enemies":"3 Darklings","floor":41,"turns":3},{"damage":36,"enemies":"Nemesis","floor":42,"turns":2}],"seed_played":"3255809342396260656","potions_obtained":[{"floor":1,"key":"SpeedPotion"},{"floor":11,"key":"champ:CounterPotion"},{"floor":12,"key":"Regen Potion"},{"floor":19,"key":"ColorlessPotion"},{"floor":23,"key":"Languid Potion"},{"floor":27,"key":"Block Potion"},{"floor":28,"key":"FearPotion"},{"floor":39,"key":"Regen Potion"},{"floor":39,"key":"Ancient Potion"}],"is_trial":false,"path_per_floor":["M","?","?","M","?","M","E","R","T","?","?","M","$","?","R_BF","B",null,"M","M","?","?","?","E","M","M","T","E","M","MIM","?","$","R","B",null,"M","?","?","?","?","R","M","E"],"character_chosen":"THE_DEFAULT","items_purchased":["theMarked:HeritageOfTheMarked+1","Replay:Baseball","Akabeko","Strength Potion"],"campfire_rested":2,"item_purchase_floors":[13,13,31,31],"current_hp_per_floor":[70,70,70,70,70,70,56,56,56,56,56,56,56,63,63,58,77,75,75,75,75,75,63,76,58,58,4,4,4,25,25,63,42,25,24,25,25,22,20,25,23,0,0],"gold":701,"neow_bonus":"ONE_RANDOM_RARE_CARD","is_daily":false,"chose_seed":false,"campfire_upgraded":0,"win_rate":0.0,"timestamp":1608632093,"path_taken":["M","?","?","M","?","M","E","R","T","?","?","M","$","?","R_BF","BOSS","M","M","?","?","?","E","M","M","T","E","M","?","?","$","R","BOSS","M","?","?","?","?","R","M","E"],"items_purchased_type":["Card","Relic","Relic","Potion"],"build_version":"2020-12-13","purchased_purges":1,"victory":false,"max_hp_per_floor":[70,70,70,70,70,70,70,70,70,70,70,70,70,77,77,77,77,77,77,77,77,77,77,77,77,77,77,77,77,77,77,77,77,25,25,25,25,25,25,25,25,25,25],"card_choices":[{"not_picked":["theMarked:Overthink+1","theMarked:Frustration+1"],"picked":"theMarked:ShockingTouch+1","floor":1},{"not_picked":["theMarked:Parkour+1","theMarked:WastefulAttack+1"],"picked":"theMarked:StartUp+1","floor":4},{"not_picked":["theMarked:Challenge+1","theMarked:Polarize+1"],"picked":"theMarked:ChainLightning+1","floor":6},{"not_picked":["theMarked:Improvise+1","theMarked:Overthink+1"],"picked":"theMarked:ContemptForTheProud+1","floor":7},{"not_picked":["theMarked:Overthink+1","theMarked:BanishingWave+1"],"picked":"theMarked:WardOff+1","floor":12},{"not_picked":["theMarked:DispelDoubt+1","theMarked:UnarmedFury+1"],"picked":"theMarked:TurnInvisible+1","floor":16},{"not_picked":["theMarked:WardOff+1","theMarked:ElectricStrings+1"],"picked":"theMarked:BanishingStrike+1","floor":18},{"not_picked":["theMarked:TwofoldDefense+1","theMarked:WardOff+1","theMarked:ChainLightning+1"],"picked":"SKIP","floor":19},{"not_picked":["theMarked:RepellingDischarge+1","theMarked:CreepingChasm+1"],"picked":"theMarked:Indomitable+1","floor":23},{"not_picked":["theMarked:ShockingTouch+1","theMarked:Generate+1"],"picked":"theMarked:Parkour+1","floor":24},{"not_picked":["theMarked:BanishingStrike+1","theMarked:Electrocute+1"],"picked":"theMarked:Seal+1","floor":24},{"not_picked":["theMarked:TunnelVision+1","theMarked:Overcharge+1","theMarked:MaelstromOfLightning+1"],"picked":"SKIP","floor":25},{"not_picked":["theMarked:Indomitable+1","theMarked:TwofoldDefense+1","theMarked:LightningStrikesTwice+1"],"picked":"SKIP","floor":25},{"not_picked":["theMarked:SwordAndMagic+1","theMarked:Parkour+1","theMarked:Aftermath+1"],"picked":"SKIP","floor":27},{"not_picked":["theMarked:TwofoldDefense+1","theMarked:Electrocute+1"],"picked":"theMarked:EnhancedHearing+1","floor":28},{"not_picked":["theMarked:Convert+1","theMarked:PowerFlow+1","theMarked:ParalyzingBlade+1"],"picked":"SKIP","floor":28},{"not_picked":["theMarked:Convert+1","theMarked:PowerFlow+1","theMarked:ParalyzingBlade+1"],"picked":"SKIP","floor":28},{"not_picked":["theMarked:ResourceFulStrike+1","theMarked:KeepCalmAndFightOn+1"],"picked":"theMarked:ComboAttacks+1","floor":29},{"not_picked":["theMarked:SuspiciousRaven+1","theMarked:Challenge+1"],"picked":"theMarked:Defy+1","floor":33},{"not_picked":["theMarked:ResourceFulStrike+1","theMarked:WastefulAttack+1"],"picked":"theMarked:BanishingWave+1","floor":35},{"not_picked":["theMarked:WastefulAttack+1","theMarked:TwofoldDefense+1","theMarked:Aftermath+1"],"picked":"SKIP","floor":35},{"not_picked":["StuffTheSpire:Harmony","StuffTheSpire:Perfection"],"picked":"StuffTheSpire:Innocence","floor":36},{"not_picked":["ReplayTheSpireMod:Haul","infinitespire:Fortify"],"picked":"ReplayTheSpireMod:Black Plague","floor":38},{"not_picked":["theMarked:ResourceFulStrike+1","theMarked:Overthink+1","theMarked:Convert+1"],"picked":"SKIP","floor":41},{"not_picked":["theMarked:WastefulAttack+1","theMarked:FavorableWinds+1","theMarked:Improvise+1"],"picked":"SKIP","floor":41}],"player_experience":2309757,"relics_obtained":[{"floor":7,"key":"Regal Pillow"},{"floor":23,"key":"Replay:Wax Seal"},{"floor":23,"key":"Prayer Wheel"},{"floor":26,"key":"StuffTheSpire:Mouthbags"},{"floor":27,"key":"Gremlin Horn"},{"floor":27,"key":"hubris:TenFootPole"},{"floor":29,"key":"jedi:angrymask"},{"floor":29,"key":"vexMod:InvisibilityCloak"},{"floor":29,"key":"hubris:SphereOfDissonance"},{"floor":29,"key":"infinitespire:Midas Blood"}],"event_choices":[{"damage_healed":0,"gold_gain":0,"player_choice":"Simplicity","damage_taken":0,"max_hp_gain":0,"max_hp_loss":9,"event_name":"betterThird:BetterWriting","floor":0,"gold_loss":0},{"damage_healed":0,"gold_gain":0,"player_choice":"Invest 1","damage_taken":0,"max_hp_gain":0,"max_hp_loss":0,"event_name":"conspire:Investor","floor":2,"gold_loss":0},{"damage_healed":0,"gold_gain":0,"cards_transformed":["theMarked:Strike"],"player_choice":"Change","damage_taken":0,"max_hp_gain":0,"max_hp_loss":0,"event_name":"Living Wall","floor":3,"gold_loss":0,"cards_obtained":["theMarked:WardOff"]},{"damage_healed":70,"gold_gain":0,"player_choice":"Leave","damage_taken":0,"max_hp_gain":0,"max_hp_loss":70,"event_name":"betterThird:BetterShining","floor":5,"gold_loss":0},{"damage_healed":0,"gold_gain":0,"player_choice":"Bought 2 Potions","damage_taken":0,"max_hp_gain":0,"max_hp_loss":0,"event_name":"The Woman in Blue","floor":11,"gold_loss":0},{"damage_healed":0,"gold_gain":0,"player_choice":"Donut","damage_taken":0,"max_hp_gain":5,"max_hp_loss":0,"event_name":"Big Fish","floor":14,"gold_loss":0},{"damage_healed":0,"gold_gain":0,"player_choice":"Ignored","damage_taken":0,"max_hp_gain":0,"max_hp_loss":0,"event_name":"Elementarium:ElementalBlades","floor":21,"gold_loss":0},{"damage_healed":18,"gold_gain":0,"player_choice":"Rest","damage_taken":0,"max_hp_gain":0,"max_hp_loss":0,"event_name":"Elementarium:HeartOfTheVoid","floor":30,"gold_loss":0}],"is_beta":false,"boss_relics":[{"not_picked":["Painkiller Herb","StuffTheSpire:RunicConfusion","hubris:BlackHole"],"picked":"Black Star"},{"not_picked":["halation:CatFaceCupcake","vexMod:MysteryBossChallenge","Astrolabe"],"picked":"halation:Prosthetics"}],"items_purged_floors":[31],"is_endless":false,"potions_floor_spawned":[1,7,12,19,23,27,28,41],"killed_by":"Nemesis","ascension_level":0}}