{"host":"dpbezu80jg8zk7un","time":1608668759,"event":{"mods":["BaseMod","Colored Map","Colored Powertips","Custom Start","DeckTracker","Minty Spire (QoL Compilation)","Quick Restart","StSLib","SuperFastMode"],"gold_per_floor":[16,16,16,16,16,16,39,58,58,58,81,122,145,183,183,183,183],"floor_reached":16,"playtime":267,"items_purged":[],"score":219,"play_id":"0ab6047e-9255-4046-bbb2-f6c982f955be","local_time":"20201223052559","is_ascension_mode":true,"campfire_choices":[{"data":"Eruption","floor":6.0,"key":"SMITH"},{"data":"InnerPeace","floor":15.0,"key":"SMITH"}],"circlet_count":0,"master_deck":["AscendersBane","Strike_P","Strike_P","Strike_P","Defend_P+1","Defend_P+1","Defend_P","Eruption+1","Vigilance","FollowUp","Tantrum","InnerPeace+1"],"relics":["PureWater","Golden Idol","Spirit Poop","Lantern","Boot"],"acts_visited":["Exordium"],"potions_floor_usage":[],"damage_taken":[{"damage":0.0,"enemies":"2 Louse","floor":1.0,"turns":2.0},{"damage":0.0,"enemies":"Cultist","floor":7.0,"turns":2.0},{"damage":0.0,"enemies":"Jaw Worm","floor":8.0,"turns":2.0},{"damage":0.0,"enemies":"3 Louse","floor":11.0,"turns":2.0},{"damage":14.0,"enemies":"3 Sentries","floor":12.0,"turns":6.0},{"damage":0.0,"enemies":"Large Slime","floor":13.0,"turns":2.0},{"damage":11.0,"enemies":"Lagavulin","floor":14.0,"turns":5.0},{"damage":20,"enemies":"Slime Boss","floor":16,"turns":5}],"seed_played":"-7214174095235263517","potions_obtained":[{"floor":1.0,"key":"Energy Potion"},{"floor":8.0,"key":"Block Potion"},{"floor":12.0,"key":"DistilledChaos"}],"is_trial":false,"path_per_floor":["M","?","$","?","?","R","M","M","T","?","M","E","M","E","R","B"],"character_chosen":"WATCHER","items_purchased":[],"campfire_rested":0,"item_purchase_floors":[],"current_hp_per_floor":[61,61,61,61,42,42,42,42,42,42,42,28,28,17,17,0,0],"gold":183,"neow_bonus":"TRANSFORM_TWO_CARDS","is_daily":false,"chose_seed":false,"campfire_upgraded":2,"win_rate":0.0,"timestamp":1608668759,"path_taken":["M","?","?","?","?","R","M","M","T","?","?","E","M","E","R","BOSS"],"items_purchased_type":[],"build_version":"2020-12-13","purchased_purges":0,"victory":false,"max_hp_per_floor":[68,68,68,62,62,62,62,62,62,62,62,62,62,62,62,62,62],"card_choices":[{"not_picked":["FlyingSleeves","Worship","Prostrate"],"picked":"SKIP","floor":1.0},{"not_picked":["Worship","Halt","FlurryOfBlows"],"picked":"SKIP","floor":7.0},{"not_picked":["EmptyBody","Crescendo","FlurryOfBlows"],"picked":"SKIP","floor":8.0},{"not_picked":["MasterReality","FollowUp","EmptyBody"],"picked":"SKIP","floor":11.0},{"not_picked":["ThirdEye","Vengeance"],"picked":"InnerPeace","floor":12.0},{"not_picked":["Nirvana","JustLucky","EmptyBody"],"picked":"SKIP","floor":13.0},{"not_picked":["Alpha","EmptyFist","ReachHeaven"],"picked":"SKIP","floor":14.0}],"player_experience":2770720,"relics_obtained":[{"floor":12.0,"key":"Lantern"},{"floor":14.0,"key":"Boot"}],"event_choices":[{"damage_healed":0.0,"max_hp_gain":0.0,"max_hp_loss":0.0,"gold_gain":0.0,"event_name":"Wheel of Change","player_choice":"Cursed","floor":2.0,"gold_loss":0.0,"damage_taken":0.0,"cards_obtained":["Decay"]},{"damage_healed":0.0,"max_hp_gain":0.0,"max_hp_loss":6.0,"gold_gain":0.0,"event_name":"Golden Idol","player_choice":"Lose Max HP","floor":4.0,"gold_loss":0.0,"damage_taken":0.0,"relics_obtained":["Golden Idol"]},{"damage_healed":0.0,"max_hp_gain":0.0,"max_hp_loss":0.0,"gold_gain":0.0,"event_name":"Shining Light","player_choice":"Entered Light","floor":5.0,"gold_loss":0.0,"damage_taken":19.0,"cards_upgraded":["Defend_P","Defend_P"]},{"cards_removed":["Decay"],"damage_healed":0.0,"max_hp_gain":0.0,"max_hp_loss":0.0,"gold_gain":0.0,"event_name":"Bonfire Elementals","player_choice":"Offered Curse","floor":10.0,"gold_loss":0.0,"damage_taken":0.0,"relics_obtained":["Spirit Poop"]}],"is_beta":false,"boss_relics":[],"items_purged_floors":[],"is_endless":false,"potions_floor_spawned":[1,8,11,12],"killed_by":"Slime Boss","ascension_level":20}}