{"host":"ctlqibkg0sskiu65","time":1608643562,"event":{"mods":["2.2 Compatiblity","AchievementEnabler","Aspiration","BaseMod","BetterRewards","Colored Map","Colored Powertips","Conspire","Downfall","Fiend Mod","Infinite Spire","Minty Spire (QoL Compilation)","Quick Restart","Replay The Spire","Shop Mod","StSLib","The Bladedancer","The Cursed","The Hierophant","The Jungle","The Kombatant","The Servant 0.9.4","TheBandit"],"gold_per_floor":[110,110,126,126,141,158,158,177,177,211,231,243,254,254,254,358,358,369,369,79,91,106,106,106,121,195,195,195,222,240,260,260,359,359,379,394,410,452,463,463,473,499,499,499,499],"floor_reached":44,"playtime":2322,"items_purged":["Strike_R"],"score":700,"play_id":"dbd8c0fd-57f1-4b75-acb1-755d590830c9","local_time":"20201222072602","is_ascension_mode":true,"campfire_choices":[{"data":"Searing Blow","floor":7.0,"key":"SMITH"},{"data":"Searing Blow+1","floor":15.0,"key":"SMITH"},{"data":"Searing Blow+2","floor":23.0,"key":"SMITH"},{"data":"Searing Blow+3","floor":27.0,"key":"SMITH"},{"data":"Anger","floor":32.0,"key":"SMITH"},{"floor":40.0,"key":"REST"}],"circlet_count":0,"master_deck":["Strike_R","Strike_R+1","Strike_R","Defend_R","Defend_R","Defend_R+1","Defend_R","Bash+1","Searing Blow+4","ReplayTheSpireMod:Stacked","ReplayTheSpireMod:Stacked","Shrug It Off+1","Sword Boomerang","Disarm","Iron Wave","Juggernaut","Metallicize","Disarm+1","Pommel Strike+1","Feed","Flame Barrier","Anger+1","infinitespire:OneForAll+1","Impervious","Anger+1"],"relics":["Burning Blood","Counterbalance","Strawberry","Replay:Bottled Snecko","aspiration:Lifesprig","Sozu","War Paint","infinitespire:BottledMercury","Pen Nib","conspire:SpecialSausage","Replay:Mystery Machine","Blue Doll","infinitespire:Lucky Rock"],"acts_visited":["Exordium","TheCity","TheBeyond"],"potions_floor_usage":[],"damage_taken":[{"damage":0.0,"enemies":"Small Slimes","floor":1.0,"turns":4.0},{"damage":3.0,"enemies":"Jaw Worm","floor":3.0,"turns":4.0},{"damage":0.0,"enemies":"Cultist","floor":5.0,"turns":3.0},{"damage":6.0,"enemies":"conspire:2 RoseBushes","floor":6.0,"turns":7.0},{"damage":0.0,"enemies":"Exordium Thugs","floor":8.0,"turns":5.0},{"damage":0.0,"enemies":"Gremlin Nob","floor":10.0,"turns":3.0},{"damage":24.0,"enemies":"Gremlin Gang","floor":11.0,"turns":7.0},{"damage":3.0,"enemies":"2 Fungi Beasts","floor":12.0,"turns":4.0},{"damage":13.0,"enemies":"Lots of Slimes","floor":13.0,"turns":5.0},{"damage":60.0,"enemies":"Slime Boss","floor":16.0,"turns":22.0},{"damage":11.0,"enemies":"Shell Parasite","floor":18.0,"turns":5.0},{"damage":15.0,"enemies":"Spheric Guardian","floor":21.0,"turns":5.0},{"damage":1.0,"enemies":"Cultist and Chosen","floor":22.0,"turns":7.0},{"damage":6.0,"enemies":"Shelled Parasite and Fungi","floor":25.0,"turns":6.0},{"damage":17.0,"enemies":"Gremlin Leader","floor":29.0,"turns":7.0},{"damage":5.0,"enemies":"Centurion and Healer","floor":30.0,"turns":7.0},{"damage":11.0,"enemies":"Sentry and Sphere","floor":31.0,"turns":6.0},{"damage":73.0,"enemies":"Automaton","floor":33.0,"turns":10.0},{"damage":2.0,"enemies":"3 Darklings","floor":35.0,"turns":7.0},{"damage":4.0,"enemies":"Orb Walker","floor":36.0,"turns":5.0},{"damage":32.0,"enemies":"Transient","floor":37.0,"turns":5.0},{"damage":21.0,"enemies":"conspire:MimicChest","floor":38.0,"turns":11.0},{"damage":20.0,"enemies":"Jaw Worm Horde","floor":39.0,"turns":6.0},{"damage":11.0,"enemies":"4 Shapes","floor":41.0,"turns":9.0},{"damage":38.0,"enemies":"Nightmare","floor":42.0,"turns":9.0},{"damage":42,"enemies":"Reptomancer","floor":44,"turns":2}],"seed_played":"-5005084299182659370","potions_obtained":[{"floor":1.0,"key":"Explosive Potion"},{"floor":6.0,"key":"HeartOfIron"},{"floor":8.0,"key":"infinitespire:BlackPotion"},{"floor":11.0,"key":"BloodPotion"},{"floor":13.0,"key":"LifebloodPotion"},{"floor":14.0,"key":"Block Potion"},{"floor":16.0,"key":"Adrenaline Potion"}],"is_trial":false,"path_per_floor":["M","?","M","?","M","M","R","M","T","E","M","M","M","?","R","B",null,"M","?","$","M","M","R","?","M","T","R","?","E","M","M","R","B",null,"M","M","M","?","M","R","M","NM","T","E"],"character_chosen":"IRONCLAD","items_purchased":["Strawberry","Searing Blow","War Paint","Metallicize"],"campfire_rested":1,"item_purchase_floors":[0,0,20,20],"current_hp_per_floor":[87,87,87,70,76,76,76,82,82,87,69,72,65,65,65,11,87,82,82,82,73,78,78,72,72,72,72,72,78,82,77,77,13,93,96,99,73,58,47,77,72,40,40,0,0],"gold":499,"neow_bonus":"","is_daily":false,"chose_seed":false,"campfire_upgraded":5,"win_rate":0.0,"timestamp":1608643562,"path_taken":["M","?","M","?","M","M","R","?","T","E","M","M","?","?","R","BOSS","M","?","$","M","?","R","?","?","T","R","?","E","M","M","R","BOSS","M","M","M","?","?","R","?","NM","T","E"],"items_purchased_type":["Relic","Card","Relic","Card"],"build_version":"2020-12-13","purchased_purges":1,"victory":false,"max_hp_per_floor":[87,87,87,87,87,87,87,87,87,87,87,87,87,87,87,87,87,87,87,87,87,87,87,87,87,87,87,87,87,90,90,90,93,93,96,99,99,99,102,102,102,102,102,102,102],"card_choices":[{"not_picked":["Pommel Strike","Shrug It Off"],"picked":"ReplayTheSpireMod:Stacked","floor":1.0},{"not_picked":["Blood for Blood","Carnage","ReplayTheSpireMod:Limb From Limb"],"picked":"SKIP","floor":3.0},{"not_picked":["Replay:Undeath\u0027s Touch","Burning Pact","Sever Soul"],"picked":"SKIP","floor":5.0},{"not_picked":["Combust","Clothesline"],"picked":"ReplayTheSpireMod:Stacked","floor":6.0},{"not_picked":["Entrench","Blood for Blood"],"picked":"Shrug It Off","floor":8.0},{"not_picked":["Corruption","Headbutt","ReplayTheSpireMod:LeadingStrike"],"picked":"SKIP","floor":10.0},{"not_picked":["Whirlwind","ReplayTheSpireMod:LeadingStrike","True Grit"],"picked":"SKIP","floor":11.0},{"not_picked":["Shrug It Off","Pommel Strike"],"picked":"Sword Boomerang","floor":12.0},{"not_picked":["Infernal Blade","Twin Strike"],"picked":"Disarm","floor":13.0},{"not_picked":["Warcry","Headbutt"],"picked":"Iron Wave","floor":18.0},{"not_picked":["Headbutt","Cleave"],"picked":"Disarm+1","floor":21.0},{"not_picked":["Dark Embrace","Replay:Undeath\u0027s Touch+1"],"picked":"Pommel Strike+1","floor":22.0},{"not_picked":["Pommel Strike","Headbutt+1","Wild Strike"],"picked":"SKIP","floor":25.0},{"not_picked":["Bloodletting","True Grit"],"picked":"Feed","floor":29.0},{"not_picked":["Body Slam","ReplayTheSpireMod:Strike From Hell"],"picked":"Flame Barrier","floor":30.0},{"not_picked":["Wild Strike","True Grit"],"picked":"Anger","floor":31.0},{"not_picked":["Rupture","Entrench","Sword Boomerang"],"picked":"SKIP","floor":35.0},{"not_picked":["Massacre+1","Twin Strike+1","conspire:Charge"],"picked":"SKIP","floor":36.0},{"not_picked":["Feel No Pain","Shrug It Off+1"],"picked":"infinitespire:OneForAll+1","floor":37.0},{"not_picked":["Wild Strike+1","Iron Wave"],"picked":"Impervious","floor":39.0},{"not_picked":["Second Wind","ReplayTheSpireMod:Strike From Hell+1"],"picked":"Anger+1","floor":41.0},{"not_picked":["Replay:Many Hands","Pommel Strike+1","Replay:Undeath\u0027s Touch"],"picked":"SKIP","floor":42.0}],"player_experience":165421,"relics_obtained":[{"floor":9.0,"key":"Replay:Bottled Snecko"},{"floor":10.0,"key":"aspiration:Lifesprig"},{"floor":26.0,"key":"infinitespire:BottledMercury"},{"floor":29.0,"key":"Pen Nib"},{"floor":38.0,"key":"Replay:Mystery Machine"},{"floor":42.0,"key":"Blue Doll"},{"floor":43.0,"key":"infinitespire:Lucky Rock"}],"event_choices":[{"damage_healed":0.0,"max_hp_gain":0.0,"max_hp_loss":0.0,"gold_gain":0.0,"event_name":"Shining Light","player_choice":"Entered Light","floor":4.0,"gold_loss":0.0,"damage_taken":17.0,"cards_upgraded":["Bash","Strike_R"]},{"damage_healed":0.0,"max_hp_gain":0.0,"max_hp_loss":0.0,"gold_gain":0.0,"event_name":"Lab","player_choice":"Got Potions","floor":14.0,"gold_loss":0.0,"damage_taken":0.0},{"damage_healed":0.0,"max_hp_gain":0.0,"max_hp_loss":0.0,"gold_gain":0.0,"cards_transformed":["Strike_R"],"event_name":"Transmorgrifier","player_choice":"Transformed","floor":19.0,"gold_loss":0.0,"damage_taken":0.0,"cards_obtained":["Juggernaut"]},{"damage_healed":0.0,"max_hp_gain":0.0,"max_hp_loss":0.0,"gold_gain":0.0,"event_name":"Knowing Skull","player_choice":"","floor":24.0,"potions_obtained":[],"gold_loss":0.0,"damage_taken":6.0,"cards_obtained":[]},{"damage_healed":0.0,"max_hp_gain":0.0,"max_hp_loss":0.0,"gold_gain":0.0,"event_name":"Vampires","player_choice":"Ignored","floor":28.0,"gold_loss":0.0,"damage_taken":0.0}],"is_beta":false,"boss_relics":[{"not_picked":["Fusion Hammer","Ooze Armor"],"picked":"Sozu"},{"not_picked":["Snecko Eye","Fiend:Scarf"],"picked":"conspire:SpecialSausage"}],"items_purged_floors":[20],"is_endless":false,"potions_floor_spawned":[1,6,8,11,13,16,21,22,25,30,35,41],"killed_by":"Reptomancer","ascension_level":1}}