{"host":"ju72hehuqt4nkzh9","time":1608678356,"event":{"mods":["Aspiration","BaseMod","BetterRewards","Downfall","Minty Spire (QoL Compilation)","Retaliation","StSLib"],"gold_per_floor":[114,125,145,164,164,199,199,219,219,219,219,219,244,270,270,373,373,385,400,325,343,4,4,20,20,20],"floor_reached":25,"playtime":1349,"items_purged":["Strike_R","Strike_R"],"score":435,"play_id":"7093ffb7-43ef-46bd-b886-02662bf6bccc","local_time":"20201223120556","is_ascension_mode":true,"campfire_choices":[{"data":"True Grit","floor":7,"key":"SMITH"},{"data":"Flame Barrier","floor":10,"key":"SMITH"},{"data":"Carnage","floor":12,"key":"SMITH"},{"data":"expansioncontent:StudyTheSpire","floor":15,"key":"SMITH"},{"floor":23,"key":"REST"}],"circlet_count":0,"master_deck":["Strike_R","Strike_R","Defend_R","Defend_R","Defend_R","Defend_R","Bash","Flame Barrier+1","expansioncontent:StudyTheSpire+1","Carnage+1","True Grit+1","Second Wind","Disarm","Bloodletting","Barricade","Shrug It Off","Chrysalis","Seeing Red","Ghostly Armor"],"relics":["Burning Blood","DDmod:BarbedSlagRelic","aspiration:HiddenCompartment","Odd Mushroom","Girya","Toy Ornithopter","Letter Opener","Omamori","Philosopher\u0027s Stone","Membership Card"],"acts_visited":["Exordium","TheCity"],"potions_floor_usage":[6,8,16,25],"damage_taken":[{"damage":8,"enemies":"Jaw Worm","floor":1,"turns":7},{"damage":0,"enemies":"Small Slimes","floor":2,"turns":4},{"damage":0,"enemies":"2 Louse","floor":3,"turns":4},{"damage":11,"enemies":"Looter","floor":4,"turns":4},{"damage":30,"enemies":"Gremlin Nob","floor":6,"turns":4},{"damage":7,"enemies":"The Mushroom Lair","floor":8,"turns":4},{"damage":1,"enemies":"Lagavulin","floor":13,"turns":7},{"damage":19,"enemies":"The Guardian","floor":16,"turns":10},{"damage":7,"enemies":"Chosen","floor":18,"turns":5},{"damage":33,"enemies":"Spheric Guardian","floor":19,"turns":7},{"damage":39,"enemies":"Snake Plant","floor":21,"turns":7},{"damage":20,"enemies":"Snecko","floor":24,"turns":12},{"damage":33,"enemies":"Gremlin Leader","floor":25,"turns":2}],"seed_played":"1517154467081363559","potions_obtained":[{"floor":2,"key":"PowerPotion"},{"floor":6,"key":"champ:CounterPotion"},{"floor":13,"key":"Energy Potion"},{"floor":24,"key":"Energy Potion"}],"is_trial":false,"path_per_floor":["M","M","M","M","?","E","R","?","T","R","?","R","E","T","R","B",null,"M","M","?","M","$","R","M","E"],"character_chosen":"IRONCLAD","items_purchased":["Flame Barrier","expansioncontent:StudyTheSpire","Membership Card","Chrysalis","Seeing Red"],"campfire_rested":1,"item_purchase_floors":[0,0,22,22,22],"current_hp_per_floor":[70,76,80,75,75,51,51,50,50,50,47,47,52,52,52,44,71,70,43,43,10,10,34,20,0,0],"gold":20,"neow_bonus":"","is_daily":false,"chose_seed":false,"campfire_upgraded":4,"win_rate":0.0,"timestamp":1608678356,"path_taken":["M","M","M","M","?","E","R","?","T","R","?","R","E","?","R","BOSS","M","M","?","M","$","R","M","E"],"items_purchased_type":["Card","Card","Relic","Card","Card"],"build_version":"2020-12-13","purchased_purges":2,"victory":false,"max_hp_per_floor":[80,80,80,80,80,80,80,80,80,80,80,80,80,80,80,80,80,80,80,80,80,80,80,80,80,80],"card_choices":[{"not_picked":["Battle Trance","Thunderclap"],"picked":"Carnage","floor":1},{"not_picked":["Cleave","Headbutt","DDmod:CallousedSkill"],"picked":"SKIP","floor":2},{"not_picked":["Dropkick","Wild Strike","Rage"],"picked":"SKIP","floor":3},{"not_picked":["Burning Pact","Heavy Blade"],"picked":"True Grit","floor":4},{"not_picked":["Wild Strike","Flex"],"picked":"Second Wind","floor":6},{"not_picked":["Second Wind","Shrug It Off"],"picked":"Disarm","floor":8},{"not_picked":["DDmod:GrandUltimatumAttack","Thunderclap"],"picked":"Bloodletting","floor":13},{"not_picked":["Double Tap","Limit Break"],"picked":"Barricade","floor":16},{"not_picked":["DDmod:RapidStrikeAttack+1","Intimidate"],"picked":"Shrug It Off","floor":18},{"not_picked":["DDmod:CallousedSkill","Flex","Twin Strike"],"picked":"SKIP","floor":19},{"not_picked":["True Grit+1","Evolve+1","Dark Embrace+1"],"picked":"SKIP","floor":21},{"not_picked":["Evolve","Battle Trance"],"picked":"Ghostly Armor","floor":24}],"player_experience":351928,"relics_obtained":[{"floor":6,"key":"aspiration:HiddenCompartment"},{"floor":8,"key":"Odd Mushroom"},{"floor":9,"key":"Girya"},{"floor":13,"key":"Letter Opener"},{"floor":14,"key":"Omamori"}],"event_choices":[{"damage_healed":0,"gold_gain":0,"player_choice":"Fought Mushrooms","damage_taken":0,"max_hp_gain":0,"max_hp_loss":0,"event_name":"Mushrooms","floor":8,"gold_loss":0},{"damage_healed":0,"gold_gain":0,"player_choice":"Success","damage_taken":3,"relics_obtained":["Toy Ornithopter"],"max_hp_gain":0,"max_hp_loss":0,"event_name":"Scrap Ooze","floor":11,"gold_loss":0},{"cards_removed":["Strike_R"],"damage_healed":0,"gold_gain":0,"player_choice":"Gave Gold","damage_taken":0,"max_hp_gain":0,"max_hp_loss":0,"event_name":"Beggar","floor":20,"gold_loss":75}],"is_beta":false,"boss_relics":[{"not_picked":["aspiration:FutureDiary","Runic Cube"],"picked":"Philosopher\u0027s Stone"}],"items_purged_floors":[0,22],"is_endless":false,"potions_floor_spawned":[2,6,13,24],"killed_by":"Gremlin Leader","ascension_level":8}}