{"host":"svwqvw2il1zfkkg0","time":1608596919,"event":{"mods":["AchievementEnabler","BaseMod","BetterRewards","Colored Map","Colored Powertips","Custom Start","Downfall","GifTheSpireLib","Highlight Path","Hubris","Infinite Spire","Minty Spire (QoL Compilation)","Quick Restart","Replay The Spire","Shop Mod","StSLib","SuperFastMode"],"gold_per_floor":[113,130,147,107,119,119,144,144,144,144,155,155,188,201,201,299,299,315,315,325,325,335,335,370,320,344,374,405,417,429,429],"floor_reached":30,"playtime":1003,"items_purged":[],"score":262,"play_id":"25dee86a-f944-49c6-89d7-3d1a251dde3f","local_time":"20201221162839","is_ascension_mode":false,"campfire_choices":[{"data":"Crippling Poison","floor":6,"key":"SMITH"},{"floor":8,"key":"REST"},{"data":"Dagger Spray","floor":10,"key":"SMITH"},{"data":"Draining Mist","floor":12,"key":"SMITH"},{"data":"All Out Attack","floor":15,"key":"SMITH"},{"floor":23,"key":"REST"}],"circlet_count":0,"master_deck":["Strike_G","Strike_G","Strike_G","Strike_G","Strike_G","Defend_G","Defend_G","Defend_G","Defend_G","Defend_G","Survivor","Neutralize","Quick Slash","Dagger Spray+1","Crippling Poison+1","Masterful Stab","Noxious Fumes","Draining Mist+1","All Out Attack+1","Bullet Time","Prepared+1","Poisoned Stab","Prepared+1","Replay:Bag of Tricks","Poisoned Stab","Bullet Time"],"relics":["Ring of the Snake","Bag of Preparation","Calipers","infinitespire:Lychee Nut","hubris:Zylophone","Philosopher\u0027s Stone","Snake Skull","MawBank"],"acts_visited":["Exordium","TheCity"],"potions_floor_usage":[7,13,16,16,18,22,24,28],"damage_taken":[{"damage":6,"enemies":"2 Louse","floor":1,"turns":4},{"damage":0,"enemies":"Cultist","floor":2,"turns":3},{"damage":2,"enemies":"Small Slimes","floor":3,"turns":3},{"damage":9,"enemies":"2 Fungi Beasts","floor":5,"turns":3},{"damage":18,"enemies":"Gremlin Nob","floor":7,"turns":4},{"damage":12,"enemies":"Large Slime","floor":11,"turns":3},{"damage":11,"enemies":"Lagavulin","floor":13,"turns":6},{"damage":1,"enemies":"Red Slaver","floor":14,"turns":4},{"damage":5,"enemies":"Fading Forest","floor":16,"turns":11},{"damage":0,"enemies":"Shell Parasite","floor":18,"turns":2},{"damage":2,"enemies":"Chosen","floor":20,"turns":4},{"damage":20,"enemies":"Shelled Parasite and Fungi","floor":22,"turns":4},{"damage":25,"enemies":"Slavers","floor":24,"turns":3},{"damage":1,"enemies":"Snake Plant","floor":27,"turns":2},{"damage":30,"enemies":"Centurion and Healer","floor":28,"turns":4},{"damage":21,"enemies":"Sentry and Sphere","floor":30,"turns":3}],"seed_played":"770113835004078636","potions_obtained":[{"floor":1,"key":"Swift Potion"},{"floor":4,"key":"ColorlessPotion"},{"floor":4,"key":"ColorlessPotion"},{"floor":7,"key":"Weak Potion"},{"floor":11,"key":"Dexterity Potion"},{"floor":14,"key":"Strength Potion"},{"floor":16,"key":"Reflective Coating"},{"floor":18,"key":"SpeedPotion"},{"floor":27,"key":"Swift Potion"}],"is_trial":false,"path_per_floor":["M","M","M","?","M","R","E","R","T","R","M","R","E","M","R","B",null,"M","?","M","?","M","R","E","?","T","M","M","?","M"],"character_chosen":"THE_SILENT","items_purchased":[],"campfire_rested":2,"item_purchase_floors":[],"current_hp_per_floor":[64,64,62,62,53,53,35,56,52,52,42,42,37,42,42,52,52,52,52,52,52,35,50,30,30,30,34,10,10,0,0],"gold":429,"neow_bonus":"RANDOM_COMMON_RELIC","is_daily":false,"chose_seed":false,"campfire_upgraded":4,"win_rate":0.0,"timestamp":1608596919,"path_taken":["M","M","M","?","M","R","E","R","T","R","M","R","E","?","R","BOSS","M","?","M","?","M","R","E","?","T","M","?","?","M"],"items_purchased_type":[],"build_version":"2020-12-13","purchased_purges":0,"victory":false,"max_hp_per_floor":[70,70,70,70,70,70,70,70,52,52,52,52,52,52,52,52,52,52,52,52,52,52,52,52,52,52,52,52,52,52,52],"card_choices":[{"not_picked":["Accuracy","ReplayTheSpireMod:Speed Training"],"picked":"Quick Slash","floor":1},{"not_picked":["Deadly Poison","Heel Hook"],"picked":"Dagger Spray","floor":2},{"not_picked":["Outmaneuver","ReplayTheSpireMod:Tripwire"],"picked":"Crippling Poison","floor":3},{"not_picked":["Terror","Blade Dance"],"picked":"Masterful Stab","floor":5},{"not_picked":["Tactician","Dodge and Roll"],"picked":"Noxious Fumes","floor":7},{"not_picked":["hubris:SlightOfHand","hubris:Counter"],"picked":"Draining Mist","floor":11},{"not_picked":["hubris:TrickCloak","hubris:Sniper","Accuracy"],"picked":"SKIP","floor":13},{"not_picked":["Skewer","Deflect"],"picked":"All Out Attack","floor":14},{"not_picked":["Storm of Steel","Replay:Bag of Tricks"],"picked":"Bullet Time","floor":16},{"not_picked":["Dodge and Roll","Backflip"],"picked":"Prepared+1","floor":18},{"not_picked":["Outmaneuver","hubris:Counter"],"picked":"Prepared+1","floor":20},{"not_picked":["Heel Hook","Accuracy+1","Deflect"],"picked":"SKIP","floor":22},{"not_picked":["Blade Dance","Slice+1"],"picked":"Replay:Bag of Tricks","floor":24},{"not_picked":["Eviscerate","Sucker Punch","Sneak Up+1"],"picked":"SKIP","floor":27},{"not_picked":["Deflect","Backflip"],"picked":"Poisoned Stab","floor":28}],"player_experience":408092,"relics_obtained":[{"floor":7,"key":"Calipers"},{"floor":9,"key":"infinitespire:Lychee Nut"},{"floor":13,"key":"hubris:Zylophone"},{"floor":24,"key":"Snake Skull"},{"floor":26,"key":"MawBank"}],"event_choices":[{"damage_healed":0,"gold_gain":0,"player_choice":"Bought 3 Potions","damage_taken":0,"max_hp_gain":0,"max_hp_loss":0,"event_name":"The Woman in Blue","floor":4,"gold_loss":0},{"damage_healed":0,"gold_gain":0,"player_choice":"Read","damage_taken":0,"max_hp_gain":0,"max_hp_loss":0,"event_name":"The Library","floor":19,"gold_loss":0,"cards_obtained":["Poisoned Stab"]},{"damage_healed":0,"gold_gain":0,"player_choice":"Bet on Murderer","damage_taken":0,"max_hp_gain":0,"max_hp_loss":0,"event_name":"The Joust","floor":25,"gold_loss":50},{"damage_healed":0,"gold_gain":0,"player_choice":"Copied","damage_taken":0,"max_hp_gain":0,"max_hp_loss":0,"event_name":"Duplicator","floor":29,"gold_loss":0,"cards_obtained":["Bullet Time"]}],"is_beta":false,"boss_relics":[{"not_picked":["hubris:VirtuousBlindfold","SacredBark"],"picked":"Philosopher\u0027s Stone"}],"items_purged_floors":[],"is_endless":false,"potions_floor_spawned":[1,7,11,14,16,18,27],"killed_by":"Sentry and Sphere","ascension_level":0}}