{"host":"us3h3uu81h0qiv17","time":1608644525,"event":{"mods":["AchievementEnabler","BaseMod","Colored Map","Colored Powertips","DeckTracker","Highlight Path","Keyboard Shortcuts","Minty Spire (QoL Compilation)","Quick Restart","Relic Stats","StSLib","SuperFastMode"],"gold_per_floor":[17,29,29,43,61,87,87,118,118,133,144,144,94,169,169,272,272,291,291,20,33,33,33,33,66,66,66,86,86,98,116,116,211,211,225,88,88,106,119,119,135,135,135,235,269,282,300,8,8,8,8],"floor_reached":50,"playtime":1195,"items_purged":["Strike_G","Strike_G"],"score":720,"play_id":"e40745e5-25dd-4b2f-9ba4-0b8b38084db9","local_time":"20201222224205","is_ascension_mode":true,"campfire_choices":[{"data":"Infinite Blades","floor":7.0,"key":"SMITH"},{"floor":12.0,"key":"REST"},{"data":"Accuracy","floor":15.0,"key":"SMITH"},{"data":"Backstab","floor":23.0,"key":"SMITH"},{"floor":27.0,"key":"REST"},{"data":"Backflip","floor":29.0,"key":"SMITH"},{"floor":32.0,"key":"REST"},{"data":"Die Die Die","floor":40.0,"key":"SMITH"},{"floor":42.0,"key":"REST"},{"data":"Blade Dance","floor":49,"key":"SMITH"}],"circlet_count":0,"master_deck":["Strike_G","Strike_G","Defend_G","Defend_G","Defend_G","Defend_G+1","Survivor+1","Neutralize+1","Flying Knee","Prepared","Dagger Throw","Infinite Blades+1","Backflip+1","Poisoned Stab","Accuracy+1","Die Die Die+1","Acrobatics","Backstab+1","Cloak And Dagger+1","Accuracy+1","Cloak And Dagger+1","Accuracy+1","Dark Shackles","Infinite Blades+1","Blade Dance+1"],"relics":["Ring of the Snake","FossilizedHelix","War Paint","Regal Pillow","Shuriken","SlaversCollar","Bronze Scales","Frozen Egg 2","Bottled Flame","PreservedInsect","Sundial","Mummified Hand"],"acts_visited":["Exordium","TheCity","TheBeyond"],"potions_floor_usage":[50],"damage_taken":[{"damage":0.0,"enemies":"Cultist","floor":1.0,"turns":4.0},{"damage":0.0,"enemies":"Small Slimes","floor":2.0,"turns":3.0},{"damage":0.0,"enemies":"Jaw Worm","floor":4.0,"turns":3.0},{"damage":0.0,"enemies":"Blue Slaver","floor":5.0,"turns":3.0},{"damage":14.0,"enemies":"Gremlin Nob","floor":6.0,"turns":5.0},{"damage":31.0,"enemies":"Lagavulin","floor":8.0,"turns":7.0},{"damage":0.0,"enemies":"3 Louse","floor":10.0,"turns":2.0},{"damage":0.0,"enemies":"Red Slaver","floor":11.0,"turns":3.0},{"damage":0.0,"enemies":"Slime Boss","floor":16.0,"turns":8.0},{"damage":11.0,"enemies":"Spheric Guardian","floor":18.0,"turns":4.0},{"damage":8.0,"enemies":"Shell Parasite","floor":21.0,"turns":6.0},{"damage":22.0,"enemies":"Slavers","floor":25.0,"turns":3.0},{"damage":22.0,"enemies":"Snake Plant","floor":28.0,"turns":3.0},{"damage":6.0,"enemies":"Cultist and Chosen","floor":30.0,"turns":4.0},{"damage":16.0,"enemies":"Shelled Parasite and Fungi","floor":31.0,"turns":3.0},{"damage":17.0,"enemies":"Champ","floor":33.0,"turns":8.0},{"damage":0.0,"enemies":"3 Shapes","floor":35.0,"turns":3.0},{"damage":8.0,"enemies":"3 Darklings","floor":38.0,"turns":4.0},{"damage":0.0,"enemies":"Sphere and 2 Shapes","floor":39.0,"turns":3.0},{"damage":20.0,"enemies":"4 Shapes","floor":41.0,"turns":4.0},{"damage":18.0,"enemies":"Giant Head","floor":45.0,"turns":6.0},{"damage":0,"enemies":"Transient","floor":46,"turns":5},{"damage":0,"enemies":"Maw","floor":47,"turns":6},{"damage":59,"enemies":"Donu and Deca","floor":50,"turns":3}],"seed_played":"1805040599092215062","potions_obtained":[{"floor":5.0,"key":"Explosive Potion"},{"floor":6.0,"key":"GamblersBrew"},{"floor":8.0,"key":"Dexterity Potion"},{"floor":10.0,"key":"Ancient Potion"},{"floor":11.0,"key":"Weak Potion"},{"floor":18.0,"key":"DistilledChaos"},{"floor":25.0,"key":"Fruit Juice"},{"floor":38.0,"key":"SkillPotion"},{"floor":41.0,"key":"SneckoOil"},{"floor":47,"key":"Poison Potion"}],"is_trial":false,"path_per_floor":["M","M","?","M","M","E","R","E","T","M","M","R","?","?","R","B",null,"M","?","$","M","?","R","$","E","T","R","M","R","M","M","R","B",null,"M","$","?","M","M","R","M","R","T","?","E","M","M","$","R","B"],"character_chosen":"THE_SILENT","items_purchased":["Bronze Scales","Acrobatics","Accuracy+1","Blade Dance","Mummified Hand"],"campfire_rested":4,"item_purchase_floors":[20,20,36,48,48],"current_hp_per_floor":[63,63,63,63,63,49,49,18,18,18,18,54,54,43,43,43,63,52,52,52,44,44,44,44,22,22,58,36,36,30,19,56,39,66,66,66,66,58,58,58,38,75,75,75,57,57,57,57,57,0,0],"gold":8,"neow_bonus":"ONE_RARE_RELIC","is_daily":false,"chose_seed":false,"campfire_upgraded":6,"win_rate":0.0,"timestamp":1608644525,"path_taken":["M","M","?","M","?","E","R","E","T","M","M","R","?","?","R","BOSS","M","?","$","?","?","R","?","E","T","R","M","R","M","M","R","BOSS","M","$","?","M","M","R","M","R","T","?","E","M","M","$","R","BOSS"],"items_purchased_type":["Relic","Card","Card","Card","Relic"],"build_version":"2020-12-13","purchased_purges":2,"victory":false,"max_hp_per_floor":[70,70,70,70,70,70,70,70,70,70,70,70,70,70,70,70,70,70,70,70,70,70,70,70,70,70,70,70,70,70,75,75,75,75,75,75,75,75,75,75,75,75,75,75,75,75,75,75,75,75,75],"relic_stats":{"Regal Pillow":60,"counters":[24,103],"Shuriken":[61],"Sundial":[0],"Mummified Hand":[4],"Bronze Scales":[160],"PreservedInsect":125,"War Paint":["Survivor","Defend_G"],"obtain_stats":[{"SlaversCollar":17,"Regal Pillow":8,"Bottled Flame":26,"Shuriken":9,"Sundial":45,"Mummified Hand":48,"Bronze Scales":20,"PreservedInsect":43,"War Paint":6,"Frozen Egg 2":25,"FossilizedHelix":0,"Ring of the Snake":0},{"SlaversCollar":9,"Regal Pillow":6,"Bottled Flame":12,"Shuriken":6,"Sundial":21,"Mummified Hand":23,"Bronze Scales":10,"PreservedInsect":20,"War Paint":5,"Frozen Egg 2":12,"FossilizedHelix":0,"Ring of the Snake":0},{"SlaversCollar":38,"Regal Pillow":25,"Bottled Flame":51,"Shuriken":25,"Sundial":89,"Mummified Hand":100,"Bronze Scales":42,"PreservedInsect":83,"War Paint":18,"Frozen Egg 2":51,"FossilizedHelix":0,"Ring of the Snake":0}],"Ring of the Snake":[48]},"card_choices":[{"not_picked":["Cloak And Dagger","Blade Dance"],"picked":"Flying Knee","floor":1.0},{"not_picked":["Flying Knee","Blade Dance"],"picked":"Prepared","floor":2.0},{"not_picked":["Dodge and Roll","Catalyst"],"picked":"Dagger Throw","floor":4.0},{"not_picked":["Quick Slash","Outmaneuver"],"picked":"Infinite Blades","floor":5.0},{"not_picked":["After Image","Distraction"],"picked":"Backflip","floor":6.0},{"not_picked":["PiercingWail","Deflect"],"picked":"Poisoned Stab","floor":8.0},{"not_picked":["Cloak And Dagger","Skewer","Prepared"],"picked":"SKIP","floor":10.0},{"not_picked":["Bane","Caltrops"],"picked":"Accuracy","floor":11.0},{"not_picked":["Burst","Corpse Explosion"],"picked":"Die Die Die","floor":16.0},{"not_picked":["Cloak And Dagger","Deadly Poison+1","Prepared"],"picked":"SKIP","floor":18.0},{"not_picked":["Blur","Dagger Throw+1"],"picked":"Backstab","floor":21.0},{"not_picked":["Glass Knife","Sucker Punch+1"],"picked":"Cloak And Dagger+1","floor":25.0},{"not_picked":["Acrobatics+1","Bane"],"picked":"Accuracy+1","floor":28.0},{"not_picked":["Cloak And Dagger","Dagger Spray","Skewer"],"picked":"SKIP","floor":30.0},{"not_picked":["Slice","Deflect","Catalyst"],"picked":"SKIP","floor":31.0},{"not_picked":["Slice","Deflect","Catalyst"],"picked":"SKIP","floor":31.0},{"not_picked":["Dagger Spray","PiercingWail"],"picked":"Cloak And Dagger+1","floor":35.0},{"not_picked":["PanicButton","Forethought"],"picked":"Dark Shackles","floor":37.0},{"not_picked":["Bane+1","Flying Knee+1"],"picked":"Infinite Blades+1","floor":38.0},{"not_picked":["Dagger Throw","Bane+1","Outmaneuver"],"picked":"SKIP","floor":39.0},{"not_picked":["Underhanded Strike","Bouncing Flask","Slice"],"picked":"SKIP","floor":41.0},{"not_picked":["Reflex+1","Dash","PiercingWail+1"],"picked":"SKIP","floor":45.0},{"not_picked":["Well Laid Plans+1","Setup","Dagger Spray+1"],"picked":"SKIP","floor":46},{"not_picked":["Sucker Punch","Catalyst+1","Underhanded Strike"],"picked":"SKIP","floor":47}],"player_experience":104641,"relics_obtained":[{"floor":6.0,"key":"War Paint"},{"floor":8.0,"key":"Regal Pillow"},{"floor":9.0,"key":"Shuriken"},{"floor":25.0,"key":"Frozen Egg 2"},{"floor":26.0,"key":"Bottled Flame"},{"floor":43.0,"key":"PreservedInsect"},{"floor":45.0,"key":"Sundial"}],"event_choices":[{"damage_healed":0.0,"max_hp_gain":0.0,"max_hp_loss":0.0,"gold_gain":0.0,"event_name":"Upgrade Shrine","player_choice":"Upgraded","floor":3.0,"gold_loss":0.0,"damage_taken":0.0,"cards_upgraded":["Neutralize"]},{"cards_removed":["Strike_G"],"damage_healed":0.0,"max_hp_gain":0.0,"max_hp_loss":0.0,"gold_gain":0.0,"event_name":"The Cleric","player_choice":"Card Removal","floor":13.0,"gold_loss":50.0,"damage_taken":0.0},{"damage_healed":0.0,"max_hp_gain":0.0,"max_hp_loss":0.0,"gold_gain":75.0,"event_name":"World of Goop","player_choice":"Gather Gold","floor":14.0,"gold_loss":0.0,"damage_taken":11.0},{"cards_removed":["Defend_G"],"damage_healed":0.0,"max_hp_gain":0.0,"max_hp_loss":0.0,"gold_gain":0.0,"event_name":"Purifier","player_choice":"Purged","floor":19.0,"gold_loss":0.0,"damage_taken":0.0},{"damage_healed":0.0,"max_hp_gain":0.0,"max_hp_loss":0.0,"gold_gain":0.0,"event_name":"Ghosts","player_choice":"Ignored","floor":22.0,"gold_loss":0.0,"damage_taken":0.0},{"damage_healed":0.0,"max_hp_gain":0.0,"max_hp_loss":0.0,"gold_gain":0.0,"event_name":"SensoryStone","player_choice":"Memory 1","floor":37.0,"gold_loss":0.0,"damage_taken":0.0},{"damage_healed":0.0,"max_hp_gain":0.0,"max_hp_loss":0.0,"gold_gain":100.0,"event_name":"Golden Shrine","player_choice":"Pray","floor":44.0,"gold_loss":0.0,"damage_taken":0.0}],"is_beta":false,"boss_relics":[{"not_picked":["Snecko Eye","Astrolabe"],"picked":"SlaversCollar"},{"not_picked":["Velvet Choker","Runic Dome","Philosopher\u0027s Stone"]}],"items_purged_floors":[20,36],"is_endless":false,"potions_floor_spawned":[5,6,8,10,11,18,25,38,41,47],"killed_by":"Donu and Deca","ascension_level":6}}