{"host":"yb1yv0i4ygq2c9jc","time":1608614385,"event":{"mods":["AchievementEnabler","BaseMod","Bestiary","Better Third Choice","Colored Powertips","Displayed Cursed Tome","Downfall","Mimic Mod","Minty Spire (QoL Compilation)","Rare Cards Sparkle","Relic Stats","StSLib","The Servant 0.9.4"],"gold_per_floor":[99,119,29,179,209,223,223,242,242,262,290,290,215,215,229,329,329,329,347,368,368,368,191,218,218,246,264,233,254,254,292,311,414,414,339,359,459,231,255,284,332,357,282,296,296,296,315,415,431,431,431,465,53,53,53],"floor_reached":56,"playtime":6060,"items_purged":["hexamod:Strike","hexamod:Strike","Slimebound:Icky"],"score":1251,"play_id":"c40a5247-9587-4c34-8ead-47edc41d28d3","local_time":"20201221211945","is_ascension_mode":false,"campfire_choices":[{"data":"hexamod:Sear","floor":1,"key":"SMITH"},{"data":"hexamod:Float","floor":9,"key":"SMITH"},{"data":"hexamod:SearingWound","floor":13,"key":"SMITH"},{"data":"hexamod:Incineration","floor":18,"key":"SMITH"},{"floor":35,"key":"RECALL"},{"data":"expansioncontent:DefensiveStance","floor":43,"key":"SMITH"},{"data":"hexamod:HeatMetal","floor":45,"key":"SMITH"},{"data":"expansioncontent:DecasProtection","floor":54,"key":"SMITH"}],"circlet_count":0,"master_deck":["hexamod:Strike+1","hexamod:Defend+1","hexamod:Defend+1","hexamod:Defend+1","hexamod:Defend","hexamod:Sear+1","hexamod:Float+1","hexamod:BurningTouch+1","hexamod:Incineration+1","hexamod:ShieldOfDarkness+1","hexamod:SearingWound+1","hexamod:RecurringNightmare+1","hexamod:ChargedBarrage+1","hexamod:HeatShield+1","hexamod:SearingWound+1","hexamod:ChargedBarrage+1","expansioncontent:DefensiveStance+1","hexamod:PowerFromBeyond+1","hexamod:PowerFromBeyond","hexamod:RecurringNightmare","hexamod:StepThrough+1","hexamod:FirstSeal","hexamod:Hexaguard","hexamod:FourthSeal","hexamod:Incineration","hexamod:HeatMetal+1","hexamod:RadiantFlame+1","hexamod:ExtraCrispy","expansioncontent:DecasProtection+1"],"relics":["hexamod:SpiritBrand","Torii","Bag of Preparation","Potion Belt","War Paint","downfall:HeartBlessingGreen","StoneCalendar","hexamod:IceCube","Strawberry","Kunai","Runic Pyramid","downfall:HeartBlessingBlue","Toy Ornithopter","Unceasing Top","Bird Faced Urn","hexamod:TheBrokenSeal","downfall:HeartBlessingRed","downfall:GremlinWheel","Ice Cream","Turnip"],"acts_visited":["TheCity","TheBeyond","TheEnding"],"potions_floor_usage":[16,23,23,27,28,28,30,31,33,36,37,40,40,40,42,55,55,55,55,55,55],"damage_taken":[{"damage":1,"enemies":"2 Louse","floor":2,"turns":3},{"damage":0,"enemies":"downfall:FleeingMerchant","floor":3,"turns":4},{"damage":0,"enemies":"Jaw Worm","floor":5,"turns":7},{"damage":2,"enemies":"Jaw Worm","floor":6,"turns":3},{"damage":0,"enemies":"Cultist","floor":8,"turns":3},{"damage":0,"enemies":"Exordium Thugs","floor":10,"turns":5},{"damage":14,"enemies":"3 Sentries","floor":11,"turns":7},{"damage":1,"enemies":"Large Slime","floor":15,"turns":4},{"damage":15,"enemies":"downfall:Watcher","floor":16,"turns":7},{"damage":16,"enemies":"3 Byrds","floor":19,"turns":6},{"damage":1,"enemies":"Shelled Parasite and Fungi","floor":20,"turns":5},{"damage":3,"enemies":"downfall:FleeingMerchant","floor":23,"turns":4},{"damage":13,"enemies":"Centurion and Healer","floor":26,"turns":7},{"damage":9,"enemies":"Snake Plant","floor":27,"turns":4},{"damage":0,"enemies":"downfall:FleeingMerchant","floor":28,"turns":4},{"damage":0,"enemies":"Shelled Parasite and Fungi","floor":29,"turns":6},{"damage":0,"enemies":"Cultist and Chosen","floor":30,"turns":1},{"damage":7,"enemies":"Book of Stabbing","floor":31,"turns":7},{"damage":0,"enemies":"Centurion and Healer","floor":32,"turns":4},{"damage":11,"enemies":"downfall:Silent","floor":33,"turns":8},{"damage":11,"enemies":"3 Darklings","floor":36,"turns":7},{"damage":1,"enemies":"3 Darklings","floor":37,"turns":3},{"damage":13,"enemies":"Orb Walker","floor":39,"turns":4},{"damage":49,"enemies":"Reptomancer","floor":40,"turns":5},{"damage":3,"enemies":"4 Shapes","floor":41,"turns":8},{"damage":37,"enemies":"4 Shapes","floor":42,"turns":7},{"damage":0,"enemies":"Spire Growth","floor":44,"turns":4},{"damage":1,"enemies":"Jaw Worm Horde","floor":47,"turns":5},{"damage":10,"enemies":"Jaw Worm Horde","floor":48,"turns":4},{"damage":8,"enemies":"Transient","floor":49,"turns":5},{"damage":10,"enemies":"downfall:Defect","floor":50,"turns":6},{"damage":2,"enemies":"downfall:CharBossMerchant","floor":52,"turns":8},{"damage":69,"enemies":"downfall:NeowBoss","floor":55,"turns":23}],"seed_played":"-6757434563691639977","potions_obtained":[{"floor":8,"key":"Swift Potion"},{"floor":11,"key":"DuplicationPotion"},{"floor":15,"key":"SmokeBomb"},{"floor":16,"key":"ColorlessPotion"},{"floor":20,"key":"champ:CounterPotion"},{"floor":26,"key":"LiquidBronze"},{"floor":26,"key":"SteroidPotion"},{"floor":27,"key":"Guardian:BlockOnCardUsePotion"},{"floor":27,"key":"Explosive Potion"},{"floor":28,"key":"LiquidBronze"},{"floor":29,"key":"PowerPotion"},{"floor":31,"key":"Dexterity Potion"},{"floor":32,"key":"SkillPotion"},{"floor":33,"key":"AttackPotion"},{"floor":36,"key":"FairyPotion"},{"floor":37,"key":"DuplicationPotion"},{"floor":37,"key":"EntropicBrew"},{"floor":39,"key":"Regen Potion"},{"floor":40,"key":"SteroidPotion"},{"floor":41,"key":"hexamod:DoubleChargePotion"},{"floor":44,"key":"Weak Potion"},{"floor":44,"key":"Fire Potion"},{"floor":46,"key":"LiquidMemories"},{"floor":46,"key":"Dexterity Potion"},{"floor":46,"key":"Ancient Potion"},{"floor":47,"key":"DuplicationPotion"}],"is_trial":false,"path_per_floor":["R","M","$","?","MIM","M","T","M","R","M","E","?","R","T","M","B",null,"R","M","M","?","?","$","T","?","M","M","$","M","M","E","M","B",null,"R","M","?","$","M","E","MIM","M","R","M","R","?","M","?","M","B",null,"E","$","R","B",null],"character_chosen":"THE_SPIRIT","items_purchased":["hexamod:FourthSeal","Strawberry","expansioncontent:DefensiveStance","Toy Ornithopter","hexamod:StepThrough","hexamod:ExtraCrispy","Turnip","expansioncontent:DecasProtection"],"campfire_rested":0,"item_purchase_floors":[23,28,28,38,38,53,53,53],"current_hp_per_floor":[49,48,48,48,48,46,46,46,46,46,32,32,32,32,31,16,70,70,54,53,53,40,37,37,37,24,15,22,22,22,15,15,4,82,92,81,80,80,74,66,77,102,102,102,102,102,102,101,101,102,102,102,102,102,67],"gold":53,"neow_bonus":"ONE_RARE_RELIC","is_daily":false,"chose_seed":false,"campfire_upgraded":7,"win_rate":0.0,"timestamp":1608614385,"path_taken":["R","M","$","?","?","M","T","M","R","?","E","?","R","?","M","BOSS","R","M","M","?","?","$","T","?","M","M","$","M","?","E","M","BOSS","R","?","?","$","M","E","MIM","?","R","M","R","?","?","?","M","BOSS","E","$","R","BOSS"],"items_purchased_type":["Card","Relic","Card","Relic","Card","Card","Relic","Card"],"build_version":"2020-12-13","purchased_purges":3,"victory":true,"max_hp_per_floor":[70,70,70,70,70,70,70,70,70,70,70,70,70,70,70,70,70,70,70,70,70,75,75,75,75,75,75,82,82,82,82,82,82,82,92,92,92,92,92,92,92,102,102,102,102,102,102,102,102,102,102,102,102,102,102],"relic_stats":{"Torii":53,"counters":[33,188],"Bird Faced Urn":[27],"StoneCalendar":[190],"Turnip":[2],"Bag of Preparation":[60],"Kunai":[5],"War Paint":["hexamod:Defend","hexamod:Defend"],"obtain_stats":[{"Potion Belt":7,"Ice Cream":52,"Torii":0,"downfall:HeartBlessingRed":43,"hexamod:TheBrokenSeal":42,"downfall:HeartBlessingGreen":13,"StoneCalendar":14,"Bag of Preparation":5,"War Paint":11,"downfall:GremlinWheel":48,"downfall:HeartBlessingBlue":35,"Strawberry":28,"Bird Faced Urn":41,"Turnip":53,"Kunai":31,"hexamod:SpiritBrand":0,"hexamod:IceCube":17,"Toy Ornithopter":38,"Unceasing Top":40,"Runic Pyramid":34},{"Potion Belt":4,"Ice Cream":32,"Torii":0,"downfall:HeartBlessingRed":26,"hexamod:TheBrokenSeal":26,"downfall:HeartBlessingGreen":7,"StoneCalendar":7,"Bag of Preparation":3,"War Paint":7,"downfall:GremlinWheel":29,"downfall:HeartBlessingBlue":20,"Strawberry":15,"Bird Faced Urn":25,"Turnip":32,"Kunai":18,"hexamod:SpiritBrand":0,"hexamod:IceCube":9,"Toy Ornithopter":22,"Unceasing Top":24,"Runic Pyramid":20},{"Potion Belt":17,"Ice Cream":165,"Torii":0,"downfall:HeartBlessingRed":133,"hexamod:TheBrokenSeal":131,"downfall:HeartBlessingGreen":32,"StoneCalendar":32,"Bag of Preparation":14,"War Paint":32,"downfall:GremlinWheel":146,"downfall:HeartBlessingBlue":99,"Strawberry":73,"Bird Faced Urn":126,"Turnip":165,"Kunai":87,"hexamod:SpiritBrand":0,"hexamod:IceCube":43,"Toy Ornithopter":109,"Unceasing Top":118,"Runic Pyramid":99}],"Toy Ornithopter":50,"Unceasing Top":[13]},"card_choices":[{"not_picked":["hexamod:NecessarySacrifice","hexamod:Hexaguard"],"picked":"hexamod:BurningTouch","floor":2},{"not_picked":["hexamod:GhostShield","hexamod:RainOfEmbers","hexamod:SkipABeat"],"picked":"SKIP","floor":3},{"not_picked":["hexamod:BacktrackSmack","hexamod:EtherealExpedition"],"picked":"hexamod:Incineration","floor":5},{"not_picked":["hexamod:Firestarter","hexamod:SwordOfDarkness","hexamod:GhostOfSpirePast"],"picked":"SKIP","floor":6},{"not_picked":["hexamod:GhostLash","hexamod:AdvancingGuard"],"picked":"hexamod:ShieldOfDarkness","floor":8},{"not_picked":["hexamod:ShieldOfDarkness","hexamod:GhostOfSpireFuture"],"picked":"hexamod:SearingWound","floor":10},{"not_picked":["hexamod:SwordOfDarkness","hexamod:BurningTouch"],"picked":"hexamod:RecurringNightmare","floor":11},{"not_picked":["hexamod:Firestarter","hexamod:SwordOfDarkness","hexamod:ThermalTransfer"],"picked":"SKIP","floor":15},{"not_picked":["hexamod:TimeWarp","hexamod:EmpoweringStance"],"picked":"hexamod:SixthSeal","floor":16},{"not_picked":["hexamod:ThermalTransfer","hexamod:PhantomCloak"],"picked":"hexamod:SecondSeal","floor":19},{"not_picked":["hexamod:SwordOfDarkness","hexamod:AdvancingGuard+1"],"picked":"hexamod:ChargedBarrage","floor":20},{"not_picked":["hexamod:CrushingStance","hexamod:Again"],"picked":"hexamod:HeatShield","floor":23},{"not_picked":["hexamod:HeatCrush","hexamod:NightmareStrike"],"picked":"hexamod:ChargedBarrage","floor":26},{"not_picked":["hexamod:GhostShield","hexamod:GhostOfSpirePast","hexamod:ShieldOfDarkness+1"],"picked":"SKIP","floor":27},{"not_picked":["hexamod:FastForward","hexamod:GhostOfSpireFuture","hexamod:DynamicBlow"],"picked":"SKIP","floor":28},{"not_picked":["hexamod:EtherealExpedition","hexamod:Haunt"],"picked":"hexamod:PowerFromBeyond","floor":29},{"not_picked":["hexamod:EmpoweredFlame","hexamod:ShieldOfDarkness"],"picked":"hexamod:PowerFromBeyond","floor":31},{"not_picked":["hexamod:SpectersWail","hexamod:AdvancingGuard","hexamod:Hexaguard"],"picked":"SKIP","floor":32},{"not_picked":["hexamod:WildfireWeapon","hexamod:TurnItUp"],"picked":"hexamod:FifthSeal","floor":33},{"not_picked":["hexamod:SwordOfDarkness","hexamod:ThermalTransfer"],"picked":"hexamod:RecurringNightmare","floor":36},{"not_picked":["hexamod:Hexaguard","hexamod:NightmareGuise+1"],"picked":"hexamod:FirstSeal","floor":37},{"not_picked":["hexamod:SixthSeal","hexamod:SecondSeal"],"picked":"hexamod:FirstSeal","floor":39},{"not_picked":["hexamod:FirstSeal","hexamod:Firestarter+1","hexamod:Again+1"],"picked":"SKIP","floor":39},{"not_picked":["hexamod:InspiringFlames","hexamod:BacktrackSmack+1","hexamod:Again+1"],"picked":"SKIP","floor":40},{"not_picked":["hexamod:SecondSeal","hexamod:SixthSeal"],"picked":"hexamod:ThirdSeal","floor":41},{"not_picked":["hexamod:GhostShield","hexamod:NightmareStrike"],"picked":"hexamod:Hexaguard","floor":41},{"not_picked":["hexamod:ThirdSeal","hexamod:SixthSeal"],"picked":"hexamod:FourthSeal","floor":42},{"not_picked":["hexamod:GhostShield+1","hexamod:Hexaguard+1"],"picked":"hexamod:Incineration","floor":42},{"not_picked":["hexamod:GhostLash+1","hexamod:PhantomCloak"],"picked":"hexamod:HeatMetal","floor":44},{"not_picked":["hexamod:ThermalTransfer+1","hexamod:GhostOfSpireFuture"],"picked":"hexamod:RadiantFlame+1","floor":47},{"not_picked":["hexamod:ThermalTransfer+1","hexamod:GhostShield+1","hexamod:BurningTouch+1"],"picked":"SKIP","floor":49},{"not_picked":["hexamod:ThirdSeal","hexamod:EmpoweringStance","hexamod:GhostLash"],"picked":"SKIP","floor":52}],"player_experience":364198,"relics_obtained":[{"floor":5,"key":"Bag of Preparation"},{"floor":7,"key":"Potion Belt"},{"floor":11,"key":"War Paint"},{"floor":14,"key":"StoneCalendar"},{"floor":31,"key":"Kunai"},{"floor":40,"key":"Unceasing Top"},{"floor":41,"key":"Bird Faced Urn"},{"floor":48,"key":"downfall:GremlinWheel"},{"floor":52,"key":"Ice Cream"}],"event_choices":[{"damage_healed":0,"gold_gain":0,"player_choice":"Copied","damage_taken":0,"max_hp_gain":0,"max_hp_loss":0,"event_name":"Duplicator","floor":25,"gold_loss":0,"cards_obtained":["hexamod:SearingWound"]},{"damage_healed":0,"gold_gain":0,"player_choice":"Got Potions","damage_taken":0,"max_hp_gain":0,"max_hp_loss":0,"event_name":"Lab","floor":46,"gold_loss":0},{"damage_healed":0,"gold_gain":0,"player_choice":"Full Heal","damage_taken":0,"max_hp_gain":0,"max_hp_loss":0,"event_name":"Wheel of Change","floor":54,"gold_loss":0}],"is_beta":false,"boss_relics":[{"not_picked":["SlaversCollar","Cursed Key"],"picked":"hexamod:IceCube"},{"not_picked":["Astrolabe","Coffee Dripper"],"picked":"Runic Pyramid"}],"items_purged_floors":[3,23,28],"is_endless":false,"potions_floor_spawned":[8,11,15,16,20,26,27,29,30,37,40,44,47,49],"ascension_level":0}}