{"host":"mgc7o2tpy0ck407l","time":1608655243,"event":{"mods":["Alarm Clock","AlwaysNeverKeys","BaseMod","Better Altar","Better Match","Better Note","Better Sensory Stone","Better Skull","Better Third Choice","Better Vampires","Block Reminder","Booster Modes","Challenge The Spire","Clawfect","Colored Map","Colored Powertips","Disable Question Mark Monsters","Emptier Cage","Infinite Spire","Minty Spire (QoL Compilation)","Permanent Neow","Quick Restart","Rare Cards Sparkle","Reorder Act Four","Replay The Spire","Spicy Shops","StSLib","The Blue Laboratory","Transform Curses","Unceasing Turn Reminder"],"gold_per_floor":[678,277,305,347,382,382,49,49,109,164,228,228,228,79,142,200,268,347],"floor_reached":19,"playtime":952,"items_purged":["Defend_B","Defend_B"],"score":370,"play_id":"2503b78a-778d-4a13-9e33-3c4737f73063","local_time":"20201222114043","daily_mods":["challengethespire:Bronze Difficulty","challengethespire:Elite Rush","Uncertain Future"],"is_ascension_mode":true,"campfire_choices":[{"data":"Apotheosis","floor":8,"key":"SMITH"}],"circlet_count":0,"master_deck":["Gash","Gash","Gash","Gash","Gash","Defend_B","Defend_B","Defend_B","Clawfect:ClawAndTear","Skim","Leap","Apotheosis+1","Clawfect:ClawCell","Clawfect:ClawForTheEyes","Clawfect:Clawrage","Clawfect:ClawCell","Seek","Gash"],"relics":["Clawfect:DRClaw","Black Star","Sling","PreservedInsect","Nunchaku","Akabeko","Blue Candle","infinitespire:Golems Mask","MealTicket","CeramicFish","ReplayFunnel","Replay:Bandana","ReplayTheSpireMod:TigerMarble","Runic Pyramid","Blue Doll","ReplayTheSpireMod:Lightbulb","Omamori","Dead Branch","infinitespire:CursedDice","infinitespire:Magic Flask","Toy Ornithopter","Nuclear Battery","Boot","infinitespire:SolderingIron","Replay:Wax Seal","infinitespire:WardingShard","Lantern","Prayer Wheel","StoneCalendar","Replay:Baseball","FossilizedHelix","ReplayTheSpireMod:Ninjato"],"acts_visited":["Exordium"],"potions_floor_usage":[16,16],"damage_taken":[{"damage":22,"enemies":"3 Sentries","floor":3,"turns":7},{"damage":0,"enemies":"Lagavulin","floor":4,"turns":4},{"damage":13,"enemies":"Gremlin Nob","floor":5,"turns":3},{"damage":21,"enemies":"Book of Stabbing","floor":9,"turns":2},{"damage":14,"enemies":"Slavers","floor":10,"turns":4},{"damage":3,"enemies":"Gremlin Leader","floor":11,"turns":5},{"damage":6,"enemies":"Nemesis","floor":15,"turns":4},{"damage":0,"enemies":"Reptomancer","floor":16,"turns":4},{"damage":4,"enemies":"Giant Head","floor":17,"turns":4},{"damage":6,"enemies":"Shield and Spear","floor":18,"turns":3}],"seed_played":"-1989531936555886564","potions_obtained":[{"floor":5,"key":"BlessingOfTheForge"},{"floor":10,"key":"blueLaboratory:NullPotion"},{"floor":11,"key":"Explosive Potion"},{"floor":15,"key":"blueLaboratory:HummingbirdPotion"},{"floor":17,"key":"FearPotion"}],"is_trial":true,"path_per_floor":["$","$","E","E","E","T","$","R","E","E","E","T","$","$","E","E","E","E",null],"character_chosen":"DEFECT","items_purchased":["Nunchaku","Akabeko","Blue Candle","Apotheosis","Blue Doll","Boot"],"campfire_rested":0,"item_purchase_floors":[1,2,2,7,7,14],"current_hp_per_floor":[75,75,53,53,40,40,55,55,34,20,17,17,32,47,41,51,47,41],"gold":347,"neow_bonus":"","is_daily":false,"chose_seed":false,"campfire_upgraded":1,"win_rate":0.0,"timestamp":1608655243,"path_taken":["$","$","E","E","E","T","$","R","E","E","E","T","$","$","E","E","E","E"],"items_purchased_type":["Relic","Relic","Relic","Card","Relic","Relic"],"build_version":"2020-12-13","purchased_purges":2,"victory":true,"max_hp_per_floor":[75,75,75,75,75,75,75,75,75,75,75,75,75,75,75,75,75,75],"card_choices":[],"player_experience":694236,"relics_obtained":[{"floor":3,"key":"infinitespire:Golems Mask"},{"floor":3,"key":"MealTicket"},{"floor":4,"key":"CeramicFish"},{"floor":4,"key":"ReplayFunnel"},{"floor":5,"key":"Replay:Bandana"},{"floor":5,"key":"ReplayTheSpireMod:TigerMarble"},{"floor":9,"key":"ReplayTheSpireMod:Lightbulb"},{"floor":9,"key":"Omamori"},{"floor":10,"key":"Dead Branch"},{"floor":10,"key":"infinitespire:CursedDice"},{"floor":11,"key":"infinitespire:Magic Flask"},{"floor":11,"key":"Toy Ornithopter"},{"floor":15,"key":"infinitespire:SolderingIron"},{"floor":15,"key":"Replay:Wax Seal"},{"floor":16,"key":"infinitespire:WardingShard"},{"floor":16,"key":"Lantern"},{"floor":17,"key":"StoneCalendar"},{"floor":17,"key":"Replay:Baseball"},{"floor":18,"key":"FossilizedHelix"},{"floor":18,"key":"ReplayTheSpireMod:Ninjato"}],"event_choices":[],"is_beta":false,"boss_relics":[{"not_picked":["Abe\u0027s Treasure","ChewingGum"],"picked":"Runic Pyramid"},{"not_picked":["Ectoplasm","Velvet Choker"],"picked":"Nuclear Battery"}],"items_purged_floors":[1,1],"is_endless":false,"potions_floor_spawned":[5,10,11,15,17],"ascension_level":0}}