{"host":"0o7wltl8wg416oq2","time":1608635691,"event":{"mods":["BaseMod","Curses Come First","Downfall","Minty Spire (QoL Compilation)","StSLib"],"gold_per_floor":[99,134,146,158,202,214,226,263,12,12,30,50,9,28,39,139,139,64,64,79,179,179,104,184,196,146,71,94,110,110,17,32,127,127,127,127,41,41,41,41,68,68,68,84,163,180,192,192,210,210,210,242,72,72,72,72,72],"floor_reached":55,"playtime":5578,"items_purged":["hexamod:Strike","hexamod:SixthSeal"],"score":754,"play_id":"d58bcf4a-7112-4ad6-bfcf-aacad7cc3b78","local_time":"20201222191451","is_ascension_mode":false,"campfire_choices":[{"floor":1.0,"key":"RECALL"},{"floor":10.0,"key":"REST"},{"data":"hexamod:SpectersWail","floor":18.0,"key":"SMITH"},{"data":"hexamod:HexaLevel","floor":23.0,"key":"SMITH"},{"data":"hexamod:ParanormalForm","floor":27.0,"key":"SMITH"},{"data":"hexamod:TimeOfNeed","floor":35.0,"key":"SMITH"},{"data":"hexamod:Haunt","floor":38.0,"key":"SMITH"},{"data":"hexamod:SearingWound","floor":40.0,"key":"SMITH"},{"data":"hexamod:SpectersWail","floor":43.0,"key":"SMITH"},{"floor":54,"key":"REST"}],"circlet_count":0,"master_deck":["hexamod:Strike","hexamod:Strike+1","hexamod:Defend","hexamod:Defend","hexamod:Sear","hexamod:Float","hexamod:Hexaguard+1","hexamod:WildfireWeapon","hexamod:SwordOfDarkness+1","hexamod:VolcanoVisage","hexamod:NightmareStrike+1","hexamod:RainOfEmbers","hexamod:NightmareGuise","hexamod:NightmareStrike","hexamod:SpectersWail+1","hexamod:SearingWound+1","hexamod:SpectersWail+1","hexamod:FirstSeal","J.A.X.","hexamod:ParanormalForm+1","hexamod:HexaLevel+1","hexamod:Rewind+1","hexamod:EmpoweredFlame+1","hexamod:Haunt+1","hexamod:GhostLash+1","hexamod:TimeOfNeed+1","Panache","Doubt","hexamod:NightmareGuise+1","hexamod:ExtraCrispy","hexamod:NightmareGuise+1","hexamod:Haunt","expansioncontent:DashGenerateEvil"],"relics":["hexamod:SpiritBrand","downfall:HeartsMalice","MawBank","Dream Catcher","Lantern","Lizard Tail","StoneCalendar","ClockworkSouvenir","Sozu","downfall:HeartBlessingRed","MutagenicStrength","downfall:HeartBlessingGreen","downfall:HeartBlessingBlue","Regal Pillow","Philosopher\u0027s Stone","Nunchaku","Whetstone","Meat on the Bone","Pear"],"acts_visited":["Exordium","TheCity","TheBeyond","TheEnding"],"potions_floor_usage":[47,47],"damage_taken":[{"damage":0.0,"enemies":"3 Sentries","floor":2.0,"turns":1.0},{"damage":0.0,"enemies":"Lagavulin","floor":5.0,"turns":1.0},{"damage":0.0,"enemies":"Small Slimes","floor":6.0,"turns":1.0},{"damage":39.0,"enemies":"3 Sentries","floor":8.0,"turns":7.0},{"damage":0.0,"enemies":"downfall:FleeingMerchant","floor":9.0,"turns":4.0},{"damage":0.0,"enemies":"Jaw Worm","floor":11.0,"turns":3.0},{"damage":0.0,"enemies":"Cultist","floor":12.0,"turns":3.0},{"damage":0.0,"enemies":"downfall:FleeingMerchant","floor":13.0,"turns":4.0},{"damage":0.0,"enemies":"Blue Slaver","floor":14.0,"turns":3.0},{"damage":6.0,"enemies":"Lots of Slimes","floor":15.0,"turns":4.0},{"damage":14.0,"enemies":"downfall:Watcher","floor":16.0,"turns":7.0},{"damage":0.0,"enemies":"Spheric Guardian","floor":20.0,"turns":4.0},{"damage":43.0,"enemies":"downfall:Augmenter","floor":21.0,"turns":7.0},{"damage":10.0,"enemies":"Chosen","floor":25.0,"turns":4.0},{"damage":3.0,"enemies":"3 Cultists","floor":29.0,"turns":3.0},{"damage":20.0,"enemies":"downfall:FleeingMerchant","floor":31.0,"turns":4.0},{"damage":3.0,"enemies":"Snake Plant","floor":32.0,"turns":3.0},{"damage":17.0,"enemies":"downfall:Defect","floor":33.0,"turns":6.0},{"damage":13.0,"enemies":"downfall:FleeingMerchant","floor":37.0,"turns":4.0},{"damage":10.0,"enemies":"Orb Walker","floor":44.0,"turns":3.0},{"damage":67.0,"enemies":"3 Darklings","floor":46.0,"turns":4.0},{"damage":28,"enemies":"Transient","floor":47,"turns":5},{"damage":19,"enemies":"Jaw Worm Horde","floor":49,"turns":3},{"damage":33,"enemies":"downfall:Silent","floor":50,"turns":8},{"damage":50,"enemies":"downfall:CharBossMerchant","floor":52,"turns":7},{"damage":120,"enemies":"downfall:NeowBoss","floor":55,"turns":10}],"seed_played":"5978387189435917405","potions_obtained":[{"floor":11.0,"key":"Fire Potion"},{"floor":14.0,"key":"ColorlessPotion"},{"floor":15.0,"key":"hexamod:DoubleChargePotion"},{"floor":16.0,"key":"EntropicBrew"}],"is_trial":false,"path_per_floor":["R","E","?","?","E","M","T","E","$","R","M","M","$","M","M","B",null,"R","?","M","?","?","R","T","M","?","R","T","M","?","$","M","B",null,"R","?","$","R","?","R","T","?","R","M","?","M","M","?","M","B",null,"E","$","R","B"],"character_chosen":"THE_SPIRIT","items_purchased":["hexamod:RainOfEmbers","ClockworkSouvenir","hexamod:NightmareStrike","hexamod:Haunt","Panache","Nunchaku","expansioncontent:DashGenerateEvil"],"campfire_rested":2,"item_purchase_floors":[9,9,13,31,37,37,53],"current_hp_per_floor":[70,70,67,67,67,67,67,28,28,49,49,49,49,49,43,29,70,70,70,70,34,34,34,34,31,59,69,69,66,66,53,57,47,80,80,80,74,74,74,74,74,80,80,70,70,22,56,56,49,28,80,59,59,90,0,0,0],"gold":72,"neow_bonus":"THREE_ENEMY_KILL","is_daily":false,"chose_seed":false,"campfire_upgraded":7,"win_rate":0.0,"timestamp":1608635691,"path_taken":["R","E","?","?","E","M","T","E","$","R","?","M","$","M","M","BOSS","R","?","?","?","?","R","T","M","?","R","?","M","?","$","M","BOSS","R","?","$","R","?","R","T","?","R","E","?","M","M","?","M","BOSS","E","$","R","BOSS"],"items_purchased_type":["Card","Relic","Card","Card","Card","Relic","Card"],"build_version":"2020-12-13","purchased_purges":2,"victory":false,"max_hp_per_floor":[70,70,70,70,70,70,70,70,70,70,70,70,70,70,70,70,70,70,70,70,70,70,70,70,70,70,80,80,80,80,80,80,80,80,80,80,80,80,80,80,80,80,80,80,80,80,80,80,80,80,80,90,90,90,90,90,90],"card_choices":[{"not_picked":["hexamod:ShieldOfDarkness","hexamod:GhostOfSpireFuture"],"picked":"hexamod:Hexaguard","floor":2.0},{"not_picked":["hexamod:ThermalTransfer","hexamod:PhantomCloak"],"picked":"hexamod:WildfireWeapon","floor":5.0},{"not_picked":["hexamod:GhostflameBarrier","hexamod:BacktrackSmack"],"picked":"hexamod:SwordOfDarkness","floor":6.0},{"not_picked":["hexamod:ThermalTransfer","hexamod:NecessarySacrifice"],"picked":"hexamod:VolcanoVisage","floor":8.0},{"not_picked":["hexamod:FastForward","hexamod:ThermalTransfer"],"picked":"hexamod:NightmareStrike","floor":9.0},{"not_picked":["hexamod:SecondSeal","hexamod:ShieldOfDarkness"],"picked":"hexamod:NightmareGuise","floor":11.0},{"not_picked":["hexamod:GhostflameBarrier","hexamod:ShieldOfDarkness","hexamod:HauntingEcho"],"picked":"SKIP","floor":12.0},{"not_picked":["hexamod:HauntingEcho","hexamod:Hexaguard"],"picked":"hexamod:SixthSeal","floor":13.0},{"not_picked":["hexamod:SwordOfDarkness","hexamod:AdvancingGuard","hexamod:GhostflameBarrier"],"picked":"SKIP","floor":14.0},{"not_picked":["hexamod:GhostLash","hexamod:Firestarter"],"picked":"hexamod:SpectersWail","floor":15.0},{"not_picked":["hexamod:GhostflameInferno","hexamod:UnleashSpirits"],"picked":"hexamod:SearingWound","floor":16.0},{"not_picked":["hexamod:SwordOfDarkness","hexamod:GhostOfSpireFuture"],"picked":"hexamod:FirstSeal","floor":20.0},{"not_picked":[],"picked":"J.A.X.","floor":21.0},{"not_picked":["hexamod:FastForward","hexamod:Hexaguard"],"picked":"hexamod:Rewind+1","floor":25.0},{"not_picked":["hexamod:WildfireWeapon","hexamod:BacktrackSmack","hexamod:InspiringFlames"],"picked":"SKIP","floor":29.0},{"not_picked":["hexamod:HexaLevel","hexamod:Firestarter"],"picked":"hexamod:EmpoweredFlame+1","floor":31.0},{"not_picked":["hexamod:NightmareStrike","hexamod:HauntingEcho"],"picked":"hexamod:GhostLash+1","floor":32.0},{"not_picked":["hexamod:VolcanoVisage","hexamod:HexaLevel"],"picked":"hexamod:TimeOfNeed","floor":33.0},{"not_picked":["hexamod:HauntingEcho","hexamod:NightmareStrike","hexamod:HexaLevel"],"picked":"SKIP","floor":37.0},{"not_picked":["hexamod:HauntingEcho+1","hexamod:Firestarter+1"],"picked":"hexamod:NightmareGuise+1","floor":44.0},{"not_picked":["hexamod:Firestarter","hexamod:HeatMetal"],"picked":"hexamod:ExtraCrispy","floor":46.0},{"not_picked":["hexamod:SwordOfDarkness+1","hexamod:FourthSeal"],"picked":"hexamod:NightmareGuise+1","floor":47},{"not_picked":["hexamod:GhostShield+1","hexamod:BurningTouch","hexamod:NecessarySacrifice"],"picked":"SKIP","floor":49},{"not_picked":["hexamod:TimeOfNeed","hexamod:NightmareGuise"],"picked":"hexamod:Haunt","floor":52}],"player_experience":44337,"relics_obtained":[{"floor":2.0,"key":"MawBank"},{"floor":5.0,"key":"Lantern"},{"floor":7.0,"key":"Lizard Tail"},{"floor":8.0,"key":"StoneCalendar"},{"floor":21.0,"key":"MutagenicStrength"},{"floor":28.0,"key":"Regal Pillow"},{"floor":41.0,"key":"Whetstone"},{"floor":45.0,"key":"Meat on the Bone"},{"floor":52,"key":"Pear"}],"event_choices":[{"damage_healed":0.0,"max_hp_gain":0.0,"max_hp_loss":0.0,"gold_gain":0.0,"event_name":"Scrap Ooze","player_choice":"Success","floor":3.0,"gold_loss":0.0,"damage_taken":3.0,"relics_obtained":["Dream Catcher"]},{"cards_removed":["hexamod:Defend"],"damage_healed":0.0,"max_hp_gain":0.0,"max_hp_loss":0.0,"gold_gain":0.0,"event_name":"Back to Basics","player_choice":"Elegance","floor":22.0,"gold_loss":0.0,"damage_taken":0.0},{"damage_healed":0.0,"max_hp_gain":0.0,"max_hp_loss":0.0,"gold_gain":0.0,"event_name":"Mysterious Sphere","player_choice":"Ignored","floor":39.0,"gold_loss":0.0,"damage_taken":0.0}],"is_beta":false,"boss_relics":[{"not_picked":["Ectoplasm","Calling Bell"],"picked":"Sozu"},{"not_picked":["Astrolabe","SacredBark"],"picked":"Philosopher\u0027s Stone"}],"items_purged_floors":[9,37],"is_endless":false,"potions_floor_spawned":[11,14,15,16,29,33,44,46,49],"killed_by":"downfall:NeowBoss","ascension_level":0}}