{"host":"a5523bqxi3k68xf3","time":1608598135,"event":{"mods":["BaseMod","BetterRewards","Hermit","Koishi","Marisa????????","Minty Spire (QoL Compilation)","Quick Restart","Random Character Button","Relic Stats","Shop Mod","StSLib","The Animator","The Cursed","The Necromancer","The Servant 0.9.4"],"gold_per_floor":[119,269,269,269,7,7,41,41,68,96,15,15,33,33,33,104,104,118,43,43,61,61,61,61,61,87,37,72,72,103,193,193,269,269,281,136,136,49,64,92,92,104,104,121,121,121,121],"floor_reached":46,"playtime":999,"items_purged":[],"score":1097,"play_id":"40ae6d56-af51-42c9-9b8f-bfc5f81a6aef","local_time":"20201222014855","is_ascension_mode":true,"campfire_choices":[{"data":"Tempest","floor":6,"key":"SMITH"},{"data":"Storm","floor":8,"key":"SMITH"},{"data":"Static Discharge","floor":12,"key":"SMITH"},{"data":"Fission","floor":15,"key":"SMITH"},{"data":"Rainbow","floor":23,"key":"SMITH"},{"floor":25,"key":"REST"},{"floor":29,"key":"REST"},{"floor":32,"key":"REST"},{"floor":41,"key":"REST"},{"floor":45,"key":"REST"}],"circlet_count":0,"master_deck":["AscendersBane","Strike_B","Strike_B","Strike_B","Strike_B","Defend_B","Defend_B","Defend_B+1","Defend_B","Zap+1","Dualcast+1","Tempest+1","Doubt","Storm+1","Hello World","Static Discharge+1","Fission+1","Rainbow+1","Consume+1","Self Repair+1","Defragment+1","Buffer","Static Discharge","Cold Snap","Capacitor"],"relics":["Cracked Core","NeowsBlessing","Pear","Mummified Hand","Art of War","Juzu Bracelet","Mango","Sozu","Blood Vial","Cables","Oddly Smooth Stone","Runic Dome","War Paint","Molten Egg 2"],"acts_visited":["Exordium","TheCity","TheBeyond"],"potions_floor_usage":[],"damage_taken":[{"damage":0,"enemies":"2 Louse","floor":1,"turns":1},{"damage":0,"enemies":"Lagavulin","floor":7,"turns":1},{"damage":0,"enemies":"3 Sentries","floor":10,"turns":2},{"damage":4,"enemies":"Jaw Worm","floor":13,"turns":3},{"damage":65,"enemies":"Hexaghost","floor":16,"turns":8},{"damage":18,"enemies":"3 Byrds","floor":18,"turns":4},{"damage":1,"enemies":"Chosen","floor":21,"turns":4},{"damage":38,"enemies":"Gremlin Leader","floor":28,"turns":3},{"damage":39,"enemies":"Slavers","floor":30,"turns":3},{"damage":30,"enemies":"Champ","floor":33,"turns":11},{"damage":0,"enemies":"3 Shapes","floor":35,"turns":4},{"damage":5,"enemies":"Orb Walker","floor":39,"turns":3},{"damage":103,"enemies":"Reptomancer","floor":40,"turns":6},{"damage":24,"enemies":"Writhing Mass","floor":42,"turns":5},{"damage":44,"enemies":"Jaw Worm Horde","floor":44,"turns":4},{"damage":70,"enemies":"Giant Head","floor":46,"turns":7}],"seed_played":"8018161705177200549","potions_obtained":[{"floor":1,"key":"FairyPotion"},{"floor":16,"key":"Energy Potion"}],"is_trial":false,"path_per_floor":["M","?","?","?","$","R","E","R","T","E","$","R","M","$","R","B",null,"M","$","?","M","?","R","?","R","T","?","E","R","E","?","R","B",null,"M","$","?","$","M","E","R","M","T","M","R","E"],"character_chosen":"DEFECT","items_purchased":["Mummified Hand","Static Discharge","Self Repair","Static Discharge","Cold Snap","Capacitor"],"campfire_rested":5,"item_purchase_floors":[5,11,19,36,36,38],"current_hp_per_floor":[64,64,64,69,69,69,69,69,69,83,83,83,79,79,79,14,75,57,57,57,63,63,63,63,91,91,91,55,83,46,34,62,44,82,94,94,90,90,90,29,56,44,44,12,39,0,0],"gold":121,"neow_bonus":"THREE_ENEMY_KILL","is_daily":false,"chose_seed":false,"campfire_upgraded":5,"win_rate":0.0,"timestamp":1608598135,"path_taken":["M","?","?","?","$","R","E","R","T","E","$","R","M","?","R","BOSS","M","$","?","M","?","R","?","R","T","?","E","R","E","?","R","BOSS","M","$","?","$","M","E","R","M","T","M","R","E"],"items_purchased_type":["Relic","Card","Card","Card","Card","Card"],"build_version":"2020-12-13","purchased_purges":0,"victory":false,"max_hp_per_floor":[71,71,71,81,81,81,81,81,81,95,95,95,95,95,95,95,95,95,95,95,95,95,95,95,95,95,95,95,95,95,95,95,95,95,95,95,90,90,90,90,90,90,90,90,90,90,90],"relic_stats":{"Sozu":5,"Blood Vial":14,"counters":[16,69],"Mummified Hand":[69],"Art of War":[14],"Juzu Bracelet":4,"War Paint":["Defend_B","Dualcast"],"obtain_stats":[{"Pear":4,"NeowsBlessing":0,"Oddly Smooth Stone":30,"Mango":10,"Juzu Bracelet":9,"War Paint":40,"Cables":28,"Sozu":17,"Blood Vial":26,"Runic Dome":34,"Mummified Hand":5,"Molten Egg 2":43,"Art of War":7,"Cracked Core":0},{"Pear":1,"NeowsBlessing":0,"Oddly Smooth Stone":9,"Mango":3,"Juzu Bracelet":2,"War Paint":13,"Cables":8,"Sozu":5,"Blood Vial":7,"Runic Dome":10,"Mummified Hand":1,"Molten Egg 2":14,"Art of War":2,"Cracked Core":0},{"Pear":1,"NeowsBlessing":0,"Oddly Smooth Stone":29,"Mango":4,"Juzu Bracelet":2,"War Paint":53,"Cables":26,"Sozu":15,"Blood Vial":23,"Runic Dome":40,"Mummified Hand":1,"Molten Egg 2":58,"Art of War":2,"Cracked Core":0}],"Cables":[38,27,6,5,0]},"card_choices":[{"not_picked":["Barrage","Reinforced Body"],"picked":"Tempest","floor":1},{"not_picked":["Stack","Conserve Battery"],"picked":"Storm","floor":7},{"not_picked":["Turbo","Conserve Battery"],"picked":"Hello World","floor":10},{"not_picked":["Conserve Battery","Leap"],"picked":"Fission","floor":13},{"not_picked":["Machine Learning","Meteor Strike"],"picked":"Rainbow","floor":16},{"not_picked":["Hologram","Barrage"],"picked":"Consume+1","floor":18},{"not_picked":["Sunder","Hologram","Compile Driver+1"],"picked":"SKIP","floor":21},{"not_picked":["Hologram","Gash","Redo"],"picked":"SKIP","floor":28},{"not_picked":["Compile Driver","Barrage","Hello World"],"picked":"SKIP","floor":30},{"not_picked":["Machine Learning","Hyperbeam"],"picked":"Buffer","floor":33},{"not_picked":["Leap","Conserve Battery","Undo"],"picked":"SKIP","floor":35},{"not_picked":["Stack","Streamline","Barrage"],"picked":"SKIP","floor":39},{"not_picked":["Lockon","Hologram","Rebound"],"picked":"SKIP","floor":40},{"not_picked":["Hyperbeam","Rebound+1","Go for the Eyes"],"picked":"SKIP","floor":42},{"not_picked":["Redo","Coolheaded","Sweeping Beam+1"],"picked":"SKIP","floor":44}],"player_experience":1676442,"relics_obtained":[{"floor":7,"key":"Art of War"},{"floor":9,"key":"Juzu Bracelet"},{"floor":10,"key":"Mango"},{"floor":26,"key":"Blood Vial"},{"floor":28,"key":"Cables"},{"floor":30,"key":"Oddly Smooth Stone"},{"floor":40,"key":"War Paint"},{"floor":43,"key":"Molten Egg 2"}],"event_choices":[{"damage_healed":0,"gold_gain":150,"player_choice":"AGREE","damage_taken":0,"max_hp_gain":0,"max_hp_loss":0,"event_name":"Liars Game","floor":2,"gold_loss":0,"cards_obtained":["Doubt"]},{"damage_healed":0,"gold_gain":0,"player_choice":"Ignored","damage_taken":0,"max_hp_gain":0,"max_hp_loss":0,"event_name":"Golden Idol","floor":3,"gold_loss":0},{"damage_healed":0,"gold_gain":0,"player_choice":"Success","damage_taken":5,"relics_obtained":["Pear"],"max_hp_gain":0,"max_hp_loss":0,"event_name":"Scrap Ooze","floor":4,"gold_loss":0},{"damage_healed":0,"gold_gain":0,"player_choice":"Read","damage_taken":0,"max_hp_gain":0,"max_hp_loss":0,"event_name":"The Library","floor":20,"gold_loss":0,"cards_obtained":["Defragment"]},{"damage_healed":0,"gold_gain":0,"player_choice":"Forge","damage_taken":0,"max_hp_gain":0,"max_hp_loss":0,"event_name":"Accursed Blacksmith","floor":22,"gold_loss":0,"cards_upgraded":["Defragment"]},{"damage_healed":0,"gold_gain":0,"player_choice":"Upgraded","damage_taken":0,"max_hp_gain":0,"max_hp_loss":0,"event_name":"Upgrade Shrine","floor":24,"gold_loss":0,"cards_upgraded":["Self Repair"]},{"damage_healed":0,"gold_gain":0,"player_choice":"Upgrade","damage_taken":0,"max_hp_gain":0,"max_hp_loss":0,"event_name":"Designer","floor":27,"gold_loss":50,"cards_upgraded":["Zap"]},{"damage_healed":0,"gold_gain":90,"player_choice":"GOLD ","damage_taken":12,"max_hp_gain":0,"max_hp_loss":0,"event_name":"Knowing Skull","floor":31,"potions_obtained":[],"gold_loss":0,"cards_obtained":[]},{"damage_healed":0,"gold_gain":0,"player_choice":"Max HP","damage_taken":0,"max_hp_gain":0,"max_hp_loss":5,"event_name":"Winding Halls","floor":37,"gold_loss":0}],"is_beta":false,"boss_relics":[{"not_picked":["Cursed Key","Snecko Eye"],"picked":"Sozu"},{"not_picked":["Velvet Choker","Calling Bell"],"picked":"Runic Dome"}],"items_purged_floors":[],"is_endless":false,"potions_floor_spawned":[1,16,21,33,35,39,44],"killed_by":"Giant Head","ascension_level":20}}