{"host":"36ls4ricihodphgx","time":1608640482,"event":{"mods":["AchievementEnabler","BaseMod","Colored Map","Downfall","Hermit","HololiveMod","Marisa????????","Minty Spire (QoL Compilation)","Replay The Spire","StSLib","The Animator","The Cursed","The Servant 0.9.4"],"gold_per_floor":[118,118,118,43,43,43,71,81,108,135,148,164,181,194,194,297,297,311,410,410,410,410,410,421,421,421,432,432,445,445,458,458,562,562,573,573,164,181,181,181,199,199,272,121,121,132,132,147,147,147],"floor_reached":51,"playtime":2603,"items_purged":["TheCursedMod:Defend_TheCursed","Pain"],"score":582,"play_id":"448909b5-93ec-49b6-9545-a6f49e2b9326","local_time":"20201222053442","is_ascension_mode":false,"campfire_choices":[{"data":"TheCursedMod:TacticalStrike","floor":6,"key":"SMITH"},{"floor":15,"key":"REST"},{"data":"TheCursedMod:CollectTribute","floor":23,"key":"SMITH"},{"data":"TheCursedMod:SpitefulStrike","floor":25,"key":"SMITH"},{"data":"TheCursedMod:SpitefulStrike","floor":28,"key":"SMITH"},{"data":"TheCursedMod:CleanUpWorkshop","floor":30,"key":"SMITH"},{"data":"TheCursedMod:CursedStaff","floor":32,"key":"SMITH"},{"data":"TheCursedMod:HellsGateOpen","floor":40,"key":"SMITH"},{"floor":42,"key":"REST"},{"data":"TheCursedMod:BloodBarrier","floor":45,"key":"SMITH"},{"data":"TheCursedMod:DemonSword","floor":49,"key":"SMITH"}],"circlet_count":0,"master_deck":["TheCursedMod:Strike_TheCursed","TheCursedMod:Strike_TheCursed","TheCursedMod:Strike_TheCursed","TheCursedMod:Strike_TheCursed","TheCursedMod:Defend_TheCursed","TheCursedMod:Defend_TheCursed+1","TheCursedMod:Defend_TheCursed","TheCursedMod:CursedWand+1","TheCursedMod:CleanUpWorkshop+1","TheCursedMod:Dregs","TheCursedMod:TacticalStrike+1","TheCursedMod:CursedBlade","TheCursedMod:SpitefulStrike+1","TheCursedMod:SpitefulStrike+1","TheCursedMod:BloodBarrier+1","TheCursedMod:CollectTribute+1","TheCursedMod:FleshFromBone+1","TheCursedMod:DoubleShield","TheCursedMod:DemonSword+1","TheCursedMod:FleshFromBone+1","TheCursedMod:Evocation","Writhe","TheCursedMod:HellfireBreathing","TheCursedMod:CursedStaff+1","TheCursedMod:DemonSword","TheCursedMod:HellsGateOpen+1","Sickly","TheCursedMod:CursedBlade","TheCursedMod:FleshFromBone","TheCursedMod:SpitefulPray+1","TheCursedMod:SmokeScreen+1"],"relics":["TheCursedMod:BlackMagic101","NeowsBlessing","FaceOfCleric","Centennial Puzzle","Ancient Tea Set","Toy Ornithopter","ChewingGum","War Paint","ReplayTheSpireMod:Shallot","Honey Jar","Ring of Fury","Replay:WaspNest","Bronze Scales","WarpedTongs","Eternal Feather"],"acts_visited":["Exordium","TheCity","TheBeyond"],"potions_floor_usage":[10,29,33],"damage_taken":[{"damage":0,"enemies":"2 Louse","floor":1,"turns":1},{"damage":0,"enemies":"Gremlin Nob","floor":7,"turns":1},{"damage":0,"enemies":"Small Slimes","floor":8,"turns":1},{"damage":22,"enemies":"Lagavulin","floor":10,"turns":7},{"damage":0,"enemies":"Cultist","floor":11,"turns":2},{"damage":0,"enemies":"Gremlin Gang","floor":12,"turns":2},{"damage":0,"enemies":"2 Fungi Beasts","floor":13,"turns":3},{"damage":1,"enemies":"Blue Slaver","floor":14,"turns":2},{"damage":29,"enemies":"Slime Boss","floor":16,"turns":10},{"damage":10,"enemies":"2 Thieves","floor":18,"turns":3},{"damage":3,"enemies":"Chosen","floor":24,"turns":5},{"damage":0,"enemies":"Centurion and Healer","floor":27,"turns":6},{"damage":2,"enemies":"3 Cultists","floor":29,"turns":6},{"damage":9,"enemies":"Snecko","floor":31,"turns":4},{"damage":37,"enemies":"Collector","floor":33,"turns":15},{"damage":9,"enemies":"Orb Walker","floor":35,"turns":2},{"damage":6,"enemies":"3 Shapes","floor":38,"turns":3},{"damage":23,"enemies":"Maw","floor":41,"turns":5},{"damage":0,"enemies":"Transient","floor":46,"turns":5},{"damage":0,"enemies":"3 Darklings","floor":48,"turns":4},{"damage":10,"enemies":"Replay:Hell Engine","floor":50,"turns":9}],"seed_played":"-8374423170220093377","potions_obtained":[{"floor":1,"key":"Weak Potion"},{"floor":11,"key":"ColorlessPotion"},{"floor":13,"key":"hexamod:EctoCoolerPotion"},{"floor":16,"key":"Block Potion"},{"floor":31,"key":"Reflective Coating"},{"floor":35,"key":"Explosive Potion"},{"floor":46,"key":"SteroidPotion"},{"floor":48,"key":"PowerPotion"}],"is_trial":false,"path_per_floor":["M","?","?","$","?","R","E","M","T","E","M","M","M","M","R_BF","B",null,"M","?","?","?","?","R","M","R","T","M","R","M","R","M","R","B",null,"M","?","$","M","?","R","M","R","T","$","R","M","?","M","R","B",null],"character_chosen":"THE_CURSED","items_purchased":["Replay:WaspNest","Bronze Scales","TheCursedMod:FleshFromBone"],"campfire_rested":2,"item_purchase_floors":[37,37,44],"current_hp_per_floor":[75,75,75,75,75,75,76,77,77,56,57,58,59,59,82,54,83,74,74,74,74,74,74,72,72,72,73,73,77,77,69,69,38,89,81,81,81,76,76,76,54,81,81,81,92,93,93,94,94,85],"gold":147,"neow_bonus":"THREE_ENEMY_KILL","is_daily":false,"chose_seed":false,"campfire_upgraded":9,"win_rate":0.0,"timestamp":1608640482,"path_taken":["M","?","?","$","?","R","E","?","T","E","M","M","M","?","R_BF","BOSS","M","?","?","?","?","R","?","R","T","M","R","M","R","?","R","BOSS","M","?","$","M","?","R","?","R","T","$","R","M","?","M","R","BOSS"],"items_purchased_type":["Relic","Relic","Card"],"build_version":"2020-12-13","purchased_purges":2,"victory":true,"max_hp_per_floor":[75,75,75,75,75,75,76,77,77,78,79,80,81,82,82,83,83,84,84,84,84,84,84,85,85,85,86,86,87,87,88,88,89,89,90,90,90,91,91,91,92,92,92,92,92,93,93,94,94,95],"card_choices":[{"not_picked":["TheCursedMod:ReleasedKnowledge","TheCursedMod:CursedMace"],"picked":"TheCursedMod:TacticalStrike","floor":1},{"not_picked":["TheCursedMod:VitalStrike","TheCursedMod:CircleOfWindfury"],"picked":"TheCursedMod:CursedBlade","floor":7},{"not_picked":["TheCursedMod:Hemoplague","TheCursedMod:ReleasedKnowledge"],"picked":"TheCursedMod:SpitefulStrike","floor":8},{"not_picked":["TheCursedMod:CursedAmulet","TheCursedMod:CircleOfCorruption"],"picked":"TheCursedMod:SpitefulStrike","floor":10},{"not_picked":["TheCursedMod:SaltUponWound","TheCursedMod:CircleOfFlame"],"picked":"TheCursedMod:BloodBarrier","floor":11},{"not_picked":["TheCursedMod:SmokeScreen","TheCursedMod:Torture"],"picked":"TheCursedMod:CollectTribute","floor":12},{"not_picked":["TheCursedMod:CursedSpellbook","TheCursedMod:Stigma"],"picked":"TheCursedMod:FleshFromBone","floor":13},{"not_picked":["TheCursedMod:RapidMovement","TheCursedMod:CursedMace"],"picked":"TheCursedMod:DoubleShield","floor":14},{"not_picked":["TheCursedMod:AntiAging","TheCursedMod:ShockAndAwe"],"picked":"TheCursedMod:DemonSword","floor":16},{"not_picked":["TheCursedMod:Stigma","TheCursedMod:DoubleShield"],"picked":"TheCursedMod:FleshFromBone","floor":18},{"not_picked":["TheCursedMod:Stretching","TheCursedMod:AshesToAshes"],"picked":"TheCursedMod:HellfireBreathing","floor":24},{"not_picked":["TheCursedMod:CursedMace","TheCursedMod:OutForBlood","TheCursedMod:CursedAmulet"],"picked":"SKIP","floor":27},{"not_picked":["TheCursedMod:CircleOfFlame+1","TheCursedMod:SoulReap","TheCursedMod:Wield+1"],"picked":"SKIP","floor":29},{"not_picked":["TheCursedMod:SurpriseAttack","TheCursedMod:CursedAmulet"],"picked":"TheCursedMod:CursedStaff","floor":31},{"not_picked":["TheCursedMod:ShockAndAwe","TheCursedMod:DemonicPact"],"picked":"TheCursedMod:DemonSword","floor":33},{"not_picked":["TheCursedMod:CursedMace","TheCursedMod:TacticalStrike+1","TheCursedMod:Torture+1"],"picked":"TheCursedMod:HellsGateOpen","floor":35},{"not_picked":["TheCursedMod:SmokeScreen+1","TheCursedMod:CircleOfFocus+1","TheCursedMod:Torture"],"picked":"TheCursedMod:DoubleShield+1","floor":38},{"not_picked":["TheCursedMod:CursedMace","TheCursedMod:VitalStrike","TheCursedMod:Mangle"],"picked":"TheCursedMod:CursedBlade","floor":41},{"not_picked":["TheCursedMod:CursedBlade","TheCursedMod:SpitefulPlan+1","TheCursedMod:CursedSpellbook"],"picked":"TheCursedMod:SpitefulPray+1","floor":46},{"not_picked":["TheCursedMod:AntiAging","TheCursedMod:Obscuration","TheCursedMod:RapidMovement+1"],"picked":"TheCursedMod:SmokeScreen+1","floor":48}],"player_experience":6086,"relics_obtained":[{"floor":7,"key":"Centennial Puzzle"},{"floor":9,"key":"Ancient Tea Set"},{"floor":10,"key":"Toy Ornithopter"},{"floor":26,"key":"ReplayTheSpireMod:Shallot"},{"floor":36,"key":"Ring of Fury"},{"floor":43,"key":"Eternal Feather"}],"event_choices":[{"damage_healed":0,"gold_gain":0,"player_choice":"Grow","damage_taken":0,"max_hp_gain":0,"max_hp_loss":0,"event_name":"Living Wall","floor":3,"gold_loss":0,"cards_upgraded":["TheCursedMod:CursedWand"]},{"damage_healed":0,"gold_gain":0,"player_choice":"Trade","damage_taken":0,"relics_obtained":["FaceOfCleric"],"max_hp_gain":0,"max_hp_loss":0,"event_name":"FaceTrader","floor":5,"gold_loss":0},{"damage_healed":0,"gold_gain":99,"player_choice":"Stole From Cult","damage_taken":0,"max_hp_gain":0,"max_hp_loss":0,"event_name":"Nest","floor":19,"gold_loss":0},{"damage_healed":0,"gold_gain":0,"player_choice":"Ignored","damage_taken":0,"max_hp_gain":0,"max_hp_loss":0,"event_name":"Ghosts","floor":20,"gold_loss":0},{"damage_healed":0,"gold_gain":0,"player_choice":"Read","damage_taken":0,"max_hp_gain":0,"max_hp_loss":0,"event_name":"The Library","floor":21,"gold_loss":0,"cards_obtained":["TheCursedMod:Evocation"]},{"damage_healed":0,"gold_gain":0,"player_choice":"Opened","damage_taken":0,"relics_obtained":["War Paint"],"max_hp_gain":0,"max_hp_loss":0,"event_name":"The Mausoleum","floor":22,"gold_loss":0,"cards_obtained":["Writhe"]},{"damage_healed":0,"gold_gain":0,"player_choice":"Rummage","damage_taken":0,"relics_obtained":["WarpedTongs"],"max_hp_gain":0,"max_hp_loss":0,"event_name":"Accursed Blacksmith","floor":39,"gold_loss":0,"cards_obtained":["Pain"]},{"cards_removed":["TheCursedMod:DoubleShield"],"damage_healed":0,"gold_gain":0,"player_choice":"Removed Skill","damage_taken":0,"max_hp_gain":0,"max_hp_loss":0,"event_name":"Falling","floor":47,"gold_loss":0}],"is_beta":false,"boss_relics":[{"not_picked":["TheCursedMod:OminousMark","Black Star"],"picked":"ChewingGum"},{"not_picked":["Hololive_TopUpMoneyS","Hololive_ChaosS"],"picked":"Honey Jar"}],"items_purged_floors":[4,44],"is_endless":false,"potions_floor_spawned":[1,11,13,16,24,31,35,46,48],"ascension_level":0}}