{"host":"mqhvlr3kpxebko0t","time":1608605072,"event":{"mods":["AchievementEnabler","BaseMod","Colored Map","Colored Powertips","Keyboard Shortcuts","Minty Spire (QoL Compilation)","StSLib","SuperFastMode"],"gold_per_floor":[109,123,136,152,77,77,90,90,90],"floor_reached":8,"playtime":151,"items_purged":[],"score":98,"play_id":"a2bc26ce-29e7-4335-9d11-86d51a3f8bf2","local_time":"20201222114432","is_ascension_mode":true,"campfire_choices":[{"data":"Eruption","floor":6,"key":"SMITH"}],"circlet_count":0,"master_deck":["AscendersBane","Strike_P","Strike_P","Defend_P","Defend_P","Defend_P","Eruption+1","Vigilance","Meditate","FollowUp"],"relics":["PureWater"],"acts_visited":["Exordium"],"potions_floor_usage":[4],"damage_taken":[{"damage":2.0,"enemies":"Jaw Worm","floor":1.0,"turns":4.0},{"damage":8.0,"enemies":"2 Louse","floor":2.0,"turns":4.0},{"damage":6.0,"enemies":"Cultist","floor":3.0,"turns":3.0},{"damage":4,"enemies":"3 Louse","floor":4,"turns":3},{"damage":8,"enemies":"Blue Slaver","floor":7,"turns":5},{"damage":33,"enemies":"Lagavulin","floor":8,"turns":7}],"seed_played":"1800594224093716509","potions_obtained":[{"floor":1.0,"key":"DistilledChaos"},{"floor":7,"key":"SneckoOil"}],"is_trial":false,"path_per_floor":["M","M","M","M","?","R","M","E"],"character_chosen":"WATCHER","items_purchased":[],"campfire_rested":0,"item_purchase_floors":[],"current_hp_per_floor":[59,51,45,41,41,41,33,0,0],"gold":90,"neow_bonus":"REMOVE_TWO","is_daily":false,"chose_seed":false,"campfire_upgraded":1,"win_rate":0.0,"timestamp":1608605072,"path_taken":["M","M","M","M","?","R","M","E"],"items_purchased_type":[],"build_version":"2020-12-13","purchased_purges":0,"victory":false,"max_hp_per_floor":[62,62,62,62,62,62,62,62,62],"card_choices":[{"not_picked":["Sanctity","Halt"],"picked":"Meditate","floor":1.0},{"not_picked":["JustLucky","Fasting2","Worship"],"picked":"SKIP","floor":2.0},{"not_picked":["SashWhip","Vengeance","Nirvana"],"picked":"SKIP","floor":3.0},{"not_picked":["Vengeance","JustLucky","LikeWater"],"picked":"SKIP","floor":4},{"not_picked":["Protect","SashWhip"],"picked":"FollowUp","floor":7}],"player_experience":671973,"relics_obtained":[],"event_choices":[{"cards_removed":["Strike_P"],"damage_healed":0,"gold_gain":0,"player_choice":"Card Removal","damage_taken":0,"max_hp_gain":0,"max_hp_loss":0,"event_name":"The Cleric","floor":5,"gold_loss":75}],"is_beta":false,"boss_relics":[],"items_purged_floors":[],"is_endless":false,"potions_floor_spawned":[1,7],"killed_by":"Lagavulin","ascension_level":19}}