{"host":"m3qxensetu6036ua","time":1608633585,"event":{"mods":["2.2 Compatiblity","AchievementEnabler","BaseMod","Better Altar","Better Match","Better Sensory Stone","Better Skull","Better Third Choice","Better Vampires","Block Reminder","Colored Powertips","Displayed Cursed Tome","Hubris","Jedi Mod","Minty Spire (QoL Compilation)","Rare Cards Sparkle","Remove Card Discount Mod","Replay The Spire","Spicy Shops","StSLib","The Bug Knight"],"gold_per_floor":[113,123,170,47,47,47,58,58,68,83,108,121,121,140,52,115,115,115,115],"floor_reached":18,"playtime":822,"items_purged":["Juggernaut"],"score":104,"play_id":"9ea266a5-52c9-460a-9a92-47e5bbcf02df","local_time":"20201222113945","is_ascension_mode":false,"campfire_choices":[{"data":"Spot Weakness","floor":8,"key":"SMITH"},{"data":"Sword Boomerang","floor":13,"key":"SMITH"},{"floor":17,"key":"REST"}],"circlet_count":0,"master_deck":["Strike_R","Strike_R","Strike_R","Strike_R","Strike_R","Defend_R","Defend_R","Defend_R","Defend_R+1","Bash","Sword Boomerang+1","Seeing Red+1","Spot Weakness+1","Iron Wave","Clash","Flash of Steel"],"relics":["Burning Blood","Centennial Puzzle","jedi:HeartOfTheCards","War Paint"],"acts_visited":["Exordium"],"potions_floor_usage":[10,10],"damage_taken":[{"damage":1,"enemies":"Cultist","floor":1,"turns":4},{"damage":12,"enemies":"Small Slimes","floor":2,"turns":3},{"damage":3,"enemies":"Jaw Worm","floor":7,"turns":4},{"damage":7,"enemies":"3 Louse","floor":9,"turns":4},{"damage":13,"enemies":"Exordium Thugs","floor":10,"turns":3},{"damage":8,"enemies":"Gremlin Gang","floor":12,"turns":4},{"damage":4,"enemies":"Blue Slaver","floor":14,"turns":3},{"damage":0,"enemies":"Fading Forest","floor":18,"turns":4}],"seed_played":"-7696602591629193195","potions_obtained":[{"floor":2,"key":"jedi:tentaclejuice"},{"floor":9,"key":"FearPotion"},{"floor":12,"key":"SpeedPotion"}],"is_trial":false,"path_per_floor":["M","M","T","$","PTL","PTL","M","R","M","M","T","M","R","M","$","?","R","B"],"character_chosen":"IRONCLAD","items_purchased":["jedi:HeartOfTheCards","Flash of Steel"],"campfire_rested":1,"item_purchase_floors":[4,15],"current_hp_per_floor":[61,55,55,55,55,55,58,58,57,50,50,48,48,50,50,50,74,74,74],"gold":115,"neow_bonus":"THREE_RARE_CARDS","is_daily":false,"chose_seed":false,"campfire_upgraded":2,"win_rate":0.0,"timestamp":1608633585,"path_taken":["M","M","?","$","PTL","PTL","M","R","M","M","T","M","R","M","$","?","R","BOSS"],"items_purchased_type":["Relic","Card"],"build_version":"2020-12-13","purchased_purges":1,"victory":false,"max_hp_per_floor":[80,80,80,80,80,80,80,80,80,80,80,80,80,80,80,80,80,80,80],"card_choices":[{"not_picked":["Bludgeon","jedi:unlimitedpower"],"picked":"Juggernaut","floor":0},{"not_picked":["Replay:Undeath\u0027s Touch","Flame Barrier"],"picked":"Sword Boomerang","floor":1},{"not_picked":["Cleave","ReplayTheSpireMod:Stacked"],"picked":"Seeing Red","floor":2},{"not_picked":["Wild Strike","Bloodletting"],"picked":"Spot Weakness","floor":7},{"not_picked":["Warcry","Run Through","Metallicize"],"picked":"SKIP","floor":9},{"not_picked":["Power Through","Anger"],"picked":"Iron Wave","floor":10},{"not_picked":["hubris:ReadiedAction","Feel No Pain","Anger"],"picked":"SKIP","floor":12},{"not_picked":["Iron Wave","Perfected Strike"],"picked":"Clash","floor":14}],"player_experience":133922,"relics_obtained":[{"floor":3,"key":"Centennial Puzzle"},{"floor":11,"key":"War Paint"}],"event_choices":[{"damage_healed":0,"gold_gain":63,"player_choice":"Gained Gold","damage_taken":0,"max_hp_gain":0,"max_hp_loss":0,"event_name":"Golden Wing","floor":16,"gold_loss":0}],"is_beta":false,"boss_relics":[],"items_purged_floors":[15],"is_endless":false,"potions_floor_spawned":[2,9,12],"killed_by":"Fading Forest","ascension_level":0}}