{"host":"4b06nrmhsmzqjm1r","time":1608674599,"event":{"mods":["2.2 Compatiblity","AchievementEnabler","BaseMod","BetterRewards","Colored Map","Colored Powertips","Downfall","Hermit","Highlight Path","Marisa????????","Minty Spire (QoL Compilation)","StSLib","The Animator","The Cursed","The Hierophant","The Servant 0.9.4"],"gold_per_floor":[99,111,16,16,16,16,43,53,72,92,92,92,9,284,301,399,399,399,417,417,436,436,451,451,466,466,316,335,335,364,50,60,60,60,60],"floor_reached":33,"playtime":5010,"items_purged":[],"score":282,"play_id":"644c082c-bb4f-4fb5-85b9-185bfc1ba349","local_time":"20201222230319","is_ascension_mode":false,"campfire_choices":[{"data":"Guardian:TwinSlam","floor":1.0,"key":"SMITH"},{"data":"Guardian:Clone","floor":6.0,"key":"SMITH"},{"data":"Guardian:TimeBomb","floor":12.0,"key":"SMITH"},{"floor":18,"key":"RECALL"},{"floor":27,"key":"REST"}],"circlet_count":0,"master_deck":["Guardian:Strike_Guardian","Guardian:Strike_Guardian+1","Guardian:Strike_Guardian+1","Guardian:Defend_Guardian","Guardian:Defend_Guardian","Guardian:Defend_Guardian","Guardian:Defend_Guardian","Guardian:CurlUp","Guardian:TwinSlam+1","Guardian:TimeSifter+1","Guardian:Clone+1","Guardian:TimeBomb+1","Guardian:Reroute","Guardian:ChargeCore","Guardian:EvasiveProtocol","Guardian:SentryBeam","Guardian:BaubleBeam","Guardian:RollAttack","Guardian:ShieldCharger","Guardian:ChargeUp","Necronomicurse","Guardian:SpikerProtocol","Guardian:ShieldSpikes+1","Guardian:Gem_Green"],"relics":["Guardian:ModeShifter","Nunchaku","downfall:ShatteredFragment","Empty Cage","Ice Cream","downfall:HeartBlessingRed","downfall:HeartBlessingBlue","Necronomicon","Blood Vial","Guardian:BottledStasis","Guardian:PickAxe"],"acts_visited":["Exordium","TheCity"],"potions_floor_usage":[16,16,30,33],"damage_taken":[{"damage":0.0,"enemies":"Small Slimes","floor":2.0,"turns":4.0},{"damage":0.0,"enemies":"downfall:FleeingMerchant","floor":3.0,"turns":4.0},{"damage":3.0,"enemies":"Jaw Worm","floor":8.0,"turns":3.0},{"damage":2.0,"enemies":"Cultist","floor":9.0,"turns":5.0},{"damage":0.0,"enemies":"2 Fungi Beasts","floor":10.0,"turns":2.0},{"damage":2.0,"enemies":"downfall:FleeingMerchant","floor":13.0,"turns":4.0},{"damage":11.0,"enemies":"Exordium Wildlife","floor":15.0,"turns":5.0},{"damage":16,"enemies":"downfall:Silent","floor":16,"turns":6},{"damage":6,"enemies":"Chosen","floor":19,"turns":5},{"damage":13,"enemies":"Shell Parasite","floor":21,"turns":5},{"damage":3,"enemies":"Snake Plant","floor":23,"turns":4},{"damage":15,"enemies":"3 Cultists","floor":25,"turns":5},{"damage":20,"enemies":"Centurion and Healer","floor":28,"turns":5},{"damage":27,"enemies":"Gremlin Leader","floor":30,"turns":4},{"damage":15,"enemies":"downfall:FleeingMerchant","floor":31,"turns":4},{"damage":9,"enemies":"Snake Plant","floor":32,"turns":4},{"damage":10,"enemies":"downfall:Defect","floor":33,"turns":3}],"seed_played":"-1818706634394006429","potions_obtained":[{"floor":5.0,"key":"champ:CounterPotion"},{"floor":5.0,"key":"Guardian:StasisDiscoveryPotion"},{"floor":5.0,"key":"LiquidBronze"},{"floor":28,"key":"LiquidBronze"},{"floor":32,"key":"SteroidPotion"}],"is_trial":false,"path_per_floor":["R","M","$","?","?","R","T","M","M","M","?","R","$","?","M","B",null,"R","M","T","M","?","M","T","M","?","R","M","?","E","$","M","B"],"character_chosen":"GUARDIAN","items_purchased":["Guardian:Clone","Guardian:EvasiveProtocol","Guardian:BottledStasis","Guardian:PickAxe"],"campfire_rested":1,"item_purchase_floors":[3,13,31,31],"current_hp_per_floor":[88,88,88,88,88,88,88,85,83,83,59,59,57,57,46,30,88,88,82,82,69,69,66,66,51,51,90,70,54,27,14,7,0,0,0],"gold":60,"neow_bonus":"TEN_PERCENT_HP_BONUS","is_daily":false,"chose_seed":false,"campfire_upgraded":3,"win_rate":0.0,"timestamp":1608674599,"path_taken":["R","M","$","?","?","R","T","M","M","?","?","R","?","?","M","BOSS","R","M","?","M","?","M","T","M","?","R","?","?","E","$","M","BOSS"],"items_purchased_type":["Card","Card","Relic","Relic"],"build_version":"2020-12-13","purchased_purges":0,"victory":false,"max_hp_per_floor":[88,88,88,88,88,88,88,88,88,88,88,88,88,88,88,88,88,88,88,88,88,88,88,88,88,88,98,98,98,98,98,98,98,98,98],"card_choices":[{"not_picked":["Guardian:Recover","Guardian:Repulse"],"picked":"Guardian:Gem_Lightblue","floor":2.0},{"not_picked":["Guardian:Planning","Guardian:HyperBeam_Guardian"],"picked":"Guardian:TimeSifter","floor":3.0},{"not_picked":["Guardian:Gem_Green","Guardian:PolyBeam"],"picked":"Guardian:Gem_Cyan","floor":8.0},{"not_picked":["Guardian:Suspension","Guardian:Gem_Lightblue"],"picked":"Guardian:TimeBomb","floor":9.0},{"not_picked":["Guardian:Suspension","Guardian:Gem_Cyan"],"picked":"Guardian:Reroute","floor":10.0},{"not_picked":["Guardian:Repulse","Guardian:Planning"],"picked":"Guardian:ChargeCore","floor":13.0},{"not_picked":["Guardian:VentSteam","Guardian:Suspension"],"picked":"Guardian:SentryBeam","floor":15.0},{"not_picked":["Guardian:Gem_Synthetic","Guardian:ConstructionForm"],"picked":"Guardian:BaubleBeam","floor":16},{"not_picked":["Guardian:Recover","Guardian:ChargeUp+1"],"picked":"Guardian:RollAttack","floor":19},{"not_picked":["Guardian:Gem_Green","Guardian:WalkerClaw"],"picked":"Guardian:Gem_Crimson","floor":21},{"not_picked":["Guardian:WalkerClaw","Guardian:Clone"],"picked":"Guardian:Gem_Lightblue","floor":23},{"not_picked":["Guardian:Planning","Guardian:ChargeCore+1"],"picked":"Guardian:ShieldCharger","floor":25},{"not_picked":["Guardian:ShieldCharger","Guardian:TemporalStrike"],"picked":"Guardian:ChargeUp","floor":28},{"not_picked":["Guardian:RollAttack","Guardian:TimeSifter"],"picked":"Guardian:SpikerProtocol","floor":30},{"not_picked":["Guardian:ChargeCore+1","Guardian:VentSteam"],"picked":"Guardian:ShieldSpikes+1","floor":31},{"not_picked":["Guardian:Gem_Lightblue","Guardian:ShieldCharger+1"],"picked":"Guardian:Gem_Green","floor":32}],"player_experience":222144,"relics_obtained":[{"floor":7.0,"key":"Nunchaku"},{"floor":20,"key":"Ice Cream"},{"floor":29,"key":"Necronomicon"},{"floor":30,"key":"Blood Vial"}],"event_choices":[{"damage_healed":0.0,"max_hp_gain":0.0,"max_hp_loss":0.0,"gold_gain":0.0,"event_name":"Lab","player_choice":"Got Potions","floor":5.0,"gold_loss":0.0,"damage_taken":0.0}],"is_beta":false,"boss_relics":[{"not_picked":["Ectoplasm","Cursed Key"],"picked":"Empty Cage"}],"items_purged_floors":[],"is_endless":false,"potions_floor_spawned":[8,10,28,32],"killed_by":"downfall:Defect","ascension_level":0}}