{"host":"gfybn4j1d26rvz5e","time":1608610118,"event":{"mods":["BaseMod","Better Altar","Better Match","Better Note","Better Sensory Stone","Better Skull","Better Third Choice","BetterRewards","Highlight Path","Minty Spire (QoL Compilation)","Random Character Button","Relic Stats","StSLib"],"gold_per_floor":[116,126,126,126,136,136,166,186,211,221,250,297,314,331,331,431,431,441,459,324,341,216,216,216,241,264,36,70,88,120,131,131,229,229,240,260,260,270,290,290,324,140,140,140,172,172,172,184,184,184,184,184,104,136,136,136],"floor_reached":55,"playtime":3277,"items_purged":["Strike_G","Defend_G","Strike_G","Defend_G"],"score":1229,"play_id":"d6ebd044-a99e-417e-8fe3-d467de687e75","local_time":"20201221220838","is_ascension_mode":true,"campfire_choices":[{"data":"Neutralize","floor":6,"key":"SMITH"},{"data":"Survivor","floor":15,"key":"SMITH"},{"floor":32,"key":"RECALL"},{"floor":40,"key":"REST"},{"floor":44,"key":"REST"},{"floor":49,"key":"REST"},{"floor":52,"key":"REST"}],"circlet_count":0,"master_deck":["Survivor+1","Neutralize+1","Dagger Throw","Cloak And Dagger+1","Backstab+1","Blade Dance+1","Terror+1","Concentrate+1","Phantasmal Killer+1","Venomology+1","Malaise+1","Cloak And Dagger+1","Deadly Poison+1","Leg Sweep+1","Bouncing Flask+1","Corpse Explosion+1","Distraction+1","Calculated Gamble+1","Heel Hook","A Thousand Cuts","Caltrops","Finisher+1","Acrobatics+1","Blade Dance+1","Footwork+1","Prepared+1","Catalyst+1","Accuracy","Well Laid Plans+1","Master of Strategy+1","Master of Strategy+1","Infinite Blades","Adrenaline+1"],"relics":["Ring of the Snake","Tough Bandages","Toxic Egg 2","Potion Belt","Bag of Preparation","Whetstone","Art of War","Fusion Hammer","Tingsha","Bottled Flame","Snake Skull","Blood Vial","Eternal Feather","Pandora\u0027s Box","War Paint","CaptainsWheel","Orichalcum"],"acts_visited":["Exordium","TheCity","TheBeyond","TheEnding"],"potions_floor_usage":[16,16,19,21,25,28,29,30,31,31,33,33,38,39,41,41,45,45,48,50,54,54,55,55,55,55],"damage_taken":[{"damage":4,"enemies":"Jaw Worm","floor":1,"turns":4},{"damage":0,"enemies":"Small Slimes","floor":2,"turns":2},{"damage":0,"enemies":"Cultist","floor":5,"turns":3},{"damage":12,"enemies":"3 Sentries","floor":7,"turns":10},{"damage":0,"enemies":"Lots of Slimes","floor":8,"turns":3},{"damage":0,"enemies":"3 Louse","floor":10,"turns":2},{"damage":0,"enemies":"Gremlin Nob","floor":11,"turns":2},{"damage":0,"enemies":"2 Fungi Beasts","floor":13,"turns":3},{"damage":0,"enemies":"Blue Slaver","floor":14,"turns":2},{"damage":1,"enemies":"Hexaghost","floor":16,"turns":6},{"damage":3,"enemies":"Spheric Guardian","floor":18,"turns":3},{"damage":0,"enemies":"2 Thieves","floor":19,"turns":3},{"damage":0,"enemies":"Snake Plant","floor":21,"turns":4},{"damage":2,"enemies":"Book of Stabbing","floor":25,"turns":5},{"damage":0,"enemies":"Gremlin Leader","floor":28,"turns":5},{"damage":2,"enemies":"Chosen and Byrds","floor":29,"turns":4},{"damage":16,"enemies":"Book of Stabbing","floor":30,"turns":4},{"damage":1,"enemies":"Centurion and Healer","floor":31,"turns":4},{"damage":44,"enemies":"Automaton","floor":33,"turns":10},{"damage":4,"enemies":"3 Shapes","floor":35,"turns":4},{"damage":0,"enemies":"3 Darklings","floor":36,"turns":2},{"damage":14,"enemies":"Transient","floor":38,"turns":5},{"damage":0,"enemies":"Maw","floor":39,"turns":4},{"damage":2,"enemies":"Reptomancer","floor":41,"turns":4},{"damage":11,"enemies":"Nemesis","floor":45,"turns":3},{"damage":0,"enemies":"Jaw Worm Horde","floor":48,"turns":1},{"damage":27,"enemies":"Awakened One","floor":50,"turns":9},{"damage":45,"enemies":"Shield and Spear","floor":54,"turns":5},{"damage":43,"enemies":"The Heart","floor":55,"turns":5}],"seed_played":"8700751081976911803","potions_obtained":[{"floor":1,"key":"SkillPotion"},{"floor":10,"key":"Block Potion"},{"floor":11,"key":"Energy Potion"},{"floor":13,"key":"BlessingOfTheForge"},{"floor":21,"key":"AttackPotion"},{"floor":25,"key":"Ancient Potion"},{"floor":31,"key":"Fruit Juice"},{"floor":33,"key":"Fruit Juice"},{"floor":41,"key":"Explosive Potion"},{"floor":45,"key":"EssenceOfSteel"},{"floor":48,"key":"EssenceOfSteel"}],"is_trial":false,"path_per_floor":["M","M","?","?","M","R","E","M","T","M","E","T","M","M","R","B",null,"M","M","$","M","$","?","?","E","T","$","E","M","E","M","R","B",null,"M","M","?","M","M","R","E","$","T","R","E","?","?","M","R","B",null,"R","$","E","B"],"character_chosen":"THE_SILENT","items_purchased":["Toxic Egg 2","Dagger Throw","Leg Sweep+1","Bouncing Flask+1","Prepared+1","Catalyst+1","Accuracy","Infinite Blades"],"campfire_rested":4,"item_purchase_floors":[0,0,20,27,42,42,42,53],"current_hp_per_floor":[59,59,59,70,70,70,58,58,58,58,58,58,58,58,58,57,70,67,67,67,67,67,67,70,68,68,68,68,68,54,60,72,35,80,76,78,77,65,67,80,78,78,78,80,69,69,69,71,80,53,80,80,80,35,0,0],"gold":136,"neow_bonus":"","is_daily":false,"chose_seed":false,"campfire_upgraded":2,"win_rate":0.0,"timestamp":1608610118,"path_taken":["M","M","?","?","M","R","E","M","T","M","E","?","M","?","R","BOSS","M","?","$","M","$","?","?","E","T","?","E","M","E","M","R","BOSS","M","?","?","M","?","R","E","$","T","R","E","?","?","M","R","BOSS","R","$","E","BOSS"],"items_purchased_type":["Relic","Card","Card","Card","Card","Card","Card","Card"],"build_version":"2020-12-13","purchased_purges":4,"victory":false,"max_hp_per_floor":[70,70,70,70,70,70,70,70,70,70,70,70,70,70,70,70,70,70,70,70,70,70,70,70,70,70,70,70,70,70,75,75,80,80,80,80,80,80,80,80,80,80,80,80,80,80,80,80,80,80,80,80,80,80,80,80],"relic_stats":{"counters":[50,221],"Tingsha":[174],"Eternal Feather":36,"Snake Skull":[99],"Bag of Preparation":[48],"Whetstone":["Strike_G","Strike_G"],"War Paint":[],"Orichalcum":[6],"Blood Vial":18,"Tough Bandages":[255],"Pandora\u0027s Box":["Distraction","Calculated Gamble","Heel Hook","A Thousand Cuts","Riddle With Holes","Caltrops"],"Art of War":[4],"obtain_stats":[{"Ice Cream":0,"Regal Pillow":46,"Enchiridion":29,"HoveringKite":34,"Snake Skull":26,"Bag of Preparation":9,"Whetstone":11,"Boot":43,"Sozu":17,"Blood Vial":28,"Tough Bandages":0,"Matryoshka":28,"Ninja Scroll":23,"Prayer Wheel":47,"Fusion Hammer":17,"Toxic Egg 2":0,"InkBottle":7,"Ring of the Snake":0,"Potion Belt":9,"The Specimen":26,"Tingsha":23,"Eternal Feather":30,"Letter Opener":25,"War Paint":41,"Orichalcum":54,"Mercury Hourglass":46,"Bottled Flame":25,"CaptainsWheel":45,"Pandora\u0027s Box":34,"Art of War":43},{"Ice Cream":0,"Regal Pillow":18,"Enchiridion":13,"HoveringKite":15,"Snake Skull":35,"Bag of Preparation":26,"Whetstone":28,"Boot":18,"Sozu":6,"Blood Vial":36,"Tough Bandages":21,"Matryoshka":13,"Ninja Scroll":10,"Prayer Wheel":19,"Fusion Hammer":31,"Toxic Egg 2":21,"InkBottle":2,"Ring of the Snake":0,"Potion Belt":3,"The Specimen":12,"Tingsha":34,"Eternal Feather":38,"Letter Opener":12,"War Paint":45,"Orichalcum":49,"Mercury Hourglass":18,"Bottled Flame":35,"CaptainsWheel":46,"Pandora\u0027s Box":40,"Art of War":18},{"Ice Cream":0,"Regal Pillow":81,"Enchiridion":56,"HoveringKite":69,"Snake Skull":152,"Bag of Preparation":122,"Whetstone":126,"Boot":81,"Sozu":25,"Blood Vial":157,"Tough Bandages":100,"Matryoshka":56,"Ninja Scroll":42,"Prayer Wheel":85,"Fusion Hammer":137,"Toxic Egg 2":100,"InkBottle":11,"Ring of the Snake":0,"Potion Belt":13,"The Specimen":52,"Tingsha":147,"Eternal Feather":165,"Letter Opener":52,"War Paint":198,"Orichalcum":216,"Mercury Hourglass":81,"Bottled Flame":152,"CaptainsWheel":201,"Pandora\u0027s Box":179,"Art of War":81}],"Ring of the Snake":[92]},"card_choices":[{"not_picked":["Dagger Spray","PiercingWail+1"],"picked":"Cloak And Dagger+1","floor":1},{"not_picked":["Endless Agony","Dodge and Roll+1"],"picked":"Backstab","floor":2},{"not_picked":["Dagger Throw","Acrobatics+1","Backflip+1"],"picked":"SKIP","floor":5},{"not_picked":["Backflip+1","Deadly Poison+1"],"picked":"Blade Dance+1","floor":7},{"not_picked":["Dodge and Roll+1","Noxious Fumes"],"picked":"Terror+1","floor":8},{"not_picked":["Reflex+1","Endless Agony"],"picked":"Concentrate+1","floor":10},{"not_picked":["Poisoned Stab","Dodge and Roll+1"],"picked":"Phantasmal Killer+1","floor":11},{"not_picked":["Blade Dance+1","Sucker Punch","Acrobatics+1"],"picked":"SKIP","floor":13},{"not_picked":["Deflect+1","Acrobatics+1"],"picked":"Venomology+1","floor":14},{"not_picked":["Bullet Time+1","Night Terror+1"],"picked":"Malaise+1","floor":16},{"not_picked":["Sucker Punch","Endless Agony"],"picked":"Cloak And Dagger+1","floor":18},{"not_picked":["Choke","Acrobatics+1"],"picked":"Deadly Poison+1","floor":19},{"not_picked":["Masterful Stab+1","Bane","Backflip+1"],"picked":"SKIP","floor":21},{"not_picked":["Tactician+1","Dodge and Roll+1","Blade Dance+1"],"picked":"SKIP","floor":25},{"not_picked":["Caltrops","Escape Plan+1","Infinite Blades"],"picked":"SKIP","floor":28},{"not_picked":["Poisoned Stab","Dagger Throw","Escape Plan+1"],"picked":"SKIP","floor":29},{"not_picked":["Slice","Reflex+1","Glass Knife"],"picked":"SKIP","floor":30},{"not_picked":["Deadly Poison+1","Prepared+1","Dagger Throw"],"picked":"SKIP","floor":31},{"not_picked":["Glass Knife","Storm of Steel+1"],"picked":"Corpse Explosion+1","floor":33},{"not_picked":["Masterful Stab+1","Slice+1","Finisher+1"],"picked":"SKIP","floor":35},{"not_picked":["Masterful Stab+1","Slice+1"],"picked":"Finisher+1","floor":35},{"not_picked":["Blade Dance+1","Poisoned Stab","Acrobatics+1"],"picked":"SKIP","floor":36},{"not_picked":["Blade Dance+1","Poisoned Stab"],"picked":"Acrobatics+1","floor":36},{"not_picked":["Deadly Poison+1","Infinite Blades","Dagger Spray"],"picked":"SKIP","floor":38},{"not_picked":["Deadly Poison+1","Tools of the Trade"],"picked":"Blade Dance+1","floor":39},{"not_picked":["Acrobatics+1","Backflip+1"],"picked":"Footwork+1","floor":41},{"not_picked":["Heel Hook+1","Dash+1"],"picked":"Well Laid Plans+1","floor":45},{"not_picked":["Madness+1","Impatience+1"],"picked":"Master of Strategy+1","floor":46},{"not_picked":["Discovery+1","Transmutation+1"],"picked":"Master of Strategy+1","floor":46},{"not_picked":["Poisoned Stab","Dagger Throw+1","Quick Slash"],"picked":"SKIP","floor":48},{"not_picked":["Masterful Stab+1","Well Laid Plans+1"],"picked":"Adrenaline+1","floor":54}],"player_experience":640549,"relics_obtained":[{"floor":7,"key":"Potion Belt"},{"floor":9,"key":"Bag of Preparation"},{"floor":11,"key":"Whetstone"},{"floor":12,"key":"Art of War"},{"floor":25,"key":"Bottled Flame"},{"floor":26,"key":"Snake Skull"},{"floor":28,"key":"Blood Vial"},{"floor":30,"key":"Eternal Feather"},{"floor":41,"key":"War Paint"},{"floor":45,"key":"CaptainsWheel"},{"floor":54,"key":"Orichalcum"}],"event_choices":[{"damage_healed":0,"gold_gain":0,"player_choice":"Grow","damage_taken":0,"max_hp_gain":0,"max_hp_loss":0,"event_name":"Living Wall","floor":3,"gold_loss":0,"cards_upgraded":["Backstab"]},{"damage_healed":23,"gold_gain":0,"player_choice":"Banana","damage_taken":0,"max_hp_gain":0,"max_hp_loss":0,"event_name":"Big Fish","floor":4,"gold_loss":0},{"damage_healed":0,"gold_gain":0,"player_choice":"Gave Potion","damage_taken":0,"relics_obtained":["Tingsha"],"max_hp_gain":0,"max_hp_loss":0,"event_name":"WeMeetAgain","floor":23,"gold_loss":0},{"damage_healed":4,"gold_gain":0,"player_choice":"LEAVE ","damage_taken":0,"relics_obtained":[],"max_hp_gain":0,"max_hp_loss":0,"event_name":"betterSkull:BetterSkull","floor":24,"gold_loss":0,"cards_upgraded":[]},{"damage_healed":0,"gold_gain":0,"player_choice":"","damage_taken":1,"relics_obtained":[],"max_hp_gain":0,"max_hp_loss":0,"event_name":"betterSkull:BetterSkull","floor":37,"gold_loss":0,"cards_upgraded":[]},{"damage_healed":0,"gold_gain":3,"player_choice":"1","damage_taken":0,"max_hp_gain":0,"max_hp_loss":0,"event_name":"betterStone:BetterStone","floor":46,"gold_loss":0},{"cards_removed":["Riddle With Holes"],"damage_healed":0,"gold_gain":0,"player_choice":"Removed Attack","damage_taken":0,"max_hp_gain":0,"max_hp_loss":0,"event_name":"Falling","floor":47,"gold_loss":0}],"is_beta":false,"boss_relics":[{"not_picked":["Snecko Eye","Ring of the Serpent"],"picked":"Fusion Hammer"},{"not_picked":["Philosopher\u0027s Stone","Runic Pyramid"],"picked":"Pandora\u0027s Box"}],"items_purged_floors":[0,20,22,27],"is_endless":false,"potions_floor_spawned":[1,10,11,13,21,25,28,30,31,33,41,45,48],"killed_by":"The Heart","ascension_level":4}}