{"host":"g462bm4kxxqxmkbv","time":1608645483,"event":{"mods":["2.2 Compatiblity","Act Like it!","Aspiration","Bard","BaseMod","Better Note","Better Third Choice","Better Vampires","Colored Map","Conspire","Dio Mod","Downfall","Hallownest","Hermit","Hero for Fun","Hubris","Infinite Spire","Minty Spire (QoL Compilation)","Permanent Neow","Quick Restart","Rare Cards Sparkle","Replay The Spire","Shop Mod","Small Relic Pack","Spicy Shops","StSLib","The Bladedancer","The Bug Knight","The Cursed","The Disciple","The Druid","The Exalted","The Forsaken","The Hierophant","The Judge","The Jungle","The Kombatant","The Necromancer","The Sage","The Servant 0.9.4","The Valiant","The Wild Card","Waifu the Spire"],"gold_per_floor":[115,130,130,130,147,147,147,161,161,194,205,222,240,255,255,352,352],"floor_reached":16,"playtime":1510,"items_purged":[],"score":206,"play_id":"7bce6bf9-6def-4478-98f4-a792c02a4fdf","local_time":"20201222205803","is_ascension_mode":false,"campfire_choices":[{"floor":6,"key":"RECALL"},{"floor":15,"key":"REST"}],"circlet_count":0,"master_deck":["Strike_W","Strike_W","Strike_W","Strike_W","Defend_W","Defend_W","Defend_W","Defend_W","Negative_Energy_Arrows","Bone_Wall","Bone_Armor","Bones_to_Steel","Bone_Spikes","Epidemic","Bone_Shift","Negative_Energy_Shield","Vampiric_Strike","Slay_Living"],"relics":["Vampire_Amulet","aspiration:Nostalgia","Replay:M_StaffOfTheSnake","hubris:Towel","Golden Egg","conspire:DeflatedDodgeball"],"acts_visited":["Exordium"],"potions_floor_usage":[10,16,16],"damage_taken":[{"damage":6,"enemies":"Jaw Worm","floor":1,"turns":4},{"damage":4,"enemies":"conspire:RoseBush","floor":2,"turns":5},{"damage":2,"enemies":"Small Slimes","floor":5,"turns":5},{"damage":6,"enemies":"conspire:2 RoseBushes","floor":8,"turns":7},{"damage":0,"enemies":"HollowMod:MossKnight","floor":10,"turns":4},{"damage":12,"enemies":"Looter","floor":11,"turns":4},{"damage":19,"enemies":"Lots of Slimes","floor":12,"turns":8},{"damage":12,"enemies":"2 Fungi Beasts","floor":13,"turns":5},{"damage":4,"enemies":"Large Slime","floor":14,"turns":10},{"damage":28,"enemies":"Hexaghost","floor":16,"turns":18}],"seed_played":"4894175133102642346","potions_obtained":[{"floor":1,"key":"sneckomod:MuddlingPotion"},{"floor":2,"key":"infinitespire:BlackPotion"},{"floor":8,"key":"Toxic Potion"},{"floor":10,"key":"Fire Potion"}],"is_trial":false,"path_per_floor":["M","M","?","?","M","R","?","M","T","E","M","M","M","M","R","B"],"character_chosen":"NECROMANCER","items_purchased":[],"campfire_rested":1,"item_purchase_floors":[],"current_hp_per_floor":[71,69,69,69,71,71,71,69,69,73,63,54,46,51,73,51,51],"gold":352,"neow_bonus":"NOSTALGIA","is_daily":false,"chose_seed":false,"campfire_upgraded":0,"win_rate":0.0,"timestamp":1608645483,"path_taken":["M","M","?","?","M","R","?","M","T","E","M","M","M","M","R","BOSS"],"items_purchased_type":[],"build_version":"2020-12-13","purchased_purges":0,"victory":false,"max_hp_per_floor":[75,75,75,75,75,75,75,75,75,75,75,75,75,75,75,75,75],"card_choices":[{"not_picked":["Finger_Of_Death","Scare"],"picked":"Bone_Armor","floor":1},{"not_picked":["CutThroughFate","Vampiric_Strike"],"picked":"Bones_to_Steel","floor":2},{"not_picked":["Blood_Whip","Bone_Shift"],"picked":"Bone_Spikes","floor":5},{"not_picked":["Nirvana","Acrobatics"],"picked":"Epidemic","floor":8},{"not_picked":["Setup","Uncharnel"],"picked":"Bone_Shift","floor":10},{"not_picked":["Uncharnel","Bone_Armor"],"picked":"Negative_Energy_Shield","floor":11},{"not_picked":["Finger_Of_Death","Epidemic","Masterful Stab"],"picked":"SKIP","floor":12},{"not_picked":["Consume_Illness","EmptyMind"],"picked":"Vampiric_Strike","floor":13},{"not_picked":["Spectral_Walk","Bone_Shift"],"picked":"Slay_Living","floor":14}],"player_experience":449513,"relics_obtained":[{"floor":9,"key":"Golden Egg"},{"floor":10,"key":"conspire:DeflatedDodgeball"}],"event_choices":[{"damage_healed":0,"gold_gain":0,"player_choice":"Leave","damage_taken":0,"max_hp_gain":0,"max_hp_loss":0,"event_name":"The Cleric","floor":4,"gold_loss":0}],"is_beta":false,"boss_relics":[],"items_purged_floors":[],"is_endless":false,"potions_floor_spawned":[1,2,8,10],"killed_by":"Hexaghost","ascension_level":0}}