{"host":"3ek78t4i81ecmdy1","time":1608611351,"event":{"mods":["2.2 Compatiblity","AchievementEnabler","BaseMod","Colored Map","DeckTracker","Filter the Spire","Keyboard Shortcuts","Minty Spire (QoL Compilation)","Permanent Neow","Quick Restart","SuperFastMode","Swap Starting Deck Mod","everything is the same but u backflip on backflip"],"gold_per_floor":[110,110,110,35,35,70,70,94,94,117,138,153,153,184,196,338,350,383,410,437,472,505,517,444,399,411,439,476,488,519,43,43,166,166,181,91,105,105,105],"floor_reached":38,"playtime":1674,"items_purged":["Headbutt","Headbutt"],"score":415,"play_id":"010b622e-8fcc-45f5-9c74-111a44cf9ad1","local_time":"20201222132911","is_ascension_mode":false,"campfire_choices":[{"data":"True Grit","floor":7,"key":"SMITH"},{"data":"Armaments","floor":13,"key":"SMITH"},{"floor":15,"key":"RECALL"},{"data":"Infernal Blade","floor":23,"key":"SMITH"},{"floor":29,"key":"REST"},{"floor":32,"key":"REST"}],"circlet_count":0,"master_deck":["Rampage+1","Headbutt","Headbutt","Shrug It Off","Shrug It Off","Shrug It Off+1","Battle Trance","True Grit+1","Double Tap","Armaments+1","Inflame","Infernal Blade+1","Burning Pact+1","Warcry","Demon Form","Warcry+1"],"relics":["Burning Blood","Golden Idol","The Courier","Sundial","MawBank","Black Star","Omamori","Strawberry","Pen Nib","ClockworkSouvenir","Tiny Chest","Fusion Hammer"],"acts_visited":["Exordium","TheCity","TheBeyond"],"potions_floor_usage":[12,12,22,28,30,33,33],"damage_taken":[{"damage":0,"enemies":"Jaw Worm","floor":1,"turns":3},{"damage":11,"enemies":"Gremlin Nob","floor":6,"turns":4},{"damage":4,"enemies":"2 Louse","floor":8,"turns":2},{"damage":0,"enemies":"Small Slimes","floor":10,"turns":3},{"damage":0,"enemies":"Exordium Wildlife","floor":11,"turns":4},{"damage":17,"enemies":"Gremlin Gang","floor":12,"turns":6},{"damage":2,"enemies":"3 Sentries","floor":14,"turns":9},{"damage":14,"enemies":"Hexaghost","floor":16,"turns":8},{"damage":16,"enemies":"3 Byrds","floor":18,"turns":6},{"damage":15,"enemies":"Chosen","floor":19,"turns":6},{"damage":31,"enemies":"Shelled Parasite and Fungi","floor":20,"turns":6},{"damage":22,"enemies":"3 Cultists","floor":21,"turns":6},{"damage":8,"enemies":"Snake Plant","floor":22,"turns":4},{"damage":1,"enemies":"Centurion and Healer","floor":27,"turns":5},{"damage":16,"enemies":"3 Cultists","floor":28,"turns":6},{"damage":30,"enemies":"Snecko","floor":30,"turns":7},{"damage":49,"enemies":"Champ","floor":33,"turns":10},{"damage":32,"enemies":"3 Darklings","floor":35,"turns":6},{"damage":39,"enemies":"Orb Walker","floor":37,"turns":5},{"damage":36,"enemies":"Spire Growth","floor":38,"turns":5}],"seed_played":"-1606269008845458148","potions_obtained":[{"floor":6,"key":"Regen Potion"},{"floor":8,"key":"Fruit Juice"},{"floor":10,"key":"Strength Potion"},{"floor":14,"key":"Dexterity Potion"},{"floor":19,"key":"SteroidPotion"},{"floor":20,"key":"Block Potion"},{"floor":22,"key":"Explosive Potion"},{"floor":30,"key":"AttackPotion"},{"floor":35,"key":"Energy Potion"}],"is_trial":false,"path_per_floor":["M","?","?","$","?","E","R","M","T","M","M","M","R","E","R","B",null,"M","M","M","M","M","R","?","?","T","M","M","R","M","$","R","B",null,"M","?","M","M"],"character_chosen":"IRONCLAD","items_purchased":["Pen Nib","ClockworkSouvenir","Tiny Chest","Warcry"],"campfire_rested":2,"item_purchase_floors":[31,31,31,31],"current_hp_per_floor":[46,26,26,26,26,21,21,23,23,29,35,41,41,45,45,37,85,75,66,41,25,23,23,23,30,30,35,25,52,28,28,55,12,92,66,66,33,0,0],"gold":105,"neow_bonus":"","is_daily":false,"chose_seed":false,"campfire_upgraded":3,"win_rate":0.0,"timestamp":1608611351,"path_taken":["M","?","?","$","?","E","R","?","T","?","?","M","R","E","R","BOSS","M","M","M","M","M","R","?","?","T","M","?","R","M","$","R","BOSS","M","?","?","M"],"items_purchased_type":["Relic","Relic","Relic","Card"],"build_version":"2020-12-13","purchased_purges":2,"victory":false,"max_hp_per_floor":[80,80,80,80,80,80,80,80,80,80,80,85,85,85,85,85,85,85,85,85,85,85,85,85,92,92,92,92,92,92,92,92,92,92,92,92,92,92,92],"card_choices":[{"not_picked":["Headbutt","Blood for Blood"],"picked":"True Grit","floor":1},{"not_picked":["Clothesline","Battle Trance"],"picked":"Double Tap","floor":6},{"not_picked":["Cleave","Body Slam"],"picked":"Armaments","floor":8},{"not_picked":["Bloodletting","Thunderclap","Juggernaut"],"picked":"SKIP","floor":10},{"not_picked":["Shrug It Off","Reckless Charge","Armaments"],"picked":"SKIP","floor":11},{"not_picked":["Havoc","Thunderclap","Armaments"],"picked":"SKIP","floor":12},{"not_picked":["Shrug It Off","Body Slam"],"picked":"Inflame","floor":14},{"not_picked":["Thunderclap","Heavy Blade+1","Armaments+1"],"picked":"SKIP","floor":18},{"not_picked":["Shrug It Off+1","Perfected Strike","Clash+1"],"picked":"SKIP","floor":19},{"not_picked":["Evolve","Heavy Blade","Perfected Strike+1"],"picked":"SKIP","floor":20},{"not_picked":["Heavy Blade","Twin Strike+1"],"picked":"Infernal Blade","floor":21},{"not_picked":["Headbutt","Clash","Fiend Fire"],"picked":"SKIP","floor":22},{"not_picked":["Anger","Dropkick","Bloodletting"],"picked":"SKIP","floor":27},{"not_picked":["Thunderclap","Disarm"],"picked":"Burning Pact+1","floor":28},{"not_picked":["Dropkick+1","Iron Wave","Twin Strike"],"picked":"SKIP","floor":30},{"not_picked":["Impervious","Feed"],"picked":"Demon Form","floor":33},{"not_picked":["Heavy Blade","Wild Strike","Clash"],"picked":"SKIP","floor":35},{"not_picked":["Clash+1","Iron Wave+1"],"picked":"Warcry+1","floor":37}],"player_experience":10466,"relics_obtained":[{"floor":6,"key":"The Courier"},{"floor":9,"key":"Sundial"},{"floor":14,"key":"MawBank"}],"event_choices":[{"damage_healed":0,"gold_gain":0,"player_choice":"Take Damage","damage_taken":20,"relics_obtained":["Golden Idol"],"max_hp_gain":0,"max_hp_loss":0,"event_name":"Golden Idol","floor":2,"gold_loss":0},{"damage_healed":0,"gold_gain":0,"player_choice":"Ignored","damage_taken":0,"max_hp_gain":0,"max_hp_loss":0,"event_name":"Liars Game","floor":3,"gold_loss":0},{"damage_healed":0,"gold_gain":0,"player_choice":"Grow","damage_taken":0,"max_hp_gain":0,"max_hp_loss":0,"event_name":"Living Wall","floor":5,"gold_loss":0,"cards_upgraded":["Rampage"]},{"damage_healed":0,"gold_gain":0,"player_choice":"Obtained Relic","damage_taken":0,"relics_obtained":["Omamori"],"max_hp_gain":0,"max_hp_loss":0,"event_name":"Addict","floor":24,"gold_loss":85},{"damage_healed":0,"gold_gain":0,"player_choice":"Paid Gold","damage_taken":0,"relics_obtained":["Strawberry"],"max_hp_gain":0,"max_hp_loss":0,"event_name":"WeMeetAgain","floor":25,"gold_loss":57},{"cards_removed":["Shrug It Off"],"damage_healed":0,"gold_gain":0,"player_choice":"Upgrade and Remove","damage_taken":0,"max_hp_gain":0,"max_hp_loss":0,"event_name":"Designer","floor":36,"gold_loss":90,"cards_upgraded":["Shrug It Off"]}],"is_beta":false,"boss_relics":[{"not_picked":["Pandora\u0027s Box","Snecko Eye"],"picked":"Black Star"},{"not_picked":["Tiny House","Philosopher\u0027s Stone"],"picked":"Fusion Hammer"}],"items_purged_floors":[4,31],"is_endless":false,"potions_floor_spawned":[6,8,10,14,19,20,22,30,35],"killed_by":"Spire Growth","ascension_level":0}}