{"host":"6xnetdfutjfdr70g","time":1608680007,"event":{"mods":["BaseMod","Colored Powertips","Highlight Path","Minty Spire (QoL Compilation)","Relic Stats"],"gold_per_floor":[112,132,207,225,225,260,260,115,115,115,129,129,141,154,154,227,227,245,255,273,285,285,285,312,312,312,312,329,329,345,355,355,431,431,444,444,459,459,459,459],"floor_reached":39,"playtime":1937,"items_purged":["Defend_P"],"score":751,"play_id":"f69c9513-208e-4583-8d13-1863817e2e1e","local_time":"20201222173327","is_ascension_mode":true,"campfire_choices":[{"floor":7.0,"key":"REST"},{"data":"Wallop","floor":10.0,"key":"SMITH"},{"data":"Vault","floor":12.0,"key":"SMITH"},{"floor":15.0,"key":"REST"},{"floor":23.0,"key":"REST"},{"floor":25.0,"key":"REST"},{"data":"Indignation","floor":27.0,"key":"SMITH"},{"floor":29.0,"key":"REST"},{"floor":32.0,"key":"REST"}],"circlet_count":0,"master_deck":["AscendersBane","Eruption+1","Vigilance","Vault+1","CutThroughFate+1","EmptyFist","Prostrate","CrushJoints+1","Wallop+1","FearNoEvil","FlurryOfBlows","TalkToTheHand","DevaForm","Protect+1","Study","Indignation+1","BowlingBash","Tantrum","MentalFortress","Fasting2","LessonLearned","ClearTheMind","ThirdEye","WindmillStrike","DeceiveReality","EmptyBody","ReachHeaven","Evaluate+1","Deep Breath"],"relics":["PureWater","Darkstone Periapt","Whetstone","VioletLotus","Shuriken","Bottled Flame","Pandora\u0027s Box"],"acts_visited":["Exordium","TheCity","TheBeyond"],"potions_floor_usage":[39],"damage_taken":[{"damage":0.0,"enemies":"Cultist","floor":1.0,"turns":3.0},{"damage":4.0,"enemies":"Jaw Worm","floor":2.0,"turns":4.0},{"damage":2.0,"enemies":"2 Louse","floor":4.0,"turns":3.0},{"damage":33.0,"enemies":"Gremlin Nob","floor":6.0,"turns":6.0},{"damage":1.0,"enemies":"Red Slaver","floor":11.0,"turns":5.0},{"damage":11.0,"enemies":"Exordium Thugs","floor":13.0,"turns":3.0},{"damage":10.0,"enemies":"Exordium Wildlife","floor":14.0,"turns":3.0},{"damage":0.0,"enemies":"Slime Boss","floor":16.0,"turns":5.0},{"damage":8.0,"enemies":"Shell Parasite","floor":18.0,"turns":4.0},{"damage":26.0,"enemies":"2 Thieves","floor":19.0,"turns":4.0},{"damage":1.0,"enemies":"3 Cultists","floor":20.0,"turns":6.0},{"damage":3.0,"enemies":"Snecko","floor":21.0,"turns":7.0},{"damage":23.0,"enemies":"Slavers","floor":24.0,"turns":6.0},{"damage":14.0,"enemies":"Centurion and Healer","floor":28.0,"turns":8.0},{"damage":14.0,"enemies":"Cultist and Chosen","floor":30.0,"turns":5.0},{"damage":18.0,"enemies":"Snecko","floor":31.0,"turns":5.0},{"damage":1.0,"enemies":"Champ","floor":33.0,"turns":6.0},{"damage":2,"enemies":"3 Shapes","floor":35,"turns":6},{"damage":20,"enemies":"3 Darklings","floor":37,"turns":5}],"seed_played":"1935852729759659406","potions_obtained":[{"floor":1.0,"key":"Regen Potion"},{"floor":2.0,"key":"ColorlessPotion"},{"floor":4.0,"key":"GamblersBrew"},{"floor":31.0,"key":"Energy Potion"}],"is_trial":false,"path_per_floor":["M","M","?","M","?","E","R","$","T","R","M","R","M","M","R","B",null,"M","M","M","M","?","R","E","R","T","R","M","R","M","M","R","B",null,"M","?","M","?","M"],"character_chosen":"WATCHER","items_purchased":["Wallop"],"campfire_rested":6,"item_purchase_floors":[8],"current_hp_per_floor":[65,61,50,48,48,15,34,34,34,34,33,33,22,12,31,31,57,49,23,22,19,19,38,15,34,34,34,20,39,37,19,38,37,58,56,56,36,36,0,0],"gold":459,"neow_bonus":"THREE_RARE_CARDS","is_daily":false,"chose_seed":false,"campfire_upgraded":3,"win_rate":0.0,"timestamp":1608680007,"path_taken":["M","M","?","M","?","E","R","$","T","R","M","R","M","M","R","BOSS","M","?","M","?","?","R","E","R","T","R","M","R","M","?","R","BOSS","M","?","M","?","M"],"items_purchased_type":["Card"],"build_version":"2020-12-13","purchased_purges":1,"victory":false,"max_hp_per_floor":[65,65,65,65,65,65,65,65,65,65,65,65,65,65,65,65,65,65,65,65,65,65,65,65,65,65,65,65,65,65,65,65,65,65,65,65,65,65,65,65],"relic_stats":{"Darkstone Periapt":0,"counters":[20,101],"Shuriken":[17],"Pandora\u0027s Box":["ClearTheMind","ThirdEye","WindmillStrike","DeceiveReality","EmptyBody","ReachHeaven"],"VioletLotus":[18],"Whetstone":["CrushJoints","CutThroughFate"],"obtain_stats":[{"Darkstone Periapt":6,"Bottled Flame":26,"Shuriken":24,"Pandora\u0027s Box":34,"VioletLotus":17,"Whetstone":9,"PureWater":0},{"Darkstone Periapt":4,"Bottled Flame":13,"Shuriken":13,"Pandora\u0027s Box":17,"VioletLotus":8,"Whetstone":4,"PureWater":0},{"Darkstone Periapt":16,"Bottled Flame":59,"Shuriken":59,"Pandora\u0027s Box":83,"VioletLotus":32,"Whetstone":16,"PureWater":0}]},"card_choices":[{"not_picked":["Wish","ConjureBlade"],"picked":"Vault","floor":0.0},{"not_picked":["WindmillStrike","SandsOfTime"],"picked":"CutThroughFate","floor":1.0},{"not_picked":["Evaluate","FollowUp"],"picked":"EmptyFist","floor":2.0},{"not_picked":["Weave","SignatureMove"],"picked":"Prostrate","floor":4.0},{"not_picked":["FollowUp","JustLucky"],"picked":"CrushJoints","floor":6.0},{"not_picked":["Crescendo","CutThroughFate"],"picked":"FearNoEvil","floor":11.0},{"not_picked":["SashWhip","EmptyFist"],"picked":"FlurryOfBlows","floor":13.0},{"not_picked":["Protect","CutThroughFate"],"picked":"TalkToTheHand","floor":14.0},{"not_picked":["Vault","ConjureBlade"],"picked":"DevaForm","floor":16.0},{"not_picked":["CutThroughFate","WheelKick"],"picked":"Protect+1","floor":18.0},{"not_picked":["SashWhip+1","Crescendo","Perseverance"],"picked":"SKIP","floor":19.0},{"not_picked":["WindmillStrike","Evaluate"],"picked":"Study","floor":20.0},{"not_picked":["EmptyFist","PathToVictory"],"picked":"Indignation","floor":21.0},{"not_picked":["Prostrate","LessonLearned"],"picked":"BowlingBash","floor":24.0},{"not_picked":["Protect","ThirdEye"],"picked":"Tantrum","floor":28.0},{"not_picked":["Prostrate","WheelKick+1"],"picked":"MentalFortress","floor":30.0},{"not_picked":["EmptyBody","CrushJoints"],"picked":"Fasting2","floor":31.0},{"not_picked":["Establishment","DevaForm"],"picked":"LessonLearned","floor":33.0},{"not_picked":["EmptyBody+1","CutThroughFate"],"picked":"Evaluate+1","floor":35},{"not_picked":["Good Instincts","Secret Weapon"],"picked":"Deep Breath","floor":36},{"not_picked":["CarveReality","CrushJoints","Perseverance"],"picked":"SKIP","floor":37}],"player_experience":420348,"relics_obtained":[{"floor":6.0,"key":"Darkstone Periapt"},{"floor":9.0,"key":"Whetstone"},{"floor":24.0,"key":"Shuriken"},{"floor":26.0,"key":"Bottled Flame"}],"event_choices":[{"damage_healed":0.0,"max_hp_gain":0.0,"max_hp_loss":0.0,"gold_gain":75.0,"event_name":"World of Goop","player_choice":"Gather Gold","floor":3.0,"gold_loss":0.0,"damage_taken":11.0},{"cards_removed":["Strike_P"],"damage_healed":0.0,"max_hp_gain":0.0,"max_hp_loss":0.0,"gold_gain":0.0,"event_name":"Purifier","player_choice":"Purged","floor":5.0,"gold_loss":0.0,"damage_taken":0.0},{"damage_healed":0.0,"max_hp_gain":0.0,"max_hp_loss":0.0,"gold_gain":0.0,"event_name":"Upgrade Shrine","player_choice":"Upgraded","floor":22.0,"gold_loss":0.0,"damage_taken":0.0,"cards_upgraded":["Eruption"]},{"damage_healed":0,"gold_gain":0,"player_choice":"Memory 1","damage_taken":0,"max_hp_gain":0,"max_hp_loss":0,"event_name":"SensoryStone","floor":36,"gold_loss":0},{"damage_healed":0,"gold_gain":0,"player_choice":"Ignored","damage_taken":0,"max_hp_gain":0,"max_hp_loss":0,"event_name":"Tomb of Lord Red Mask","floor":38,"gold_loss":0}],"is_beta":false,"boss_relics":[{"not_picked":["Empty Cage","Black Star"],"picked":"VioletLotus"},{"not_picked":["SacredBark","SlaversCollar"],"picked":"Pandora\u0027s Box"}],"items_purged_floors":[8],"is_endless":false,"potions_floor_spawned":[1,2,4,13,14,19,20,28,31],"killed_by":"4 Shapes","ascension_level":13}}