{"host":"xyexbe31ku0ov20l","time":1608673401,"event":{"mods":["AchievementEnabler","AlwaysNeverKeys","BaseMod","Bestiary","Block Reminder","Colored Map","Colored Powertips","Curses Come First","Displayed Cursed Tome","Minty Spire (QoL Compilation)","Permanent Neow","Quick Restart","Random Character Button","Rare Cards Sparkle","Relic Stats","StSLib"],"gold_per_floor":[13,13,13,23,23,51,51,67,67,81,98,133,308,326,326,430,430,443,461,461,461,471,471,496,506,506,55,66,80,115,15,15,118,118,133,1132,83,83,103,103,0,0,77,77,108,118,131,131,131,131],"floor_reached":51,"playtime":16523,"items_purged":["Regret","Doubt","Normality"],"score":1118,"play_id":"9216709b-45f5-4049-bc35-4d168fe3adbd","local_time":"20201222134321","is_ascension_mode":true,"campfire_choices":[{"data":"ForeignInfluence","floor":7,"key":"SMITH"},{"data":"Ragnarok","floor":15,"key":"SMITH"},{"data":"SashWhip","floor":23,"key":"SMITH"},{"floor":32,"key":"REST"},{"data":"Worship","floor":40,"key":"SMITH"},{"data":"Madness","floor":42,"key":"SMITH"},{"data":"Scrawl","floor":44,"key":"SMITH"},{"data":"Adaptation","floor":49,"key":"SMITH"}],"circlet_count":0,"master_deck":["Strike_P","Strike_P","Defend_P","Defend_P","Defend_P","Defend_P","Eruption","Vigilance","SashWhip+1","CarveReality","Prostrate","ForeignInfluence+1","Ragnarok+1","Wireheading","PathToVictory","EmptyBody","MentalFortress","Brilliance","EmptyFist","Study","PanicButton","JustLucky","ThirdEye","Worship+1","Mind Blast","Wallop","BattleHymn+1","PathToVictory","Scrawl+1","CurseOfTheBell","Crescendo+1","Normality","Madness+1","Adaptation+1","WheelKick","Finesse","MentalFortress+1","ClearTheMind+1"],"relics":["PureWater","Damaru","Mummified Hand","Anchor","Eternal Feather","FossilizedHelix","Busted Crown","Toy Ornithopter","Regal Pillow","Turnip","Boot","Calling Bell","GoldenEye","Gremlin Horn","Bag of Preparation","Bronze Scales","Du-Vu Doll","Frozen Eye","Red Mask","Shuriken","Bird Faced Urn"],"acts_visited":["Exordium","TheCity","TheBeyond"],"potions_floor_usage":[11,12,12,12,12,24,24,28,50,50,50],"damage_taken":[{"damage":3,"enemies":"Jaw Worm","floor":1,"turns":4},{"damage":0,"enemies":"Small Slimes","floor":4,"turns":2},{"damage":43,"enemies":"3 Sentries","floor":6,"turns":13},{"damage":2,"enemies":"Cultist","floor":8,"turns":2},{"damage":0,"enemies":"Red Slaver","floor":10,"turns":2},{"damage":0,"enemies":"Large Slime","floor":11,"turns":3},{"damage":4,"enemies":"Lagavulin","floor":12,"turns":5},{"damage":0,"enemies":"Blue Slaver","floor":14,"turns":2},{"damage":0,"enemies":"Slime Boss","floor":16,"turns":4},{"damage":0,"enemies":"Chosen","floor":18,"turns":4},{"damage":0,"enemies":"Spheric Guardian","floor":19,"turns":1},{"damage":2,"enemies":"Centurion and Healer","floor":22,"turns":6},{"damage":19,"enemies":"Slavers","floor":24,"turns":6},{"damage":0,"enemies":"Sentry and Sphere","floor":25,"turns":3},{"damage":18,"enemies":"Shelled Parasite and Fungi","floor":28,"turns":4},{"damage":0,"enemies":"Centurion and Healer","floor":29,"turns":3},{"damage":6,"enemies":"Gremlin Leader","floor":30,"turns":3},{"damage":47,"enemies":"Champ","floor":33,"turns":8},{"damage":29,"enemies":"3 Darklings","floor":35,"turns":3},{"damage":0,"enemies":"Orb Walker","floor":39,"turns":2},{"damage":0,"enemies":"Giant Head","floor":45,"turns":5},{"damage":0,"enemies":"3 Darklings","floor":46,"turns":2},{"damage":0,"enemies":"Spire Growth","floor":47,"turns":2},{"damage":88,"enemies":"Time Eater","floor":50,"turns":9}],"seed_played":"-3235713141449865938","potions_obtained":[{"floor":6,"key":"Explosive Potion"},{"floor":8,"key":"LiquidBronze"},{"floor":11,"key":"EntropicBrew"},{"floor":19,"key":"ColorlessPotion"},{"floor":22,"key":"Fire Potion"},{"floor":24,"key":"SkillPotion"},{"floor":35,"key":"LiquidBronze"},{"floor":45,"key":"BottledMiracle"}],"is_trial":false,"path_per_floor":["M","?","?","M","?","E","R","M","T","M","M","E","?","M","R","B",null,"M","M","?","?","M","R","E","M","T","$","M","M","E","$","R","B",null,"M","?","$","?","M","R","?","R","T","R","E","M","M","?","R","B",null],"character_chosen":"WATCHER","items_purchased":["Turnip","Mind Blast","Bronze Scales","Du-Vu Doll","Frozen Eye","Madness","Adaptation","StancePotion","SteroidPotion","WheelKick"],"campfire_rested":1,"item_purchase_floors":[27,27,37,37,37,37,37,37,37,37],"current_hp_per_floor":[76,76,69,69,69,26,26,24,24,24,24,20,20,20,32,32,73,73,73,56,56,54,69,50,50,50,50,37,37,31,31,88,41,79,50,50,50,50,50,71,71,91,91,91,91,91,91,91,91,23],"gold":131,"neow_bonus":"TWENTY_PERCENT_HP_BONUS","is_daily":false,"chose_seed":false,"campfire_upgraded":7,"win_rate":0.0,"timestamp":1608673401,"path_taken":["M","?","?","M","?","E","R","M","T","M","?","E","?","M","R","BOSS","M","M","?","?","M","R","E","M","T","$","M","?","E","?","R","BOSS","M","?","$","?","M","R","?","R","T","R","E","?","M","?","R","BOSS"],"items_purchased_type":["Relic","Card","Relic","Relic","Relic","Card","Card","Potion","Potion","Card"],"build_version":"2020-12-13","purchased_purges":3,"victory":true,"max_hp_per_floor":[86,86,86,86,86,86,86,86,86,86,86,86,86,86,86,86,86,86,86,91,91,91,91,91,91,91,91,91,91,91,91,91,91,91,91,91,91,91,91,91,91,91,91,91,91,91,91,91,91,91],"relic_stats":{"Regal Pillow":15,"Gremlin Horn":[4,4],"counters":[24,98],"Eternal Feather":83,"Bag of Preparation":[12],"Boot":[4],"GoldenEye":[32],"Busted Crown":32,"Mummified Hand":[57],"Shuriken":[10],"Bronze Scales":[36],"Bird Faced Urn":[10],"Turnip":[4],"obtain_stats":[{"Regal Pillow":26,"Gremlin Horn":34,"Damaru":3,"Eternal Feather":9,"Bag of Preparation":34,"Boot":30,"GoldenEye":34,"Calling Bell":34,"Du-Vu Doll":37,"Frozen Eye":37,"Anchor":6,"Busted Crown":17,"Mummified Hand":5,"Shuriken":43,"Bronze Scales":37,"Bird Faced Urn":45,"Turnip":27,"Red Mask":41,"PureWater":0,"FossilizedHelix":12,"Toy Ornithopter":24},{"Regal Pillow":14,"Gremlin Horn":18,"Damaru":1,"Eternal Feather":4,"Bag of Preparation":18,"Boot":17,"GoldenEye":18,"Calling Bell":18,"Du-Vu Doll":19,"Frozen Eye":19,"Anchor":3,"Busted Crown":9,"Mummified Hand":2,"Shuriken":20,"Bronze Scales":19,"Bird Faced Urn":21,"Turnip":14,"Red Mask":20,"PureWater":0,"FossilizedHelix":7,"Toy Ornithopter":13},{"Regal Pillow":57,"Gremlin Horn":75,"Damaru":4,"Eternal Feather":21,"Bag of Preparation":75,"Boot":67,"GoldenEye":75,"Calling Bell":75,"Du-Vu Doll":78,"Frozen Eye":78,"Anchor":19,"Busted Crown":37,"Mummified Hand":6,"Shuriken":80,"Bronze Scales":78,"Bird Faced Urn":85,"Turnip":57,"Red Mask":80,"PureWater":0,"FossilizedHelix":31,"Toy Ornithopter":54}],"Toy Ornithopter":15},"card_choices":[{"not_picked":["BattleHymn","ThirdEye"],"picked":"SashWhip","floor":1},{"not_picked":["SashWhip","Nirvana"],"picked":"Prostrate","floor":4},{"not_picked":["FlyingSleeves","ThirdEye"],"picked":"ForeignInfluence","floor":6},{"not_picked":["PathToVictory","Collect"],"picked":"Ragnarok","floor":8},{"not_picked":["EmptyFist","ClearTheMind"],"picked":"Wireheading","floor":10},{"not_picked":["FlyingSleeves","ThirdEye"],"picked":"PathToVictory","floor":11},{"not_picked":["DeceiveReality","CarveReality"],"picked":"EmptyBody","floor":12},{"not_picked":["Consecrate","EmptyFist"],"picked":"MentalFortress","floor":14},{"not_picked":["DevaForm","Judgement"],"picked":"Brilliance","floor":16},{"not_picked":[],"picked":"EmptyFist","floor":18},{"not_picked":["FlyingSleeves"],"picked":"SKIP","floor":19},{"not_picked":[],"picked":"JustLucky","floor":22},{"not_picked":[],"picked":"ThirdEye","floor":24},{"not_picked":[],"picked":"Worship","floor":25},{"not_picked":[],"picked":"Wallop","floor":28},{"not_picked":[],"picked":"BattleHymn+1","floor":29},{"not_picked":[],"picked":"PathToVictory","floor":30},{"not_picked":[],"picked":"Scrawl","floor":33},{"not_picked":[],"picked":"Crescendo+1","floor":35},{"not_picked":[],"picked":"Finesse","floor":38},{"not_picked":[],"picked":"MentalFortress+1","floor":39},{"not_picked":["Alpha"],"picked":"SKIP","floor":45},{"not_picked":[],"picked":"ClearTheMind+1","floor":46},{"not_picked":["EmptyFist"],"picked":"SKIP","floor":47}],"player_experience":2290323,"relics_obtained":[{"floor":6,"key":"Anchor"},{"floor":9,"key":"Eternal Feather"},{"floor":12,"key":"FossilizedHelix"},{"floor":24,"key":"Toy Ornithopter"},{"floor":26,"key":"Regal Pillow"},{"floor":30,"key":"Boot"},{"floor":34,"key":"GoldenEye"},{"floor":34,"key":"Gremlin Horn"},{"floor":34,"key":"Bag of Preparation"},{"floor":43,"key":"Shuriken"},{"floor":45,"key":"Bird Faced Urn"}],"event_choices":[{"damage_healed":0,"gold_gain":0,"cards_transformed":["Strike_P"],"player_choice":"Change","damage_taken":0,"max_hp_gain":0,"max_hp_loss":0,"event_name":"Living Wall","floor":2,"gold_loss":0,"cards_obtained":["CarveReality"]},{"damage_healed":0,"gold_gain":0,"player_choice":"Success","damage_taken":7,"relics_obtained":["Damaru"],"max_hp_gain":0,"max_hp_loss":0,"event_name":"Scrap Ooze","floor":3,"gold_loss":0},{"damage_healed":0,"gold_gain":0,"player_choice":"Box","damage_taken":0,"relics_obtained":["Mummified Hand"],"max_hp_gain":0,"max_hp_loss":0,"event_name":"Big Fish","floor":5,"gold_loss":0,"cards_obtained":["Regret"]},{"damage_healed":0,"gold_gain":175,"player_choice":"AGREE","damage_taken":0,"max_hp_gain":0,"max_hp_loss":0,"event_name":"Liars Game","floor":13,"gold_loss":0,"cards_obtained":["Doubt"]},{"damage_healed":0,"gold_gain":0,"player_choice":"Shed Blood","damage_taken":22,"max_hp_gain":5,"max_hp_loss":0,"event_name":"Forgotten Altar","floor":20,"gold_loss":0},{"damage_healed":0,"gold_gain":0,"player_choice":"2 cards matched","damage_taken":0,"max_hp_gain":0,"max_hp_loss":0,"event_name":"Match and Keep!","floor":21,"gold_loss":0,"cards_obtained":["Study","PanicButton"]},{"damage_healed":0,"gold_gain":999,"player_choice":"Gold","damage_taken":0,"max_hp_gain":0,"max_hp_loss":0,"event_name":"MindBloom","floor":36,"gold_loss":0,"cards_obtained":["Normality","Normality"]},{"damage_healed":0,"gold_gain":0,"player_choice":"Memory 1","damage_taken":0,"max_hp_gain":0,"max_hp_loss":0,"event_name":"SensoryStone","floor":38,"gold_loss":0},{"damage_healed":0,"gold_gain":0,"player_choice":"Paid","damage_taken":0,"relics_obtained":["Red Mask"],"max_hp_gain":0,"max_hp_loss":0,"event_name":"Tomb of Lord Red Mask","floor":41,"gold_loss":103},{"cards_removed":["Strike_P"],"damage_healed":0,"gold_gain":0,"player_choice":"Removed Attack","damage_taken":0,"max_hp_gain":0,"max_hp_loss":0,"event_name":"Falling","floor":48,"gold_loss":0}],"is_beta":false,"boss_relics":[{"not_picked":["Astrolabe","SacredBark"],"picked":"Busted Crown"},{"not_picked":["Tiny House","Snecko Eye"],"picked":"Calling Bell"}],"items_purged_floors":[27,31,37],"is_endless":false,"potions_floor_spawned":[6,8,11,19,22,24,35,45],"ascension_level":6}}