{"host":"ci7ivtocgfxh0ueo","time":1608615789,"event":{"mods":["BaseMod","GifTheSpireLib","Minty Spire (QoL Compilation)","StSLib"],"gold_per_floor":[114,73,348,368,368,399,399,426,726,746,763,763,779,796,796,873,873,891,344,358,370,370,401,401,401,401,418,448,448,463,475,475,475,475],"floor_reached":33,"playtime":1056,"items_purged":[],"score":561,"play_id":"abaec643-7fae-4c21-9157-9b88110cf3b3","local_time":"20201222134309","is_ascension_mode":true,"campfire_choices":[{"data":"Dash","floor":7,"key":"SMITH"},{"data":"Dash","floor":15,"key":"SMITH"},{"floor":24,"key":"REST"},{"floor":32,"key":"REST"}],"circlet_count":0,"master_deck":["AscendersBane","Strike_G","Strike_G","Strike_G","Strike_G","Strike_G","Defend_G","Defend_G","Defend_G","Defend_G","Defend_G","Survivor","Neutralize","Dagger Throw","Dash+1","Dash+1","Backstab","Dagger Throw","PiercingWail","Blur","Acrobatics","Poisoned Stab","Unload","Escape Plan","Distraction","Panacea","Backstab","Dash","Writhe","Noxious Fumes","Crippling Poison","Poisoned Stab+1"],"relics":["Ring of the Snake","NeowsBlessing","White Beast Statue","PreservedInsect","InkBottle","Old Coin","Spirit Poop","SlaversCollar","Membership Card","Toy Ornithopter","Ninja Scroll","Peace Pipe","Pen Nib","Singing Bowl","Red Mask"],"acts_visited":["Exordium","TheCity"],"potions_floor_usage":[8,16,16,18,20,20,23,27,28,30,30,30,31,33],"damage_taken":[{"damage":0,"enemies":"2 Louse","floor":1,"turns":1},{"damage":0,"enemies":"Cultist","floor":4,"turns":1},{"damage":0,"enemies":"3 Sentries","floor":6,"turns":1},{"damage":8,"enemies":"Gremlin Nob","floor":8,"turns":3},{"damage":0,"enemies":"Small Slimes","floor":10,"turns":2},{"damage":0,"enemies":"Gremlin Gang","floor":11,"turns":6},{"damage":0,"enemies":"Exordium Wildlife","floor":13,"turns":5},{"damage":1,"enemies":"Large Slime","floor":14,"turns":5},{"damage":41,"enemies":"Hexaghost","floor":16,"turns":12},{"damage":37,"enemies":"Spheric Guardian","floor":18,"turns":6},{"damage":0,"enemies":"3 Byrds","floor":20,"turns":2},{"damage":27,"enemies":"Shelled Parasite and Fungi","floor":21,"turns":5},{"damage":1,"enemies":"Slavers","floor":23,"turns":3},{"damage":0,"enemies":"Centurion and Healer","floor":27,"turns":8},{"damage":20,"enemies":"Masked Bandits","floor":28,"turns":5},{"damage":23,"enemies":"Cultist and Chosen","floor":30,"turns":7},{"damage":6,"enemies":"Snake Plant","floor":31,"turns":5},{"damage":65,"enemies":"Collector","floor":33,"turns":7}],"seed_played":"-7341088677739493907","potions_obtained":[{"floor":4,"key":"SpeedPotion"},{"floor":6,"key":"LiquidMemories"},{"floor":8,"key":"GamblersBrew"},{"floor":10,"key":"SkillPotion"},{"floor":13,"key":"ColorlessPotion"},{"floor":16,"key":"Poison Potion"},{"floor":18,"key":"GamblersBrew"},{"floor":20,"key":"Fruit Juice"},{"floor":21,"key":"Explosive Potion"},{"floor":23,"key":"CunningPotion"},{"floor":27,"key":"DuplicationPotion"},{"floor":28,"key":"EntropicBrew"},{"floor":30,"key":"PowerPotion"},{"floor":31,"key":"Regen Potion"}],"is_trial":false,"path_per_floor":["M","$","?","M","T","E","R","E","T","M","M","?","M","M","R","B",null,"M","$","M","M","?","E","R","?","T","M","?","?","M","M","R","B"],"character_chosen":"THE_SILENT","items_purchased":["Dash","Membership Card","Toy Ornithopter","Fire Potion","Ninja Scroll","Escape Plan","Distraction","Panacea"],"campfire_rested":2,"item_purchase_floors":[2,19,19,19,19,19,19,19],"current_hp_per_floor":[59,59,59,59,59,59,59,51,51,51,51,51,51,50,50,9,52,15,15,30,3,3,7,28,28,28,33,20,20,12,13,35,0,0],"gold":475,"neow_bonus":"THREE_ENEMY_KILL","is_daily":false,"chose_seed":false,"campfire_upgraded":2,"win_rate":0.0,"timestamp":1608615789,"path_taken":["M","$","?","?","?","E","R","E","T","?","?","?","M","M","R","BOSS","M","$","?","M","?","E","R","?","T","M","?","?","M","?","R","BOSS"],"items_purchased_type":["Card","Relic","Relic","Potion","Relic","Card","Card","Card"],"build_version":"2020-12-13","purchased_purges":0,"victory":false,"max_hp_per_floor":[66,66,66,66,66,66,66,66,66,66,66,66,66,66,66,66,66,66,66,71,71,71,71,71,71,71,71,73,73,73,75,75,75,75],"card_choices":[{"not_picked":["Cloak And Dagger","Deflect"],"picked":"Dagger Throw","floor":1},{"not_picked":["Heel Hook","Underhanded Strike"],"picked":"Dash","floor":4},{"not_picked":["Deflect","Dodge and Roll"],"picked":"Backstab","floor":6},{"not_picked":["Bane","Dagger Spray"],"picked":"Dagger Throw","floor":8},{"not_picked":["Deflect","Quick Slash"],"picked":"PiercingWail","floor":10},{"not_picked":["Noxious Fumes","Flying Knee"],"picked":"Blur","floor":11},{"not_picked":["Accuracy","Outmaneuver"],"picked":"Acrobatics","floor":13},{"not_picked":["Burst","Underhanded Strike"],"picked":"Poisoned Stab","floor":14},{"not_picked":["Storm of Steel","Phantasmal Killer"],"picked":"Unload","floor":16},{"not_picked":["Concentrate","Accuracy","Deadly Poison"],"picked":"SKIP","floor":18},{"not_picked":["Bane+1","Slice"],"picked":"Backstab","floor":20},{"not_picked":["Masterful Stab","Slice"],"picked":"Dash","floor":21},{"not_picked":["Poisoned Stab","Storm of Steel"],"picked":"Noxious Fumes","floor":23},{"not_picked":["Outmaneuver","Flying Knee+1"],"picked":"Crippling Poison","floor":27},{"not_picked":["Predator","Slice","Riddle With Holes"],"picked":"Singing Bowl","floor":28},{"not_picked":["Infinite Blades","Bane+1"],"picked":"Poisoned Stab+1","floor":30},{"not_picked":["Dodge and Roll","Doppelganger","Blade Dance"],"picked":"Singing Bowl","floor":31}],"player_experience":1277624,"relics_obtained":[{"floor":5,"key":"White Beast Statue"},{"floor":6,"key":"PreservedInsect"},{"floor":8,"key":"InkBottle"},{"floor":9,"key":"Old Coin"},{"floor":23,"key":"Pen Nib"},{"floor":26,"key":"Singing Bowl"},{"floor":28,"key":"Red Mask"}],"event_choices":[{"damage_healed":0,"gold_gain":275,"player_choice":"Desecrate","damage_taken":0,"max_hp_gain":0,"max_hp_loss":0,"event_name":"Golden Shrine","floor":3,"gold_loss":0,"cards_obtained":["Regret"]},{"cards_removed":["Regret"],"damage_healed":0,"gold_gain":0,"player_choice":"Offered Curse","damage_taken":0,"relics_obtained":["Spirit Poop"],"max_hp_gain":0,"max_hp_loss":0,"event_name":"Bonfire Elementals","floor":12,"gold_loss":0},{"damage_healed":0,"gold_gain":0,"player_choice":"Opened","damage_taken":0,"relics_obtained":["Peace Pipe"],"max_hp_gain":0,"max_hp_loss":0,"event_name":"The Mausoleum","floor":22,"gold_loss":0,"cards_obtained":["Writhe"]},{"damage_healed":0,"gold_gain":0,"player_choice":"Ignored","damage_taken":0,"max_hp_gain":0,"max_hp_loss":0,"event_name":"Ghosts","floor":25,"gold_loss":0},{"damage_healed":0,"gold_gain":0,"player_choice":"Fought Bandits","damage_taken":0,"max_hp_gain":0,"max_hp_loss":0,"event_name":"Masked Bandits","floor":28,"gold_loss":0},{"damage_healed":0,"gold_gain":0,"player_choice":"0 cards matched","damage_taken":0,"max_hp_gain":0,"max_hp_loss":0,"event_name":"Match and Keep!","floor":29,"gold_loss":0,"cards_obtained":[]}],"is_beta":false,"boss_relics":[{"not_picked":["Black Star","Fusion Hammer"],"picked":"SlaversCollar"}],"items_purged_floors":[],"is_endless":false,"potions_floor_spawned":[4,6,8,10,11,13,14,16,18,20,21,23,27,28,30,31],"killed_by":"Collector","ascension_level":17}}