{"host":"8g24zuco0epbjwbo","time":1608678530,"event":{"mods":["BaseMod","Downfall","Minty Spire (QoL Compilation)","Relic Stats","StSLib"],"gold_per_floor":[99,99,99,549,724,724,724,754,679,694,708,708,708,708],"floor_reached":12,"playtime":461,"items_purged":[],"score":78,"play_id":"a07cca1a-bba7-42ee-8d84-e6073178cd56","local_time":"20201222180850","is_ascension_mode":true,"campfire_choices":[{"floor":1,"key":"RECALL"},{"data":"champ:IgnorePain","floor":9,"key":"SMITH"}],"circlet_count":0,"master_deck":["champ:Strike","champ:Strike","champ:Strike","champ:Strike","champ:Defend","champ:Defend","champ:Defend","champ:Defend","champ:Execute","champ:Taunt","champ:AdrenalArmor","champ:Balance","Slimebound:Icky","Slimebound:Icky","Slimebound:Icky","Doubt","champ:PreciseThrust","champ:IgnorePain+1","champ:GladiatorStyle","champ:CrookedStrike"],"relics":["champ:ChampionCrown","downfall:HeartsMalice","champ:DefensiveTrainingManual","StrikeDummy","downfall:HeartBlessingRed"],"acts_visited":["Exordium"],"potions_floor_usage":[11],"damage_taken":[{"damage":0,"enemies":"Jaw Worm","floor":2,"turns":1},{"damage":0,"enemies":"Small Slimes","floor":3,"turns":1},{"damage":0,"enemies":"Cultist","floor":6,"turns":1},{"damage":60,"enemies":"3 Sentries","floor":8,"turns":14},{"damage":25,"enemies":"Large Slime","floor":10,"turns":6},{"damage":4,"enemies":"3 Louse","floor":11,"turns":3},{"damage":32,"enemies":"Lagavulin","floor":12,"turns":5}],"seed_played":"-2218402601667522695","potions_obtained":[{"floor":8,"key":"Energy Potion"},{"floor":10,"key":"SteroidPotion"}],"is_trial":false,"path_per_floor":["R","M","M","?","?","M","T","E","R","M","M","E"],"character_chosen":"THE_CHAMP","items_purchased":[],"campfire_rested":0,"item_purchase_floors":[],"current_hp_per_floor":[90,90,90,90,90,90,90,43,43,30,30,0,0,0],"gold":708,"neow_bonus":"THREE_ENEMY_KILL","is_daily":false,"chose_seed":false,"campfire_upgraded":1,"win_rate":0.0,"timestamp":1608678530,"path_taken":["R","M","M","?","?","M","T","E","R","M","M","E"],"items_purchased_type":[],"build_version":"2020-12-13","purchased_purges":0,"victory":false,"max_hp_per_floor":[90,90,90,90,90,90,90,90,90,90,90,90,90,90],"relic_stats":{"counters":[7,28],"obtain_stats":[{"downfall:HeartBlessingRed":9,"champ:DefensiveTrainingManual":7,"champ:ChampionCrown":0,"downfall:HeartsMalice":0,"StrikeDummy":8},{"downfall:HeartBlessingRed":4,"champ:DefensiveTrainingManual":3,"champ:ChampionCrown":0,"downfall:HeartsMalice":0,"StrikeDummy":4},{"downfall:HeartBlessingRed":14,"champ:DefensiveTrainingManual":0,"champ:ChampionCrown":0,"downfall:HeartsMalice":0,"StrikeDummy":14}]},"card_choices":[{"not_picked":["champ:Riposte","champ:BerserkersShout"],"picked":"champ:AdrenalArmor","floor":2},{"not_picked":["champ:StanceDance","champ:FocusedBerserking"],"picked":"champ:Balance","floor":3},{"not_picked":["champ:BladeFlurry","champ:AdrenalArmor"],"picked":"champ:PreciseThrust","floor":6},{"not_picked":["champ:StanceDance","champ:CrookedStrike"],"picked":"champ:IgnorePain","floor":8},{"not_picked":["champ:RapidStrikes","champ:FightOn"],"picked":"champ:GladiatorStyle","floor":10},{"not_picked":["champ:GladiatorsShout","champ:RageSigil"],"picked":"champ:CrookedStrike","floor":11}],"player_experience":433258,"relics_obtained":[{"floor":7,"key":"champ:DefensiveTrainingManual"},{"floor":8,"key":"StrikeDummy"}],"event_choices":[],"is_beta":false,"boss_relics":[],"items_purged_floors":[],"is_endless":false,"potions_floor_spawned":[8,10],"killed_by":"Lagavulin","ascension_level":1}}