{"host":"i09pxcjttd31eh4q","time":1608624894,"event":{"mods":["AchievementEnabler","BaseMod","Colored Map","Keyboard Shortcuts","Minty Spire (QoL Compilation)","StSLib","SuperFastMode"],"gold_per_floor":[113,113,113,132,147,147,147,72,97,432,452,402,402,420,420,545,545,558,558,402,415,415,415,330,346,346,371,384,404,420,345,345,475,475,500,500,524,545,565,599,342,342,342,293,245,286,299,319,319,319],"floor_reached":51,"playtime":1242,"items_purged":["Strike_R","Armaments+1"],"score":936,"play_id":"9d93993f-b7d3-4d5f-b047-c3a7b7a60bd9","local_time":"20201222171454","is_ascension_mode":false,"campfire_choices":[{"data":"Armaments","floor":6.0,"key":"SMITH"},{"data":"Pommel Strike","floor":13.0,"key":"SMITH"},{"data":"Bash","floor":15.0,"key":"SMITH"},{"data":"Sword Boomerang","floor":23.0,"key":"SMITH"},{"data":"Twin Strike","floor":32.0,"key":"SMITH"},{"data":"Iron Wave","floor":42,"key":"SMITH"},{"floor":49,"key":"REST"}],"circlet_count":0,"master_deck":["Bash+1","Sword Boomerang+1","Twin Strike+1","Pommel Strike+1","Thunderclap+1","Iron Wave+1","Blade Dance+1"],"relics":["Burning Blood","Ancient Tea Set","Golden Idol","Centennial Puzzle","Old Coin","Empty Cage","TheAbacus","Bird Faced Urn","Pocketwatch","Black Star","Omamori","Orichalcum","PrismaticShard","Shuriken","Eternal Feather","Mango"],"acts_visited":["Exordium","TheCity","TheBeyond"],"potions_floor_usage":[40,50,50,50],"damage_taken":[{"damage":1.0,"enemies":"Jaw Worm","floor":1.0,"turns":3.0},{"damage":0.0,"enemies":"Small Slimes","floor":4.0,"turns":3.0},{"damage":0.0,"enemies":"2 Louse","floor":5.0,"turns":2.0},{"damage":20.0,"enemies":"Lagavulin","floor":10.0,"turns":3.0},{"damage":2.0,"enemies":"Blue Slaver","floor":11.0,"turns":3.0},{"damage":0.0,"enemies":"Looter","floor":14.0,"turns":2.0},{"damage":0.0,"enemies":"Slime Boss","floor":16.0,"turns":5.0},{"damage":5.0,"enemies":"Spheric Guardian","floor":18.0,"turns":3.0},{"damage":13.0,"enemies":"Shell Parasite","floor":21.0,"turns":4.0},{"damage":13.0,"enemies":"Cultist and Chosen","floor":25.0,"turns":4.0},{"damage":10.0,"enemies":"Chosen and Byrds","floor":27.0,"turns":5.0},{"damage":12.0,"enemies":"Centurion and Healer","floor":28.0,"turns":5.0},{"damage":5.0,"enemies":"Cultist and Chosen","floor":29.0,"turns":6.0},{"damage":0.0,"enemies":"Sentry and Sphere","floor":30.0,"turns":5.0},{"damage":69.0,"enemies":"Collector","floor":33.0,"turns":7.0},{"damage":6.0,"enemies":"3 Shapes","floor":35.0,"turns":4.0},{"damage":10.0,"enemies":"3 Darklings","floor":37.0,"turns":3.0},{"damage":34.0,"enemies":"Writhing Mass","floor":38.0,"turns":6.0},{"damage":11.0,"enemies":"Sphere and 2 Shapes","floor":39.0,"turns":4.0},{"damage":6,"enemies":"Giant Head","floor":40,"turns":6},{"damage":11,"enemies":"Reptomancer","floor":46,"turns":4},{"damage":14,"enemies":"Maw","floor":47,"turns":5},{"damage":18,"enemies":"4 Shapes","floor":48,"turns":5},{"damage":49,"enemies":"Awakened One","floor":50,"turns":5}],"seed_played":"195799727750733447","potions_obtained":[{"floor":1.0,"key":"SteroidPotion"},{"floor":4.0,"key":"SpeedPotion"},{"floor":11.0,"key":"Swift Potion"},{"floor":16.0,"key":"Regen Potion"},{"floor":21.0,"key":"DuplicationPotion"},{"floor":27.0,"key":"LiquidMemories"},{"floor":28.0,"key":"Weak Potion"},{"floor":29.0,"key":"ColorlessPotion"},{"floor":35.0,"key":"Explosive Potion"},{"floor":37.0,"key":"PowerPotion"},{"floor":47,"key":"DistilledChaos"}],"is_trial":false,"path_per_floor":["M","?","?","M","M","R","?","$","T","E","M","?","R","M","R","B",null,"M","?","$","M","$","R","?","M","T","M","M","M","M","?","R","B",null,"M","?","M","M","M","E","$","R","T","$","$","E","M","M","R","B",null],"character_chosen":"IRONCLAD","items_purchased":["TheAbacus","PrismaticShard","AttackPotion","SkillPotion"],"campfire_rested":1,"item_purchase_floors":[20,41,44,45],"current_hp_per_floor":[61,54,38,44,50,50,30,30,30,16,20,20,20,26,26,32,80,80,80,80,73,73,73,73,66,66,76,70,71,77,77,77,14,80,80,80,76,48,43,45,45,45,45,45,45,54,46,34,65,22],"gold":319,"neow_bonus":"REMOVE_TWO","is_daily":false,"chose_seed":false,"campfire_upgraded":6,"win_rate":0.0,"timestamp":1608624894,"path_taken":["M","?","?","M","M","R","?","?","T","E","?","?","R","M","R","BOSS","M","?","$","M","$","R","?","M","T","M","M","M","M","?","R","BOSS","M","?","?","M","M","E","$","R","T","?","$","E","M","?","R","BOSS"],"items_purchased_type":["Relic","Relic","Potion","Potion"],"build_version":"2020-12-13","purchased_purges":2,"victory":true,"max_hp_per_floor":[80,80,80,80,80,80,80,80,80,80,80,80,80,80,80,80,80,80,80,80,80,80,80,80,80,80,80,80,80,80,80,80,80,80,80,80,80,80,80,80,80,80,80,80,80,94,94,94,94,94],"card_choices":[{"not_picked":["Disarm","Evolve"],"picked":"Sword Boomerang","floor":1.0},{"not_picked":["Blood for Blood","Cleave"],"picked":"Twin Strike","floor":4.0},{"not_picked":["Havoc","Headbutt"],"picked":"Armaments","floor":5.0},{"not_picked":["Berserk","Ghostly Armor"],"picked":"Pommel Strike","floor":10.0},{"not_picked":["Havoc","Clothesline","Wild Strike"],"picked":"SKIP","floor":11.0},{"not_picked":["Havoc","Clothesline","Wild Strike"],"picked":"SKIP","floor":11.0},{"not_picked":["Clash","Body Slam","Power Through"],"picked":"SKIP","floor":14.0},{"not_picked":["Shockwave+1","Heavy Blade","Sever Soul"],"picked":"SKIP","floor":18.0},{"not_picked":["Dropkick+1","Perfected Strike","Evolve+1"],"picked":"SKIP","floor":21.0},{"not_picked":["Flex","Cleave","Perfected Strike+1"],"picked":"SKIP","floor":25.0},{"not_picked":["Heavy Blade","Whirlwind+1","Cleave+1"],"picked":"SKIP","floor":27.0},{"not_picked":["Heavy Blade","Evolve","Fire Breathing"],"picked":"SKIP","floor":28.0},{"not_picked":["Dropkick","Clothesline","Feel No Pain"],"picked":"SKIP","floor":29.0},{"not_picked":["Iron Wave","Headbutt","Cleave"],"picked":"SKIP","floor":30.0},{"not_picked":["Clash","Anger+1"],"picked":"Thunderclap+1","floor":35.0},{"not_picked":["Dark Embrace","Wild Strike","Juggernaut"],"picked":"SKIP","floor":37.0},{"not_picked":["Entrench","Headbutt","Warcry"],"picked":"SKIP","floor":38.0},{"not_picked":["Twin Strike+1","Clash"],"picked":"Iron Wave","floor":39.0},{"not_picked":["Clothesline","Intimidate","Dark Embrace+1"],"picked":"SKIP","floor":40},{"not_picked":["Double Tap","Prepared"],"picked":"Blade Dance+1","floor":46},{"not_picked":["Cleave","Outmaneuver","Stack"],"picked":"SKIP","floor":47},{"not_picked":["CutThroughFate","Judgement","FollowUp"],"picked":"SKIP","floor":48}],"player_experience":751870,"relics_obtained":[{"floor":9.0,"key":"Centennial Puzzle"},{"floor":10.0,"key":"Old Coin"},{"floor":26.0,"key":"Pocketwatch"},{"floor":40,"key":"Omamori"},{"floor":40,"key":"Orichalcum"},{"floor":43,"key":"Shuriken"},{"floor":46,"key":"Eternal Feather"},{"floor":46,"key":"Mango"}],"event_choices":[{"damage_healed":0.0,"max_hp_gain":0.0,"max_hp_loss":0.0,"gold_gain":0.0,"event_name":"Scrap Ooze","player_choice":"Success","floor":2.0,"gold_loss":0.0,"damage_taken":7.0,"relics_obtained":["Ancient Tea Set"]},{"damage_healed":0.0,"max_hp_gain":0.0,"max_hp_loss":0.0,"gold_gain":0.0,"event_name":"Shining Light","player_choice":"Entered Light","floor":3.0,"gold_loss":0.0,"damage_taken":16.0,"cards_upgraded":["Strike_R","Strike_R"]},{"damage_healed":0.0,"max_hp_gain":0.0,"max_hp_loss":0.0,"gold_gain":0.0,"event_name":"Golden Idol","player_choice":"Take Damage","floor":7.0,"gold_loss":0.0,"damage_taken":20.0,"relics_obtained":["Golden Idol"]},{"cards_removed":["Strike_R"],"damage_healed":0.0,"max_hp_gain":0.0,"max_hp_loss":0.0,"gold_gain":0.0,"event_name":"The Cleric","player_choice":"Card Removal","floor":12.0,"gold_loss":50.0,"damage_taken":0.0},{"cards_removed":["Defend_R"],"damage_healed":0.0,"max_hp_gain":0.0,"max_hp_loss":0.0,"gold_gain":0.0,"event_name":"Back to Basics","player_choice":"Elegance","floor":19.0,"gold_loss":0.0,"damage_taken":0.0},{"damage_healed":0.0,"max_hp_gain":0.0,"max_hp_loss":0.0,"gold_gain":0.0,"event_name":"Addict","player_choice":"Obtained Relic","floor":24.0,"gold_loss":85.0,"damage_taken":0.0,"relics_obtained":["Bird Faced Urn"]},{"cards_removed":["Defend_R"],"damage_healed":0.0,"max_hp_gain":0.0,"max_hp_loss":0.0,"gold_gain":0.0,"event_name":"Beggar","player_choice":"Gave Gold","floor":31.0,"gold_loss":75.0,"damage_taken":0.0},{"cards_removed":["Strike_R"],"damage_healed":0.0,"max_hp_gain":0.0,"max_hp_loss":0.0,"gold_gain":0.0,"event_name":"Purifier","player_choice":"Purged","floor":36.0,"gold_loss":0.0,"damage_taken":0.0}],"is_beta":false,"boss_relics":[{"not_picked":["Tiny House","Pandora\u0027s Box"],"picked":"Empty Cage"},{"not_picked":["Philosopher\u0027s Stone","Black Blood"],"picked":"Black Star"}],"items_purged_floors":[8,41],"is_endless":false,"potions_floor_spawned":[1,4,11,16,21,27,28,29,35,37,47],"ascension_level":0}}