{"host":"y76clbnovzmw9ubx","time":1608649091,"event":{"mods":["AchievementEnabler","BaseMod","Minty Spire (QoL Compilation)","Permanent Neow","Relic Stats"],"gold_per_floor":[110,127,138,10,29,55,103,131,131,131,142,175,175,192,192,264,264,284,310,310,329,410,410,410],"floor_reached":23,"playtime":924,"items_purged":["Strike_B"],"score":422,"play_id":"32a40baf-c1e9-49f4-a31b-81174d2457d2","local_time":"20201222095811","is_ascension_mode":true,"campfire_choices":[{"floor":10,"key":"REST"},{"data":"Rainbow","floor":13,"key":"SMITH"},{"floor":15,"key":"REST"}],"circlet_count":0,"master_deck":["AscendersBane","Strike_B","Defend_B","Defend_B","Defend_B","Defend_B","Zap","Dualcast","Rainbow+1","Go for the Eyes","Melter","Genetic Algorithm","Defragment","Compile Driver","Biased Cognition","Genetic Algorithm","Ball Lightning","Leap","Core Surge","Fission","Amplify","Blizzard"],"relics":["Cracked Core","Pantograph","Tiny Chest","Blood Vial","Mercury Hourglass","Dream Catcher","Snecko Eye","Red Mask"],"acts_visited":["Exordium","TheCity"],"potions_floor_usage":[6,8,16,18,19],"damage_taken":[{"damage":1,"enemies":"Cultist","floor":1,"turns":5},{"damage":0,"enemies":"2 Louse","floor":2,"turns":3},{"damage":2,"enemies":"Jaw Worm","floor":3,"turns":3},{"damage":4,"enemies":"Looter","floor":5,"turns":3},{"damage":7,"enemies":"Lagavulin","floor":6,"turns":6},{"damage":51,"enemies":"Gremlin Nob","floor":8,"turns":5},{"damage":0,"enemies":"Large Slime","floor":11,"turns":5},{"damage":19,"enemies":"Lagavulin","floor":12,"turns":7},{"damage":1,"enemies":"Exordium Wildlife","floor":14,"turns":2},{"damage":26,"enemies":"Hexaghost","floor":16,"turns":11},{"damage":17,"enemies":"Shell Parasite","floor":18,"turns":3},{"damage":25,"enemies":"Masked Bandits","floor":19,"turns":4},{"damage":20,"enemies":"2 Thieves","floor":21,"turns":4},{"damage":15,"enemies":"Slavers","floor":23,"turns":2}],"seed_played":"-2522349364729276333","potions_obtained":[{"floor":2,"key":"Swift Potion"},{"floor":6,"key":"FairyPotion"},{"floor":12,"key":"SneckoOil"},{"floor":14,"key":"Dexterity Potion"},{"floor":18,"key":"SkillPotion"}],"is_trial":false,"path_per_floor":["M","M","M","$","M","E","T","E","T","R","M","E","R","M","R","B",null,"M","?","?","M","T","E"],"character_chosen":"DEFECT","items_purchased":["Block Potion"],"campfire_rested":2,"item_purchase_floors":[4],"current_hp_per_floor":[63,63,61,61,57,50,50,21,21,42,44,27,27,28,49,45,65,50,27,27,9,9,0,0],"gold":410,"neow_bonus":"ONE_RANDOM_RARE_CARD","is_daily":false,"chose_seed":false,"campfire_upgraded":1,"win_rate":0.0,"timestamp":1608649091,"path_taken":["M","M","M","$","M","E","?","E","T","R","?","E","R","M","R","BOSS","M","?","?","M","?","E"],"items_purchased_type":["Potion"],"build_version":"2020-12-13","purchased_purges":1,"victory":false,"max_hp_per_floor":[71,71,71,71,71,71,71,71,71,71,71,71,71,71,71,71,71,71,71,71,71,71,71,71],"relic_stats":{"Blood Vial":16,"Dream Catcher":1,"counters":[14,62],"Pantograph":20,"Snecko Eye":[27,22,18,28],"Tiny Chest":1,"obtain_stats":[{"Blood Vial":8,"Dream Catcher":12,"Pantograph":6,"Snecko Eye":17,"Tiny Chest":7,"Red Mask":19,"Cracked Core":0,"Mercury Hourglass":9},{"Blood Vial":6,"Dream Catcher":8,"Pantograph":5,"Snecko Eye":10,"Tiny Chest":5,"Red Mask":12,"Cracked Core":0,"Mercury Hourglass":6},{"Blood Vial":25,"Dream Catcher":36,"Pantograph":20,"Snecko Eye":49,"Tiny Chest":20,"Red Mask":56,"Cracked Core":0,"Mercury Hourglass":25}],"Mercury Hourglass":[134]},"card_choices":[{"not_picked":["Conserve Battery","Rebound"],"picked":"Go for the Eyes","floor":1},{"not_picked":["Redo","Hologram"],"picked":"Melter","floor":2},{"not_picked":["Coolheaded","BootSequence"],"picked":"Genetic Algorithm","floor":3},{"not_picked":["Gash","Coolheaded"],"picked":"Defragment","floor":5},{"not_picked":["Stack","Heatsinks"],"picked":"Compile Driver","floor":6},{"not_picked":["Redo","Coolheaded","Doom and Gloom"],"picked":"SKIP","floor":8},{"not_picked":["Rebound","Cold Snap"],"picked":"Biased Cognition","floor":11},{"not_picked":["Streamline","Beam Cell"],"picked":"Genetic Algorithm","floor":12},{"not_picked":["Turbo","Double Energy"],"picked":"Ball Lightning","floor":14},{"not_picked":["Cold Snap","Hello World"],"picked":"Leap","floor":15},{"not_picked":["Rainbow","Machine Learning"],"picked":"Core Surge","floor":16},{"not_picked":["Redo","Barrage","Beam Cell"],"picked":"SKIP","floor":18},{"not_picked":["Stack","Scrape"],"picked":"Fission","floor":19},{"not_picked":["Go for the Eyes","Scrape","Leap"],"picked":"SKIP","floor":21}],"player_experience":2952860,"relics_obtained":[{"floor":6,"key":"Pantograph"},{"floor":7,"key":"Tiny Chest"},{"floor":8,"key":"Blood Vial"},{"floor":9,"key":"Mercury Hourglass"},{"floor":12,"key":"Dream Catcher"},{"floor":19,"key":"Red Mask"}],"event_choices":[{"damage_healed":0,"gold_gain":0,"player_choice":"Fought Bandits","damage_taken":0,"max_hp_gain":0,"max_hp_loss":0,"event_name":"Masked Bandits","floor":19,"gold_loss":0},{"damage_healed":0,"gold_gain":0,"cards_transformed":["Strike_B","Strike_B"],"player_choice":"Became Test Subject","damage_taken":0,"max_hp_gain":0,"max_hp_loss":0,"event_name":"Drug Dealer","floor":20,"gold_loss":0,"cards_obtained":["Amplify","Blizzard"]}],"is_beta":false,"boss_relics":[{"not_picked":["SlaversCollar","Runic Dome"],"picked":"Snecko Eye"}],"items_purged_floors":[4],"is_endless":false,"potions_floor_spawned":[2,5,6,12,14,18],"killed_by":"Slavers","ascension_level":20}}