{"host":"cvw9qspg8f691jio","time":1608662691,"event":{"mods":["BaseMod","Filter the Spire","Minty Spire (QoL Compilation)","Relic Stats","StSLib"],"gold_per_floor":[113,113,127,139,158,158,187,29,29,29,104,104,134,150,150,227,227,241,241,241,257,267,267,207,207,282,315,315,333,350,379,379,379,379],"floor_reached":33,"playtime":998,"items_purged":["Strike_G"],"score":608,"play_id":"6a0b2436-1cd4-4a03-9041-37236ee95b17","local_time":"20201222134451","is_ascension_mode":true,"campfire_choices":[{"data":"Accuracy","floor":6.0,"key":"SMITH"},{"floor":10.0,"key":"REST"},{"floor":12.0,"key":"REST"},{"data":"Accuracy","floor":15.0,"key":"SMITH"},{"floor":23.0,"key":"REST"},{"data":"Calculated Gamble","floor":28.0,"key":"SMITH"},{"data":"Blade Dance","floor":32.0,"key":"SMITH"}],"circlet_count":0,"master_deck":["AscendersBane","Strike_G","Strike_G","Defend_G","Defend_G","Defend_G","Defend_G","Defend_G","Survivor","Neutralize","Quick Slash","Blade Dance+1","Accuracy+1","Quick Slash","Endless Agony","Cloak And Dagger+1","Adrenaline","Accuracy+1","Die Die Die","Calculated Gamble+1","Blade Dance+1","Blade Dance+1","Ghostly","Ghostly","Ghostly","Night Terror"],"relics":["Ring of the Snake","The Courier","PreservedInsect","Bottled Tornado","Mercury Hourglass","Empty Cage","Singing Bowl","Centennial Puzzle","Pen Nib"],"acts_visited":["Exordium","TheCity"],"potions_floor_usage":[33,33],"damage_taken":[{"damage":3.0,"enemies":"Small Slimes","floor":1.0,"turns":4.0},{"damage":0.0,"enemies":"Cultist","floor":3.0,"turns":3.0},{"damage":2.0,"enemies":"Jaw Worm","floor":4.0,"turns":3.0},{"damage":10.0,"enemies":"Large Slime","floor":5.0,"turns":6.0},{"damage":37.0,"enemies":"3 Sentries","floor":7.0,"turns":9.0},{"damage":0.0,"enemies":"Gremlin Nob","floor":13.0,"turns":3.0},{"damage":0.0,"enemies":"Looter","floor":14.0,"turns":1.0},{"damage":20.0,"enemies":"The Guardian","floor":16.0,"turns":13.0},{"damage":12.0,"enemies":"3 Byrds","floor":18.0,"turns":4.0},{"damage":15.0,"enemies":"Shell Parasite","floor":21.0,"turns":2.0},{"damage":8.0,"enemies":"Centurion and Healer","floor":22.0,"turns":4.0},{"damage":1.0,"enemies":"Gremlin Leader","floor":27.0,"turns":4.0},{"damage":0.0,"enemies":"Sentry and Sphere","floor":29.0,"turns":1.0},{"damage":0.0,"enemies":"Snecko","floor":30.0,"turns":2.0},{"damage":3.0,"enemies":"Slavers","floor":31.0,"turns":3.0},{"damage":35,"enemies":"Collector","floor":33,"turns":2}],"seed_played":"194239921802835025","potions_obtained":[{"floor":1.0,"key":"Ancient Potion"},{"floor":3.0,"key":"Regen Potion"},{"floor":4.0,"key":"Strength Potion"},{"floor":21.0,"key":"Swift Potion"}],"is_trial":false,"path_per_floor":["M","?","M","M","M","R","E","$","T","R","?","R","E","M","R","B",null,"M","?","?","M","M","R","$","?","T","E","R","M","M","E","R","B"],"character_chosen":"THE_SILENT","items_purchased":["PreservedInsect","Cloak And Dagger"],"campfire_rested":3,"item_purchase_floors":[8,8],"current_hp_per_floor":[56,56,56,54,44,44,7,7,7,26,15,34,34,34,34,14,53,41,41,41,31,23,42,42,33,33,34,34,36,38,35,35,0,0],"gold":379,"neow_bonus":"THREE_CARDS","is_daily":false,"chose_seed":false,"campfire_upgraded":4,"win_rate":0.0,"timestamp":1608662691,"path_taken":["M","?","M","?","M","R","E","?","T","R","?","R","E","M","R","BOSS","M","?","?","M","?","R","?","?","T","E","R","M","M","E","R","BOSS"],"items_purchased_type":["Relic","Card"],"build_version":"2020-12-13","purchased_purges":1,"victory":false,"max_hp_per_floor":[66,66,66,66,66,66,66,66,66,66,66,66,66,66,66,66,66,66,66,66,66,66,66,66,33,33,35,35,37,39,39,39,39,39],"relic_stats":{"Centennial Puzzle":[6],"Singing Bowl":6,"counters":[16,64],"PreservedInsect":112,"Pen Nib":[0],"obtain_stats":[{"Centennial Puzzle":27,"Singing Bowl":26,"The Courier":7,"PreservedInsect":8,"Pen Nib":31,"Bottled Tornado":9,"Empty Cage":17,"Ring of the Snake":0,"Mercury Hourglass":13},{"Centennial Puzzle":12,"Singing Bowl":11,"The Courier":5,"PreservedInsect":5,"Pen Nib":15,"Bottled Tornado":5,"Empty Cage":8,"Ring of the Snake":0,"Mercury Hourglass":6},{"Centennial Puzzle":56,"Singing Bowl":52,"The Courier":25,"PreservedInsect":25,"Pen Nib":62,"Bottled Tornado":25,"Empty Cage":42,"Ring of the Snake":0,"Mercury Hourglass":28}],"Ring of the Snake":[32],"Mercury Hourglass":[147]},"card_choices":[{"not_picked":["Sucker Punch","Accuracy"],"picked":"Quick Slash","floor":0.0},{"not_picked":["Flechettes","All Out Attack"],"picked":"Blade Dance","floor":1.0},{"not_picked":["Infinite Blades","Distraction"],"picked":"Accuracy","floor":3.0},{"not_picked":["Bane","Underhanded Strike"],"picked":"Quick Slash","floor":4.0},{"not_picked":["Tactician","Underhanded Strike","Well Laid Plans"],"picked":"SKIP","floor":5.0},{"not_picked":["Bane","Blur"],"picked":"Endless Agony","floor":7.0},{"not_picked":["Outmaneuver","Predator"],"picked":"Adrenaline","floor":13.0},{"not_picked":["Dagger Spray","Bane"],"picked":"Accuracy","floor":14.0},{"not_picked":["Envenom","Grand Finale"],"picked":"Die Die Die","floor":16.0},{"not_picked":["Expertise+1","Deadly Poison"],"picked":"Calculated Gamble","floor":18.0},{"not_picked":["Underhanded Strike","Caltrops"],"picked":"Blade Dance+1","floor":21.0},{"not_picked":["Underhanded Strike","Bouncing Flask"],"picked":"Blade Dance","floor":22.0},{"not_picked":["Prepared","Slice+1","Glass Knife"],"picked":"Singing Bowl","floor":27.0},{"not_picked":["Dodge and Roll","Quick Slash","Heel Hook"],"picked":"Singing Bowl","floor":29.0},{"not_picked":["Blade Dance","Outmaneuver+1","Reflex"],"picked":"Singing Bowl","floor":30.0},{"not_picked":["Poisoned Stab+1","Sucker Punch"],"picked":"Night Terror","floor":31.0}],"player_experience":461114,"relics_obtained":[{"floor":7.0,"key":"The Courier"},{"floor":9.0,"key":"Bottled Tornado"},{"floor":13.0,"key":"Mercury Hourglass"},{"floor":26.0,"key":"Singing Bowl"},{"floor":27.0,"key":"Centennial Puzzle"},{"floor":31.0,"key":"Pen Nib"}],"event_choices":[{"damage_healed":0.0,"max_hp_gain":0.0,"max_hp_loss":0.0,"gold_gain":0.0,"event_name":"Upgrade Shrine","player_choice":"Upgraded","floor":2.0,"gold_loss":0.0,"damage_taken":0.0,"cards_upgraded":["Blade Dance"]},{"damage_healed":0.0,"max_hp_gain":0.0,"max_hp_loss":0.0,"gold_gain":75.0,"event_name":"World of Goop","player_choice":"Gather Gold","floor":11.0,"gold_loss":0.0,"damage_taken":11.0},{"damage_healed":0.0,"max_hp_gain":0.0,"max_hp_loss":0.0,"gold_gain":0.0,"event_name":"Vampires","player_choice":"Ignored","floor":19.0,"gold_loss":0.0,"damage_taken":0.0},{"damage_healed":0.0,"max_hp_gain":0.0,"max_hp_loss":0.0,"gold_gain":0.0,"event_name":"Upgrade Shrine","player_choice":"Upgraded","floor":20.0,"gold_loss":0.0,"damage_taken":0.0,"cards_upgraded":["Cloak And Dagger"]},{"damage_healed":0.0,"max_hp_gain":0.0,"max_hp_loss":33.0,"gold_gain":0.0,"event_name":"Ghosts","player_choice":"Became a Ghost","floor":25.0,"gold_loss":0.0,"damage_taken":0.0,"cards_obtained":["Ghostly","Ghostly","Ghostly"]}],"is_beta":false,"boss_relics":[{"not_picked":["Black Star","Runic Pyramid"],"picked":"Empty Cage"}],"items_purged_floors":[24],"is_endless":false,"potions_floor_spawned":[1,3,4,16,21,27],"killed_by":"Collector","ascension_level":18}}