{"host":"ue7jlgf7uv134an9","time":1608631518,"event":{"mods":["BaseMod","Better Third Choice","Defuse TimeMaze Blight","Minty Spire (QoL Compilation)","Quick Restart","Rare Cards Sparkle","Relic Stats","StSLib","UnlockEverythingMod"],"gold_per_floor":[114,114,129,144,159,159,189,189,189,204,219,269,284,314,314,414,414,429,104,29,29,44,74,89,89,89,119,134,164,179,194,194,194,194],"floor_reached":33,"playtime":1840,"items_purged":["Enlightenment"],"score":321,"play_id":"f326d5ef-983e-4d8b-acaf-a745256cf50f","local_time":"20201222050518","daily_mods":["Allstar","Diverse","DeadlyEvents"],"is_ascension_mode":false,"campfire_choices":[{"data":"Chrysalis","floor":6,"key":"SMITH"},{"data":"Dualcast","floor":8,"key":"SMITH"},{"data":"Creative AI","floor":15,"key":"SMITH"},{"floor":32,"key":"REST"}],"circlet_count":0,"master_deck":["Strike_B+1","Strike_B+1","Strike_B+1","Defend_B+1","Defend_B+1","Defend_B+1","Defend_B+1","Zap","Dualcast+1","Chrysalis+1","Good Instincts","The Bomb","Thinking Ahead","BootSequence","Shrug It Off","Wireheading","Iron Wave","Skim","Creative AI+1","Cloak And Dagger","DevaForm","Swivel+1","BowlingBash+1","Cleave+1","Skewer+1"],"relics":["Cracked Core","Unceasing Top","Letter Opener","Strawberry","Ginger","Cursed Key","Toxic Egg 2","Ancient Tea Set","Centennial Puzzle","Art of War"],"acts_visited":["Exordium","TheCity"],"potions_floor_usage":[7,13,16,27,28,33,33,33],"damage_taken":[{"damage":6,"enemies":"Jaw Worm","floor":1,"turns":4},{"damage":0,"enemies":"2 Louse","floor":3,"turns":3},{"damage":6,"enemies":"Cultist","floor":4,"turns":3},{"damage":0,"enemies":"2 Fungi Beasts","floor":5,"turns":3},{"damage":13,"enemies":"Lagavulin","floor":7,"turns":6},{"damage":0,"enemies":"3 Louse","floor":10,"turns":2},{"damage":0,"enemies":"Looter","floor":11,"turns":3},{"damage":0,"enemies":"2 Fungi Beasts","floor":13,"turns":2},{"damage":8,"enemies":"3 Sentries","floor":14,"turns":3},{"damage":10,"enemies":"Slime Boss","floor":16,"turns":9},{"damage":4,"enemies":"2 Thieves","floor":18,"turns":4},{"damage":6,"enemies":"Shell Parasite","floor":22,"turns":5},{"damage":14,"enemies":"Book of Stabbing","floor":23,"turns":6},{"damage":0,"enemies":"Snake Plant","floor":24,"turns":5},{"damage":22,"enemies":"Slavers","floor":27,"turns":3},{"damage":2,"enemies":"Chosen and Byrds","floor":28,"turns":3},{"damage":10,"enemies":"Gremlin Leader","floor":29,"turns":5},{"damage":2,"enemies":"Centurion and Healer","floor":30,"turns":5},{"damage":2,"enemies":"Snake Plant","floor":31,"turns":4},{"damage":52,"enemies":"Automaton","floor":33,"turns":10}],"seed_played":"-7682526130134428503","potions_obtained":[{"floor":5,"key":"AttackPotion"},{"floor":7,"key":"Fire Potion"},{"floor":11,"key":"Fire Potion"},{"floor":13,"key":"BlessingOfTheForge"},{"floor":14,"key":"DuplicationPotion"},{"floor":22,"key":"LiquidBronze"},{"floor":28,"key":"Weak Potion"},{"floor":29,"key":"Block Potion"}],"is_trial":false,"path_per_floor":["M","?","M","M","M","R","E","R","T","M","M","T","M","E","R","B",null,"M","$","?","?","M","E","M","T","T","E","M","E","M","M","R","B"],"character_chosen":"DEFECT","items_purchased":["Toxic Egg 2"],"campfire_rested":1,"item_purchase_floors":[19],"current_hp_per_floor":[69,74,74,68,68,68,55,55,55,55,55,62,62,54,54,44,87,83,83,83,83,77,63,63,63,63,41,39,29,27,25,51,0,0],"gold":194,"neow_bonus":"","is_daily":true,"chose_seed":false,"campfire_upgraded":3,"win_rate":0.0,"timestamp":1608631518,"path_taken":["M","?","M","M","M","R","E","R","T","M","M","?","M","?","R","BOSS","M","$","?","?","?","E","M","?","T","E","M","?","M","M","R","BOSS"],"items_purchased_type":["Relic"],"build_version":"2020-12-13","purchased_purges":1,"victory":false,"max_hp_per_floor":[75,80,80,80,80,80,80,80,80,80,80,87,87,87,87,87,87,87,87,87,87,87,87,87,87,87,87,87,87,87,87,87,87,87],"relic_stats":{"Centennial Puzzle":[15],"counters":[20,88],"Art of War":[2],"Letter Opener":[262],"Ginger":[7],"Cursed Key":0,"obtain_stats":[{"Centennial Puzzle":27,"Strawberry":12,"Art of War":29,"Letter Opener":9,"Ginger":14,"Toxic Egg 2":19,"Cracked Core":0,"Cursed Key":17,"Ancient Tea Set":23,"Unceasing Top":7},{"Centennial Puzzle":15,"Strawberry":7,"Art of War":17,"Letter Opener":5,"Ginger":9,"Toxic Egg 2":11,"Cracked Core":0,"Cursed Key":10,"Ancient Tea Set":13,"Unceasing Top":5},{"Centennial Puzzle":61,"Strawberry":24,"Art of War":69,"Letter Opener":19,"Ginger":29,"Toxic Egg 2":42,"Cracked Core":0,"Cursed Key":38,"Ancient Tea Set":53,"Unceasing Top":19}],"Unceasing Top":[21]},"card_choices":[{"not_picked":["Shrug It Off","Skewer"],"picked":"BootSequence","floor":1},{"not_picked":["Prostrate","Coolheaded","EmptyFist"],"picked":"SKIP","floor":3},{"not_picked":["Grand Finale","Leap"],"picked":"Shrug It Off","floor":4},{"not_picked":["Distraction","Sanctity"],"picked":"Wireheading","floor":5},{"not_picked":["True Grit","Streamline"],"picked":"Iron Wave","floor":7},{"not_picked":["Heatsinks","Redo"],"picked":"Skim","floor":10},{"not_picked":["Adaptation","Acrobatics","Steam"],"picked":"SKIP","floor":11},{"not_picked":["Redo","ClearTheMind"],"picked":"Creative AI","floor":13},{"not_picked":["Sword Boomerang","Rampage"],"picked":"Cloak And Dagger","floor":14},{"not_picked":["Multi-Cast","Tools of the Trade"],"picked":"DevaForm","floor":16},{"not_picked":["Capacitor","Barrage","Anger+1"],"picked":"SKIP","floor":18},{"not_picked":["Anger+1","Clothesline"],"picked":"Swivel+1","floor":22},{"not_picked":["Conserve Battery+1","Dual Wield+1","BowlingBash+1"],"picked":"SKIP","floor":23},{"not_picked":["Conserve Battery+1","Dual Wield+1"],"picked":"BowlingBash+1","floor":23},{"not_picked":["Ball Lightning+1","Flame Barrier+1"],"picked":"Cleave+1","floor":24},{"not_picked":["DeusExMachina+1","CrushJoints+1"],"picked":"Skewer+1","floor":27},{"not_picked":["EmptyFist+1","Flying Knee","JustLucky"],"picked":"SKIP","floor":28},{"not_picked":["FearNoEvil+1","Bane","FlyingSleeves"],"picked":"SKIP","floor":29},{"not_picked":["Sunder","Deadly Poison+1","BowlingBash"],"picked":"SKIP","floor":30},{"not_picked":["Expertise+1","Body Slam","Quick Slash+1"],"picked":"SKIP","floor":31}],"player_experience":27994,"relics_obtained":[{"floor":7,"key":"Unceasing Top"},{"floor":9,"key":"Letter Opener"},{"floor":12,"key":"Strawberry"},{"floor":14,"key":"Ginger"},{"floor":23,"key":"Ancient Tea Set"},{"floor":27,"key":"Centennial Puzzle"},{"floor":29,"key":"Art of War"}],"event_choices":[{"damage_healed":0,"gold_gain":0,"player_choice":"Donut","damage_taken":0,"max_hp_gain":5,"max_hp_loss":0,"event_name":"Big Fish","floor":2,"gold_loss":0},{"cards_removed":["Strike_B"],"damage_healed":0,"gold_gain":0,"player_choice":"Gave Gold","damage_taken":0,"max_hp_gain":0,"max_hp_loss":0,"event_name":"Beggar","floor":20,"gold_loss":75},{"damage_healed":0,"gold_gain":0,"player_choice":"Simplicity","damage_taken":0,"max_hp_gain":0,"max_hp_loss":7,"event_name":"betterThird:BetterWriting","floor":21,"gold_loss":0}],"is_beta":false,"boss_relics":[{"not_picked":["Black Star","Inserter"],"picked":"Cursed Key"}],"items_purged_floors":[19],"is_endless":false,"potions_floor_spawned":[5,7,11,13,14,22,28,29,30],"killed_by":"Automaton","ascension_level":0}}