{"host":"pijh7er38uumsf33","time":1608635455,"event":{"mods":["AchievementEnabler","Act Like it!","BaseMod","Clockwork Mod","Conspire","Data Control","Downfall","Infinite Spire","Minty Spire (QoL Compilation)","Quick Restart","Rare Cards Sparkle","Replay The Spire","StSLib","Uncapped"],"gold_per_floor":[349,366,366,381,381,406,406,436,454,454,454,304,322,868,882,984,984,984,1002,1020,554,600,615,642,0,29,29,55,75,75,104,117,216,316,316,337,356,356,370,370,422,466,64,64,469,499,668,668,690,690],"floor_reached":51,"playtime":3943,"items_purged":["Regret","Clockwork:UnlimitedCogworks+1"],"score":912,"play_id":"f52cd71d-3e2e-4dae-bc38-5787678420b5","local_time":"20201222121055","is_ascension_mode":true,"campfire_choices":[{"data":"Clockwork:Tinker","floor":1.0,"key":"SMITH"},{"floor":10.0,"key":"RECALL"},{"data":"Clockwork:Improve","floor":12.0,"key":"SMITH"},{"data":"Mayhem","floor":18.0,"key":"SMITH"},{"data":"Clockwork:ElasticNanites","floor":27.0,"key":"SMITH"},{"data":"Clockwork:QuantumStrike","floor":30.0,"key":"SMITH"},{"data":"Clockwork:PerfectForm","floor":35.0,"key":"SMITH"},{"data":"expansioncontent:AwakenDeath","floor":40,"key":"SMITH"},{"data":"expansioncontent:DefensiveStance","floor":44,"key":"SMITH"}],"circlet_count":0,"master_deck":["Clockwork:Strike","Clockwork:Strike","Clockwork:Strike","Clockwork:Shield","Clockwork:Shield","Clockwork:Shield","Clockwork:Shield","Clockwork:Tinker+1","Clockwork:WarmUp","Clockwork:Enhance","Clockwork:Improve+1","Clockwork:Pluck+1","Clockwork:AdaptiveShield+1","Clockwork:AdaptiveCannon+1","Clockwork:ElasticNanites+1","Clockwork:AdaptiveShield+1","Mayhem+1","Clockwork:EnthusiasticStrike+1","Clockwork:EnthusiasticStrike+1","Clockwork:RevUp+1","Clockwork:Enhance","Clockwork:QuantumStrike+1","Clockwork:SystemHardening","Clockwork:MechanicalMass+1","Clockwork:ElasticNanites","Clockwork:PerfectForm+1","Clockwork:Improve+1","expansioncontent:AwakenDeath+1","expansioncontent:DefensiveStance+1","Clockwork:ChargingBlade+1","Clockwork:AssemblyLine","Clockwork:AssemblyLine"],"relics":["Clockwork:MomentumEngine","Unceasing Top","War Paint","Snack Pack","downfall:HeartBlessingBlue","downfall:HeartBlessingRed","Replay:Lucky Slots","infinitespire:Broken Mirror","Black Star","Bronze Scales","Replay:Towering Pillar of Hats","ReplayTheSpireMod:CursedCoin","Clockwork:BloodPhial","Du-Vu Doll","conspire:TopHat","OrangePellets","Boot","Replay:Multitool","Pen Nib","conspire:Boomerang","Simple Rune","Blood Vial","Red Mask","Replay:Wanted Poster","Juzu Bracelet","Happy Flower","Kunai","Blue Doll","Whetstone","HandDrill","Iron Hammer","infinitespire:PuzzleCube","infinitespire:Eraser","Guide Book","infinitespire:Satchel","SlaversCollar"],"acts_visited":["Exordium","TheCity","TheBeyond"],"potions_floor_usage":[39,42],"damage_taken":[{"damage":0.0,"enemies":"Small Slimes","floor":2.0,"turns":9.0},{"damage":19.0,"enemies":"Cultist","floor":4.0,"turns":7.0},{"damage":14.0,"enemies":"Replay:BlueRogue","floor":6.0,"turns":11.0},{"damage":38.0,"enemies":"Gremlin Nob","floor":8.0,"turns":5.0},{"damage":6.0,"enemies":"Jaw Worm","floor":9.0,"turns":8.0},{"damage":50.0,"enemies":"2 Fungi Beasts","floor":13.0,"turns":12.0},{"damage":0.0,"enemies":"downfall:FleeingMerchant","floor":14.0,"turns":1.0},{"damage":12.0,"enemies":"Blue Slaver","floor":15.0,"turns":7.0},{"damage":25.0,"enemies":"downfall:Watcher","floor":16.0,"turns":16.0},{"damage":0.0,"enemies":"3 Byrds","floor":19.0,"turns":3.0},{"damage":27.0,"enemies":"Spheric Guardian","floor":20.0,"turns":8.0},{"damage":66.0,"enemies":"conspire:MimicChest","floor":22.0,"turns":12.0},{"damage":0.0,"enemies":"Snecko","floor":23.0,"turns":3.0},{"damage":0.0,"enemies":"Replay:Snechameleon","floor":26.0,"turns":4.0},{"damage":15.0,"enemies":"Slavers","floor":28.0,"turns":6.0},{"damage":8.0,"enemies":"Centurion and Healer","floor":29.0,"turns":5.0},{"damage":15.0,"enemies":"Masked Bandits","floor":31.0,"turns":3.0},{"damage":8.0,"enemies":"Chosen and Byrds","floor":32.0,"turns":6.0},{"damage":5.0,"enemies":"downfall:Defect","floor":33.0,"turns":8.0},{"damage":46,"enemies":"3 Shapes","floor":36,"turns":7},{"damage":46,"enemies":"Orb Walker","floor":37,"turns":5},{"damage":28,"enemies":"Maw","floor":39,"turns":9},{"damage":0,"enemies":"R_Hoarder","floor":46,"turns":8},{"damage":14,"enemies":"Writhing Mass","floor":49,"turns":4},{"damage":34,"enemies":"downfall:Silent","floor":50,"turns":9}],"seed_played":"-5241253497956225050","potions_obtained":[{"floor":2.0,"key":"AttackPotion"},{"floor":6.0,"key":"LiquidBronze"},{"floor":13.0,"key":"Toxic Potion"},{"floor":16.0,"key":"sneckomod:MuddlingPotion"},{"floor":19.0,"key":"sneckomod:MuddlingPotion"},{"floor":20.0,"key":"Toxic Potion"},{"floor":23.0,"key":"SpeedPotion"},{"floor":29.0,"key":"LiquidBronze"},{"floor":31.0,"key":"SpeedPotion"},{"floor":36,"key":"PowerPotion"},{"floor":42,"key":"Fruit Juice"},{"floor":42,"key":"DistilledChaos"},{"floor":42,"key":"SpeedPotion"},{"floor":49,"key":"LiquidBronze"}],"is_trial":false,"path_per_floor":["R","M","?","M","?","E","T","E","M","R","T","R","M","$","M","B",null,"R","M","M","$","?","M","T","$","E","R","E","M","R","?","M","B",null,"R","M","M","?","M","R","T","?","$","R","$","E","$","AVR","M","B",null],"character_chosen":"CLOCKWORK","items_purchased":["Mayhem","Clockwork:EnthusiasticStrike","Clockwork:RevUp","Clockwork:Enhance","Replay:Lucky Slots","infinitespire:Broken Mirror","Clockwork:CraftBloodPhial","Bronze Scales","Replay:Towering Pillar of Hats","ReplayTheSpireMod:CursedCoin","Clockwork:ElasticNanites","OrangePellets","Boot","Replay:Multitool","Happy Flower","Kunai","Blue Doll","Whetstone","HandDrill","Clockwork:AssemblyLine","infinitespire:Eraser","Guide Book","Clockwork:SmithsMallet","infinitespire:Satchel"],"campfire_rested":0,"item_purchase_floors":[14,14,14,14,14,14,21,21,21,21,25,25,25,25,43,43,45,45,45,45,47,47,47,47],"current_hp_per_floor":[61,61,61,42,42,28,28,91,85,85,85,95,246,246,95,80,95,95,95,74,74,16,24,24,24,26,26,17,13,13,6,6,13,95,95,53,13,3,112,112,112,100,100,100,100,100,100,100,92,82],"gold":690,"neow_bonus":"TWO_FIFTY_GOLD","is_daily":false,"chose_seed":false,"campfire_upgraded":8,"win_rate":0.0,"timestamp":1608635455,"path_taken":["R","M","?","?","?","E","T","E","?","R","?","R","M","$","M","BOSS","R","M","M","$","?","M","T","$","E","R","E","M","R","?","M","BOSS","R","M","M","?","M","R","T","?","$","R","$","E","?","AVR","M","BOSS"],"items_purchased_type":["Card","Card","Card","Card","Relic","Relic","Card","Relic","Relic","Relic","Card","Relic","Relic","Relic","Relic","Relic","Relic","Relic","Relic","Card","Relic","Relic","Card","Relic"],"build_version":"2020-12-13","purchased_purges":2,"victory":true,"max_hp_per_floor":[85,85,85,85,85,85,85,85,85,85,85,95,95,95,95,95,95,95,95,95,95,95,95,95,95,95,95,95,95,95,95,95,95,95,95,95,95,95,95,95,95,100,100,100,100,100,100,100,100,100],"card_choices":[{"not_picked":["Clockwork:ReserveSystems","Clockwork:FalseStart"],"picked":"Clockwork:Enhance","floor":2.0},{"not_picked":["Clockwork:TestingEnvironment","Clockwork:Efficiency"],"picked":"Clockwork:Improve","floor":4.0},{"not_picked":["Clockwork:CraftQuicksilverHourglass","Clockwork:SystemHardening"],"picked":"Clockwork:Pluck","floor":6.0},{"not_picked":["Clockwork:OccamsRazor","Clockwork:LiteraryArmor"],"picked":"Clockwork:AdaptiveShield","floor":8.0},{"not_picked":["Clockwork:CogShield","Clockwork:Roundhouse"],"picked":"Clockwork:AdaptiveCannon","floor":9.0},{"not_picked":["Clockwork:ForgeStrike","Clockwork:SearingStrike"],"picked":"Clockwork:ElasticNanites","floor":13.0},{"not_picked":["Clockwork:SystemScan","Clockwork:CogToss"],"picked":"Clockwork:AdaptiveShield","floor":14.0},{"not_picked":["Clockwork:ChargingShield","Clockwork:CogBarrier"],"picked":"Clockwork:QuantumStrike","floor":15.0},{"not_picked":["Clockwork:KaliMa","Clockwork:Randomization"],"picked":"Clockwork:UnlimitedCogworks","floor":16.0},{"not_picked":["Clockwork:SpurOn","Clockwork:Pluck"],"picked":"Clockwork:SmithsMallet","floor":19.0},{"not_picked":["Clockwork:AdaptiveCannon+1","Clockwork:LogisticRegression"],"picked":"Clockwork:SystemHardening","floor":20.0},{"not_picked":["Clockwork:MechanicalBulk","Clockwork:Friction"],"picked":"Clockwork:MechanicalMass","floor":23.0},{"not_picked":["Clockwork:SystemScan","Clockwork:SystemHardening+1","Clockwork:TimeOut"],"picked":"SKIP","floor":26.0},{"not_picked":["Clockwork:ZeroPointEnergy","Clockwork:Pluck","Clockwork:CogShield"],"picked":"SKIP","floor":28.0},{"not_picked":["Clockwork:Friction+1","Clockwork:CogToss","Clockwork:Pluck"],"picked":"SKIP","floor":29.0},{"not_picked":["Clockwork:SystemScan+1","Clockwork:OccamsRazor"],"picked":"Clockwork:CraftMomentumEngine","floor":32.0},{"not_picked":["Clockwork:AeonShield","Clockwork:CraftMomentumEngine"],"picked":"Clockwork:PerfectForm","floor":33.0},{"not_picked":["Clockwork:RampUp+1","Clockwork:CogBarrier"],"picked":"Clockwork:Improve+1","floor":36},{"not_picked":["Clockwork:OccamsRazor+1","Clockwork:QuantumStrike+1","Clockwork:AdaptiveShield"],"picked":"SKIP","floor":37},{"not_picked":["expansioncontent:LastStand","expansioncontent:SlimeTackle"],"picked":"expansioncontent:AwakenDeath","floor":38},{"not_picked":["expansioncontent:FaceSlap","expansioncontent:PrepareCrush"],"picked":"expansioncontent:DefensiveStance","floor":38},{"not_picked":["Clockwork:CogToss","Clockwork:Selectivity","Clockwork:Enhance"],"picked":"SKIP","floor":39},{"not_picked":["Clockwork:Selectivity","Clockwork:StasisBreak"],"picked":"Clockwork:ChargingBlade+1","floor":42},{"not_picked":["Clockwork:Enhance+1","Clockwork:ChargingShield+1","Clockwork:SystemHardening+1"],"picked":"SKIP","floor":46},{"not_picked":["Clockwork:SnapKeep","Clockwork:AdaptiveCannon+1","Clockwork:Enhance"],"picked":"SKIP","floor":49}],"player_experience":163154,"relics_obtained":[{"floor":6.0,"key":"Unceasing Top"},{"floor":8.0,"key":"War Paint"},{"floor":11.0,"key":"Snack Pack"},{"floor":22.0,"key":"Du-Vu Doll"},{"floor":24.0,"key":"conspire:TopHat"},{"floor":26.0,"key":"Pen Nib"},{"floor":26.0,"key":"conspire:Boomerang"},{"floor":28.0,"key":"Simple Rune"},{"floor":28.0,"key":"Blood Vial"},{"floor":31.0,"key":"Red Mask"},{"floor":41,"key":"Juzu Bracelet"},{"floor":46,"key":"Iron Hammer"},{"floor":46,"key":"infinitespire:PuzzleCube"}],"event_choices":[{"damage_healed":0.0,"max_hp_gain":0.0,"max_hp_loss":0.0,"gold_gain":0.0,"event_name":"Purifier","player_choice":"Ignored","floor":3.0,"gold_loss":0.0,"damage_taken":0.0},{"cards_removed":["Clockwork:Strike"],"damage_healed":0.0,"max_hp_gain":0.0,"max_hp_loss":0.0,"gold_gain":0.0,"event_name":"Bonfire Elementals","player_choice":"Offered Basic","floor":5.0,"gold_loss":0.0,"damage_taken":0.0},{"damage_healed":0.0,"max_hp_gain":0.0,"max_hp_loss":0.0,"gold_gain":0.0,"event_name":"Masked Bandits","player_choice":"Fought Bandits","floor":31.0,"gold_loss":0.0,"damage_taken":0.0}],"is_beta":false,"boss_relics":[{"not_picked":["Painkiller Herb","Pandora\u0027s Box"],"picked":"Black Star"},{"not_picked":["ReplayTheSpireMod:DimensionalGlitch","infinitespire:Cupcake"],"picked":"Replay:Wanted Poster"}],"items_purged_floors":[21,47],"is_endless":false,"potions_floor_spawned":[2,6,13,16,19,20,23,29,31,36,49],"ascension_level":1}}