{"host":"dwyzfvnzfcqffr30","time":1608675343,"event":{"mods":["2.2 Compatiblity","Act Like it!","BaseMod","Beaked The Cultist","Better Altar","Better Match","Better Note","Better Sensory Stone","Better Skull","Better Third Choice","Clockwork Mod","Colored Map","Colored Powertips","Conspire","Downfall","Elementarium","GifTheSpireLib","Halation","Hermit","Hubris","Infinite Spire","Ironclad Rager","Jedi Mod","Menagerie","Mimic Mod","Minty Spire (QoL Compilation)","Permanent Neow","Random Character Button","Replay The Spire","Spicy Shops","StSLib","Stuff the Spire","The Construct","The Disciple","The Druid","The Marked","TheFirefly","Trackpad","vexMod"],"gold_per_floor":[417,442,452,471,481,481,581,581,634,634,651,775,788,904,904,1001,1001,1019,1069,1069,1069,994,994,1094,1094,1173,1193,1193,1206,57,109,109,214,214,228,228,239,285,304,321,441,441,464,464,580,595,595,595,595,595,595,595,81,193,193],"floor_reached":56,"playtime":4970,"items_purged":["theMarked:Strike+1"],"score":1418,"play_id":"603de619-ed2a-4b11-a691-6b0958592935","local_time":"20201222141543","is_ascension_mode":false,"campfire_choices":[{"floor":6,"key":"RECALL"},{"floor":8,"key":"REST"},{"floor":15,"key":"REST"},{"floor":23,"key":"REST"},{"floor":25,"key":"REST"},{"floor":32,"key":"REST"},{"floor":42,"key":"REST"},{"floor":47,"key":"REST"},{"floor":49,"key":"REST"},{"floor":52,"key":"REST"}],"circlet_count":0,"master_deck":["theMarked:Strike+1","theMarked:Strike+1","theMarked:Strike+1","theMarked:Defend+1","theMarked:Defend+1","theMarked:Defend+1","theMarked:Defend+1","theMarked:SoldierOfQuellstein+1","theMarked:ShockingTouch+1","MasterReality+1","theMarked:EmpowerWeapon+1","theMarked:ChainLightning+1","theMarked:HeightenedSenses+1","theMarked:EmpowerWeapon+1","theMarked:BindingBlade+1","theMarked:ResourceFulStrike+1","theMarked:Challenge+1","infinitespire:Punishment+1","theMarked:ElectricStrings+1","theMarked:Polarize+1","theMarked:ParalyzingBlade+1","theMarked:Aftermath+1","theMarked:StartUp+1","AscendersBane","theMarked:Polarize+1","theMarked:MagicAdept+1"],"relics":["theMarked:ArtifactOfAir","hubris:FruitBowl","hubris:EvacipatedBox","StuffTheSpire:TintedRock","Juzu Bracelet","Molten Egg 2","Toxic Egg 2","Frozen Egg 2","Quantum Egg","Bottled Tornado","trackpad:WondrousWand","Lantern","Menagerie:ShiftingBlessing","Strawberry","Replay:Baseball","SacredBark","Replay:Mystery Machine","jedi:shrinkray","theMarked:Gun","jedi:heavyjacket","Bag of Preparation","infinitespire:CheckeredPen","infinitespire:Magic Flask","TheAbacus","Bottled Flame","ReplayTheSpireMod:TigerMarble","Elementarium:ElementariumTrophy","hubris:HollowSoul","hubris:Towel","hubris:FunFungus","trackpad:Compendium","Ancient Tea Set","conspire:Dentures","Boot","StuffTheSpire:GrapeVine","Mercury Hourglass"],"acts_visited":["Menagerie:Menagerie","Elementarium:Elementarium","TheBeyond","TheEnding"],"potions_floor_usage":[7,7,14,16,24,24,33,33,33,45,45,55,55],"damage_taken":[{"damage":0,"enemies":"Menagerie:2_RABBITS","floor":1,"turns":2},{"damage":0,"enemies":"conspire:MimicChest","floor":2,"turns":3},{"damage":0,"enemies":"Menagerie:MonstrousExperiment","floor":3,"turns":2},{"damage":0,"enemies":"Menagerie:StygianBoar","floor":4,"turns":1},{"damage":0,"enemies":"Menagerie:KEEPER_AND_YOUNG_SUNEATER","floor":5,"turns":3},{"damage":1,"enemies":"Menagerie:VoidReaper","floor":7,"turns":6},{"damage":0,"enemies":"Menagerie:EntropyWarlock","floor":11,"turns":2},{"damage":5,"enemies":"Menagerie:MaskedSummoner","floor":12,"turns":8},{"damage":0,"enemies":"Menagerie:BEAST_MAGE_AND_PROWLING_AMALGAM","floor":13,"turns":3},{"damage":11,"enemies":"Menagerie:VoidReaper","floor":14,"turns":4},{"damage":0,"enemies":"Menagerie:AVATARS","floor":16,"turns":4},{"damage":2,"enemies":"Elementarium:2_ELEMENTALS","floor":18,"turns":2},{"damage":18,"enemies":"Elementarium:ElementalPortal","floor":24,"turns":6},{"damage":1,"enemies":"Elementarium:Cyclone","floor":27,"turns":3},{"damage":0,"enemies":"Elementarium:3_ELEMENTALS","floor":29,"turns":2},{"damage":0,"enemies":"Elementarium:GolemEmperor","floor":33,"turns":4},{"damage":0,"enemies":"3 Shapes","floor":35,"turns":2},{"damage":0,"enemies":"3 Darklings","floor":37,"turns":3},{"damage":0,"enemies":"2 Orb Walkers","floor":38,"turns":3},{"damage":0,"enemies":"Sphere and 2 Shapes","floor":39,"turns":3},{"damage":0,"enemies":"Spire Growth","floor":40,"turns":2},{"damage":3,"enemies":"Nemesis","floor":41,"turns":5},{"damage":0,"enemies":"Reptomancer","floor":45,"turns":2},{"damage":0,"enemies":"Jaw Worm Horde","floor":46,"turns":2},{"damage":30,"enemies":"Time Eater","floor":50,"turns":8},{"damage":4,"enemies":"Shield and Spear","floor":54,"turns":3},{"damage":52,"enemies":"The Heart","floor":55,"turns":6}],"seed_played":"7016692772019843038","potions_obtained":[{"floor":2,"key":"Dexterity Potion"},{"floor":3,"key":"Swift Potion"},{"floor":4,"key":"Reflective Coating"},{"floor":13,"key":"SkillPotion"},{"floor":16,"key":"Dexterity Potion"},{"floor":18,"key":"Weak Potion"},{"floor":24,"key":"SteroidPotion"},{"floor":33,"key":"Fire Potion"},{"floor":41,"key":"Fire Potion"}],"is_trial":false,"path_per_floor":["M","?","M","M","M","R","E","R","T","?","M","E","M","E","R","B",null,"M","?","?","?","?","R","E","R","T","M","?","M","$","T","R","B",null,"M","?","M","?","M","M","E","R","T","?","E","M","R","?","R","B",null,"R","$","E","B",null],"character_chosen":"THE_DEFAULT","items_purchased":["Bag of Preparation","infinitespire:CheckeredPen","infinitespire:Magic Flask","TheAbacus","Bottled Flame","jedi:StrikingPotion","theMarked:MagicAdept+1","Boot","StuffTheSpire:GrapeVine","jedi:tentaclejuice","Weak Potion"],"campfire_rested":9,"item_purchase_floors":[30,30,30,30,30,30,53,53,53,53,53],"current_hp_per_floor":[70,70,70,70,70,70,69,70,70,61,61,66,66,55,79,79,80,78,78,61,42,42,66,48,72,72,71,71,71,71,71,80,80,80,80,80,80,80,80,80,80,80,80,80,80,80,80,80,80,54,80,80,80,76,31],"gold":193,"neow_bonus":"THREE_CARDS","is_daily":false,"chose_seed":false,"campfire_upgraded":0,"win_rate":0.0,"timestamp":1608675343,"path_taken":["M","?","M","M","M","R","E","R","T","?","M","E","M","E","R","BOSS","M","?","?","?","?","R","E","R","T","M","?","M","$","?","R","BOSS","M","?","M","?","M","M","E","R","T","?","E","M","R","?","R","BOSS","R","$","E","BOSS"],"items_purchased_type":["Relic","Relic","Relic","Relic","Relic","Potion","Card","Relic","Relic","Potion","Potion"],"build_version":"2020-12-13","purchased_purges":1,"victory":true,"max_hp_per_floor":[70,70,70,70,70,70,70,70,70,70,70,80,80,80,80,80,80,80,80,80,80,80,80,80,80,80,80,80,80,80,80,80,80,80,80,80,80,80,80,80,80,80,80,80,80,80,80,80,80,80,80,80,80,80,80],"card_choices":[{"not_picked":["theMarked:Improvise","theMarked:ResourceFulStrike"],"picked":"theMarked:ShockingTouch","floor":0},{"not_picked":["theMarked:TakeCover+1","theMarked:Improvise+1"],"picked":"theMarked:EmpowerWeapon+1","floor":1},{"not_picked":["theMarked:HeritageOfTheMarked+1","theMarked:EnhanceMovement+1"],"picked":"theMarked:ChainLightning+1","floor":2},{"not_picked":["theMarked:WardOff+1","theMarked:RepellingDischarge+1"],"picked":"theMarked:HeightenedSenses+1","floor":3},{"not_picked":["theMarked:Aftermath+1","theMarked:TunnelVision+1","theMarked:Electrocute+1"],"picked":"SKIP","floor":4},{"not_picked":["theMarked:WardOff+1","theMarked:TwofoldDefense+1"],"picked":"theMarked:EmpowerWeapon+1","floor":5},{"not_picked":["theMarked:Convert+1","theMarked:Parkour+1","theMarked:BanishingWave+1"],"picked":"SKIP","floor":7},{"not_picked":["theMarked:RepellingDischarge+1","theMarked:BanishingStrike+1","theMarked:TwofoldDefense+1"],"picked":"SKIP","floor":11},{"not_picked":["theMarked:TakeCover+1","theMarked:Improvise+1"],"picked":"theMarked:BindingBlade+1","floor":12},{"not_picked":["theMarked:Electrocute+1","theMarked:TakeCover+1","theMarked:Reabsorb+1"],"picked":"SKIP","floor":13},{"not_picked":["theMarked:Seal+1","theMarked:WardOff+1"],"picked":"theMarked:ResourceFulStrike+1","floor":14},{"not_picked":["theMarked:Snap+1","theMarked:UnarmedFury+1"],"picked":"theMarked:Challenge+1","floor":16},{"not_picked":["theMarked:WastefulAttack+1","theMarked:Frustration+1","theMarked:HeightenedSenses+1"],"picked":"SKIP","floor":18},{"not_picked":["infinitespire:DeathsTouch","ReplayTheSpireMod:Black Plague"],"picked":"infinitespire:Punishment","floor":21},{"not_picked":["theMarked:Aftermath+1","theMarked:WastefulDefense+1"],"picked":"theMarked:ElectricStrings+1","floor":24},{"not_picked":["theMarked:HeightenedSenses+1","theMarked:Electrocute+1","theMarked:ChainLightning+1"],"picked":"SKIP","floor":27},{"not_picked":["theMarked:TwofoldDefense+1","theMarked:Static+1","theMarked:WardOff+1"],"picked":"SKIP","floor":29},{"not_picked":["theMarked:ResourceFulStrike+1","theMarked:TunnelVision+1"],"picked":"theMarked:Polarize+1","floor":35},{"not_picked":["theMarked:SwordAndMagic+1","theMarked:ElectricStrings+1","theMarked:Static+1"],"picked":"SKIP","floor":37},{"not_picked":["theMarked:WastefulDefense+1","theMarked:WastefulAttack+1"],"picked":"theMarked:ParalyzingBlade+1","floor":38},{"not_picked":["theMarked:Frustration+1","theMarked:ChainLightning+1"],"picked":"theMarked:Aftermath+1","floor":39},{"not_picked":["theMarked:EnhanceMovement+1","theMarked:BanishingStrike+1","theMarked:Static+1"],"picked":"SKIP","floor":40},{"not_picked":["theMarked:Opportunist+1","theMarked:Convert+1"],"picked":"theMarked:StartUp+1","floor":41},{"not_picked":["theMarked:ResourceFulStrike+1","theMarked:Parkour+1","theMarked:HeightenedSenses+1"],"picked":"SKIP","floor":45},{"not_picked":["theMarked:Indomitable+1","theMarked:Overcharge+1","theMarked:WardOff+1"],"picked":"SKIP","floor":46},{"not_picked":["theMarked:RepellingDischarge+1","theMarked:Frustration+1","theMarked:ElectricStrings+1"],"picked":"SKIP","floor":54}],"player_experience":2337452,"relics_obtained":[{"floor":2,"key":"trackpad:WondrousWand"},{"floor":7,"key":"Lantern"},{"floor":12,"key":"Strawberry"},{"floor":14,"key":"Replay:Baseball"},{"floor":24,"key":"jedi:shrinkray"},{"floor":26,"key":"theMarked:Gun"},{"floor":31,"key":"ReplayTheSpireMod:TigerMarble"},{"floor":38,"key":"hubris:FunFungus"},{"floor":41,"key":"trackpad:Compendium"},{"floor":43,"key":"Ancient Tea Set"},{"floor":45,"key":"conspire:Dentures"},{"floor":54,"key":"Mercury Hourglass"}],"event_choices":[{"damage_healed":0,"gold_gain":0,"player_choice":"Simplicity","damage_taken":0,"max_hp_gain":0,"max_hp_loss":9,"event_name":"betterThird:BetterWriting","floor":0,"gold_loss":0},{"damage_healed":0,"gold_gain":0,"player_choice":"Touch","damage_taken":9,"relics_obtained":["Menagerie:ShiftingBlessing"],"max_hp_gain":0,"max_hp_loss":0,"event_name":"Menagerie:LunarGift","floor":10,"gold_loss":0},{"damage_healed":0,"gold_gain":50,"player_choice":"Take","damage_taken":0,"max_hp_gain":0,"max_hp_loss":0,"event_name":"Elementarium:StickySituation","floor":19,"gold_loss":0},{"damage_healed":0,"gold_gain":0,"player_choice":"RE ","damage_taken":19,"relics_obtained":["Replay:Mystery Machine"],"max_hp_gain":0,"max_hp_loss":0,"event_name":"betterSkull:BetterSkull","floor":20,"gold_loss":0,"cards_upgraded":[]},{"damage_healed":0,"gold_gain":0,"player_choice":"3","damage_taken":0,"max_hp_gain":0,"max_hp_loss":0,"event_name":"betterMatch:BetterMatch","floor":22,"gold_loss":0,"cards_obtained":[]},{"damage_healed":0,"gold_gain":0,"player_choice":"Fight","damage_taken":0,"max_hp_gain":0,"max_hp_loss":0,"event_name":"Mysterious Sphere","floor":38,"gold_loss":0},{"cards_removed":["theMarked:Strike"],"damage_healed":0,"gold_gain":0,"player_choice":"Purged","damage_taken":0,"max_hp_gain":0,"max_hp_loss":0,"event_name":"Purifier","floor":44,"gold_loss":0},{"damage_healed":0,"gold_gain":3,"player_choice":"3","damage_taken":0,"max_hp_gain":0,"max_hp_loss":0,"event_name":"betterStone:BetterStone","floor":48,"gold_loss":0,"cards_obtained":["theMarked:Polarize"]}],"is_beta":false,"boss_relics":[{"not_picked":["Replay:Bronze Core","halation:LoveArrow","conspire:RunicOctahedron"],"picked":"SacredBark"},{"not_picked":["Painkiller Herb","Honey Jar","jedi:battlestandard"],"picked":"hubris:HollowSoul"}],"items_purged_floors":[30],"is_endless":false,"potions_floor_spawned":[2,3,4,5,13,16,18,24,33,38,39,41],"ascension_level":0}}