{"host":"sav7uxregyirlf69","time":1608647239,"event":{"mods":["AchievementEnabler","BaseMod","Colored Map","DeckTracker","Keyboard Shortcuts","Minty Spire (QoL Compilation)","READ ME - Guardian Mod","StSLib","SuperFastMode"],"gold_per_floor":[122,160,186,212,224,236,277,307,319,331,343,398,410,446,458,599,611,642,654,325,344,365,403,403,403,403],"floor_reached":25,"playtime":401,"items_purged":[],"score":347,"play_id":"167c7423-62e3-40ab-bfca-5e040df107d0","local_time":"20201222232719","is_ascension_mode":true,"campfire_choices":[{"data":"Perfected Strike","floor":6.0,"key":"SMITH"},{"data":"Perfected Strike","floor":10.0,"key":"SMITH"},{"data":"Evolve","floor":13.0,"key":"SMITH"},{"data":"Bash","floor":15.0,"key":"SMITH"},{"floor":24,"key":"REST"}],"circlet_count":0,"master_deck":["AscendersBane","Strike_R","Strike_R","Strike_R","Strike_R","Strike_R","Defend_R","Defend_R","Defend_R","Defend_R","Bash+1","Evolve+1","Pommel Strike","Perfected Strike+1","Warcry","Perfected Strike+1","Twin Strike","Bludgeon","Seeing Red+1","Master of Strategy","Flame Barrier","Pommel Strike","True Grit"],"relics":["Burning Blood","MawBank","Toy Ornithopter","Blood Vial","Omamori","Golden Idol","StoneCalendar","Fusion Hammer","Question Card"],"acts_visited":["Exordium","TheCity"],"potions_floor_usage":[16,16,22,23],"damage_taken":[{"damage":6.0,"enemies":"Cultist","floor":1.0,"turns":4.0},{"damage":10.0,"enemies":"Small Slimes","floor":3.0,"turns":4.0},{"damage":9.0,"enemies":"2 Louse","floor":4.0,"turns":4.0},{"damage":8.0,"enemies":"Gremlin Nob","floor":7.0,"turns":3.0},{"damage":12.0,"enemies":"Looter","floor":8.0,"turns":3.0},{"damage":30.0,"enemies":"3 Sentries","floor":12.0,"turns":5.0},{"damage":12.0,"enemies":"2 Fungi Beasts","floor":14.0,"turns":2.0},{"damage":23,"enemies":"Slime Boss","floor":16,"turns":6},{"damage":18,"enemies":"Shell Parasite","floor":18,"turns":3},{"damage":28,"enemies":"2 Thieves","floor":21,"turns":4},{"damage":24,"enemies":"Cultist and Chosen","floor":22,"turns":4},{"damage":20,"enemies":"Slavers","floor":23,"turns":4},{"damage":65,"enemies":"Book of Stabbing","floor":25,"turns":5}],"seed_played":"4277406265967666148","potions_obtained":[{"floor":3.0,"key":"Weak Potion"},{"floor":4.0,"key":"ColorlessPotion"},{"floor":12.0,"key":"SteroidPotion"},{"floor":21,"key":"Ancient Potion"},{"floor":23,"key":"FairyPotion"}],"is_trial":false,"path_per_floor":["M","T","M","M","?","R","E","M","T","R","?","E","R","M","R","B",null,"M","?","$","M","M","E","R","E"],"character_chosen":"IRONCLAD","items_purchased":["Master of Strategy","Flame Barrier","PowerPotion","AttackPotion"],"campfire_rested":1,"item_purchase_floors":[20,20,20,20],"current_hp_per_floor":[72,72,68,65,53,53,53,49,49,49,49,32,32,28,28,23,61,51,51,51,31,20,13,35,0,0],"gold":403,"neow_bonus":"RANDOM_COMMON_RELIC","is_daily":false,"chose_seed":false,"campfire_upgraded":4,"win_rate":0.0,"timestamp":1608647239,"path_taken":["M","?","M","M","?","R","E","M","T","R","?","E","R","M","R","BOSS","M","?","$","M","M","E","R","E"],"items_purchased_type":["Card","Card","Potion","Potion"],"build_version":"2020-12-13","purchased_purges":0,"victory":false,"max_hp_per_floor":[80,80,80,80,80,80,80,80,80,80,74,74,74,74,74,74,74,74,74,74,74,74,74,74,74,74],"card_choices":[{"not_picked":["Cleave","Whirlwind"],"picked":"Evolve","floor":1.0},{"not_picked":["Iron Wave","Rage"],"picked":"Pommel Strike","floor":3.0},{"not_picked":["Anger","Searing Blow"],"picked":"Perfected Strike","floor":4.0},{"not_picked":["Clash","Entrench"],"picked":"Warcry","floor":7.0},{"not_picked":["Berserk","Wild Strike"],"picked":"Perfected Strike","floor":8.0},{"not_picked":["Rage","Clash"],"picked":"Twin Strike","floor":12.0},{"not_picked":["Whirlwind","Body Slam","Clothesline"],"picked":"SKIP","floor":14.0},{"not_picked":["Impervious","Immolate"],"picked":"Bludgeon","floor":16},{"not_picked":["Reckless Charge+1","Clothesline"],"picked":"Seeing Red+1","floor":18},{"not_picked":["Whirlwind+1","Clothesline"],"picked":"Pommel Strike","floor":21},{"not_picked":["Hemokinesis","Combust+1","Warcry"],"picked":"SKIP","floor":22},{"not_picked":["Thunderclap","Clothesline"],"picked":"True Grit","floor":23}],"player_experience":992513,"relics_obtained":[{"floor":2.0,"key":"Toy Ornithopter"},{"floor":7.0,"key":"Omamori"},{"floor":12.0,"key":"StoneCalendar"},{"floor":23,"key":"Question Card"}],"event_choices":[{"damage_healed":0.0,"max_hp_gain":0.0,"max_hp_loss":0.0,"gold_gain":0.0,"event_name":"Scrap Ooze","player_choice":"Success","floor":5.0,"gold_loss":0.0,"damage_taken":12.0,"relics_obtained":["Blood Vial"]},{"damage_healed":0.0,"max_hp_gain":0.0,"max_hp_loss":6.0,"gold_gain":0.0,"event_name":"Golden Idol","player_choice":"Lose Max HP","floor":11.0,"gold_loss":0.0,"damage_taken":0.0,"relics_obtained":["Golden Idol"]},{"damage_healed":0,"gold_gain":0,"player_choice":"Ignored","damage_taken":0,"max_hp_gain":0,"max_hp_loss":0,"event_name":"Vampires","floor":19,"gold_loss":0}],"is_beta":false,"boss_relics":[{"not_picked":["Busted Crown","Empty Cage"],"picked":"Fusion Hammer"}],"items_purged_floors":[],"is_endless":false,"potions_floor_spawned":[3,4,12,21,23],"killed_by":"Book of Stabbing","ascension_level":10}}