{"host":"cxvb37eaaiijvrl4","time":1608617173,"event":{"mods":["ATMod(阿瑾Mod)","BaseMod","Better Third Choice","Minty Spire (QoL Compilation)","MostiFishMod","Quick Restart","Rare Cards Sparkle","Shop Mod","Spicy Shops","StSLib","TestMod","Uncapped"],"gold_per_floor":[17,29,49,60,71,71,71,71,71,98,23,23,43,74,74,145,145,159,159,176,176,96,130,130,157,157,186,197,222,222,249,249,322,322,340,351,362,362,47,74,74,100,182,182,62,62,78,478,478,478,478,478,478,233,263,263],"floor_reached":57,"playtime":1965,"items_purged":["Strike_R","Strike_R","Bash","Strike_R","AT_OneInchPunch+1"],"score":3017,"play_id":"db393b3a-6fff-416d-bb5c-37e24f0f59ed","local_time":"20201221220613","is_ascension_mode":true,"campfire_choices":[{"data":"Feed","floor":6.0,"key":"SMITH"},{"data":"Uppercut","floor":8.0,"key":"SMITH"},{"data":"MostiFishMod:BrandingRite","floor":12.0,"key":"SMITH"},{"floor":15.0,"key":"RECALL"},{"data":"Feed","floor":24.0,"key":"SMITH"},{"data":"Second Wind","floor":32.0,"key":"SMITH"},{"data":"Limit Break","floor":41.0,"key":"SMITH"},{"data":"MostiFishMod:SparklingWater","floor":49.0,"key":"SMITH"},{"data":"Ghostly","floor":53,"key":"SMITH"}],"circlet_count":0,"master_deck":["AscendersBane","Defend_R","Defend_R","Defend_R","Uppercut+1","MostiFishMod:BrandingRite+1","Feed+1","Feed+1","Shrug It Off","AT_BodySlamDance+1","Ghostly+1","Ghostly","Ghostly","Second Wind+1","Impervious","Limit Break+1","Clumsy","MostiFishMod:SparklingWater+1","Evolve+1","AT_CaressingTears","Barricade+1"],"relics":["Burning Blood","AT_ATBox","Question Card","Singing Bowl","DaCapo","ImportantClient","Cursed Key","Tiny Chest","testmod-HeartOfStrike","Paper Frog","SentryEyes","DaveBox","xbg","Red Mask","ShadowXiaoBlade","MerchantsRug","Frozen Egg 2","testmod-OneHitWonder","Eternal Feather"],"acts_visited":["Exordium","TheCity","TheBeyond","TheEnding"],"potions_floor_usage":[],"damage_taken":[{"damage":1.0,"enemies":"Cultist","floor":1.0,"turns":3.0},{"damage":4.0,"enemies":"Jaw Worm","floor":2.0,"turns":2.0},{"damage":0.0,"enemies":"2 Louse","floor":3.0,"turns":1.0},{"damage":13.0,"enemies":"Exordium Wildlife","floor":4.0,"turns":5.0},{"damage":13.0,"enemies":"3 Louse","floor":5.0,"turns":5.0},{"damage":6.0,"enemies":"Gremlin Nob","floor":10.0,"turns":3.0},{"damage":0.0,"enemies":"Large Slime","floor":13.0,"turns":4.0},{"damage":44.0,"enemies":"3 Sentries","floor":14.0,"turns":8.0},{"damage":12.0,"enemies":"Hexaghost","floor":16.0,"turns":7.0},{"damage":16.0,"enemies":"Shell Parasite","floor":18.0,"turns":3.0},{"damage":5.0,"enemies":"Chosen","floor":20.0,"turns":5.0},{"damage":3.0,"enemies":"Book of Stabbing","floor":23.0,"turns":4.0},{"damage":29.0,"enemies":"Gremlin Leader","floor":25.0,"turns":6.0},{"damage":6.0,"enemies":"Slavers","floor":27.0,"turns":7.0},{"damage":1.0,"enemies":"Centurion and Healer","floor":28.0,"turns":6.0},{"damage":14.0,"enemies":"Book of Stabbing","floor":29.0,"turns":6.0},{"damage":1.0,"enemies":"Masked Bandits","floor":31.0,"turns":4.0},{"damage":0.0,"enemies":"Collector","floor":33.0,"turns":5.0},{"damage":2.0,"enemies":"3 Darklings","floor":35.0,"turns":3.0},{"damage":0.0,"enemies":"Orb Walker","floor":36.0,"turns":2.0},{"damage":0.0,"enemies":"Spire Growth","floor":37.0,"turns":2.0},{"damage":0.0,"enemies":"Giant Head","floor":40.0,"turns":4.0},{"damage":3.0,"enemies":"Nemesis","floor":42.0,"turns":4.0},{"damage":0.0,"enemies":"Jaw Worm Horde","floor":47.0,"turns":3.0},{"damage":7,"enemies":"Awakened One","floor":50,"turns":6},{"damage":45,"enemies":"Time Eater","floor":51,"turns":7},{"damage":21,"enemies":"Shield and Spear","floor":55,"turns":6},{"damage":7,"enemies":"The Heart","floor":56,"turns":7}],"seed_played":"5983875898514592197","potions_obtained":[{"floor":2.0,"key":"BlessingOfTheForge"},{"floor":5.0,"key":"SmokeBomb"},{"floor":13.0,"key":"Weak Potion"},{"floor":14.0,"key":"BloodPotion"},{"floor":23.0,"key":"Block Potion"},{"floor":28.0,"key":"Ancient Potion"}],"is_trial":false,"path_per_floor":["M","M","M","M","M","R","?","R","T","E","$","R","M","E","R","B",null,"M","?","M","?","$","E","R","E","T","E","M","E","?","?","R","B",null,"M","M","M","?","$","E","R","E","T","T","$","?","M","?","R","B","B",null,"R","$","E","B",null],"character_chosen":"IRONCLAD","items_purchased":["MerchantsRug","Limit Break","Evolve+1","AT_CaressingTears"],"campfire_rested":0,"item_purchase_floors":[39,39,54,54],"current_hp_per_floor":[73,75,75,71,67,67,67,67,67,73,73,73,85,53,53,47,86,80,80,85,53,53,58,58,39,39,49,64,62,62,73,73,79,90,96,102,104,104,104,110,110,116,116,116,116,110,122,122,122,125,90,123,123,123,116,124],"gold":263,"neow_bonus":"TRANSFORM_TWO_CARDS","is_daily":false,"chose_seed":false,"campfire_upgraded":8,"win_rate":0.0,"timestamp":1608617173,"path_taken":["M","?","M","M","M","R","?","R","T","E","$","R","M","E","R","BOSS","BOSS","M","?","M","?","$","E","R","E","T","E","M","E","?","?","R","BOSS","M","M","M","?","$","E","R","E","T","?","$","?","M","?","R","BOSS","BOSS","R","$","E","BOSS"],"items_purchased_type":["Relic","Card","Card","Card"],"build_version":"2020-12-13","purchased_purges":5,"victory":true,"max_hp_per_floor":[75,75,75,78,81,81,81,81,81,87,87,87,93,99,99,99,99,103,103,107,53,53,58,58,62,62,72,82,88,88,94,94,94,94,96,102,104,104,104,110,110,116,116,116,116,120,126,126,126,130,134,134,134,134,142,146],"card_choices":[{"not_picked":["Warcry","Reckless Charge","Flex"],"picked":"SKIP","floor":1.0},{"not_picked":["Iron Wave","Wild Strike","Clash","Intimidate"],"picked":"SKIP","floor":2.0},{"not_picked":["Warcry","Sentinel","Flame Barrier"],"picked":"Feed","floor":3.0},{"not_picked":["Perfected Strike","Iron Wave","Fire Breathing","Twin Strike"],"picked":"SKIP","floor":4.0},{"not_picked":["Warcry","Flex","Rampage","Spot Weakness"],"picked":"SKIP","floor":5.0},{"not_picked":["Warcry","True Grit","Rampage","Inflame"],"picked":"Singing Bowl","floor":10.0},{"not_picked":["Entrench","Clothesline","Carnage","Thunderclap"],"picked":"Singing Bowl","floor":13.0},{"not_picked":["Clash","Carnage","Armaments","AT_DiedThrough"],"picked":"Singing Bowl","floor":14.0},{"not_picked":["MostiFishMod:Mania","MostiFishMod:#F4004","MostiFishMod:NewArrival"],"picked":"Feed","floor":16.0},{"not_picked":["Perfected Strike","Bloodletting","Wild Strike"],"picked":"Shrug It Off","floor":18.0},{"not_picked":["Clothesline","Perfected Strike+1","Clash"],"picked":"AT_BodySlamDance+1","floor":20.0},{"not_picked":["Thunderclap","Rampage","Iron Wave+1","Bloodletting"],"picked":"Singing Bowl","floor":23.0},{"not_picked":["Rupture","Disarm","Bloodletting"],"picked":"Second Wind","floor":25.0},{"not_picked":["Rampage","Headbutt","Brutality","Shrug It Off"],"picked":"Singing Bowl","floor":27.0},{"not_picked":["Blood for Blood","Dropkick","Warcry","Havoc"],"picked":"Singing Bowl","floor":28.0},{"not_picked":["Reckless Charge","Wild Strike","Headbutt+1","Twin Strike"],"picked":"Singing Bowl","floor":29.0},{"not_picked":["Bloodletting","Perfected Strike","Body Slam","Sword Boomerang"],"picked":"Singing Bowl","floor":31.0},{"not_picked":["Limit Break","Corruption","MostiFishMod:UniRed"],"picked":"Impervious","floor":33.0},{"not_picked":["Entrench","Havoc","AT_DrawKnifeCut","Warcry+1"],"picked":"Singing Bowl","floor":35.0},{"not_picked":["Clothesline","Thunderclap","Cleave","Whirlwind+1"],"picked":"Singing Bowl","floor":36.0},{"not_picked":["Body Slam","True Grit","Seeing Red+1","Cleave+1"],"picked":"Singing Bowl","floor":37.0},{"not_picked":["AT_IchimonjiDouble+1","MostiFishMod:PerfectStrikeMKII","Havoc+1","Pommel Strike+1"],"picked":"Singing Bowl","floor":40.0},{"not_picked":["MostiFishMod:Mania+1","Headbutt","Spot Weakness","Perfected Strike"],"picked":"Singing Bowl","floor":42.0},{"not_picked":["testmod-Wormhole","testmod-PowerStrike","Trip","Blind"],"picked":"Singing Bowl","floor":46.0},{"not_picked":["Blind","testmod-Bloodthirsty","Good Instincts"],"picked":"MostiFishMod:SparklingWater","floor":46.0},{"not_picked":["testmod-WeaknessCounterattack","Madness","testmod-TemporaryDeletion+1","Discovery"],"picked":"Singing Bowl","floor":46.0},{"not_picked":["AT_IchimonjiDouble","Shrug It Off","Headbutt+1","Twin Strike"],"picked":"Singing Bowl","floor":47.0},{"not_picked":["Armaments","Juggernaut+1","Cleave"],"picked":"Barricade+1","floor":55}],"player_experience":650473,"relics_obtained":[{"floor":1.0,"key":"Question Card"},{"floor":9.0,"key":"Singing Bowl"},{"floor":10.0,"key":"DaCapo"},{"floor":14.0,"key":"AT_GuinsooRageblade"},{"floor":16.0,"key":"ImportantClient"},{"floor":23.0,"key":"Tiny Chest"},{"floor":25.0,"key":"testmod-HeartOfStrike"},{"floor":27.0,"key":"Paper Frog"},{"floor":29.0,"key":"SentryEyes"},{"floor":31.0,"key":"Red Mask"},{"floor":40.0,"key":"Frozen Egg 2"},{"floor":42.0,"key":"testmod-OneHitWonder"},{"floor":55,"key":"Eternal Feather"}],"event_choices":[{"damage_healed":0.0,"max_hp_gain":0.0,"max_hp_loss":0.0,"gold_gain":0.0,"event_name":"Living Wall","player_choice":"Grow","floor":7.0,"gold_loss":0.0,"damage_taken":0.0,"cards_upgraded":["AT_OneInchPunch"]},{"damage_healed":0.0,"max_hp_gain":0.0,"max_hp_loss":0.0,"gold_gain":0.0,"event_name":"The Mausoleum","player_choice":"Ignored","floor":19.0,"gold_loss":0.0,"damage_taken":0.0},{"damage_healed":0.0,"max_hp_gain":0.0,"max_hp_loss":54.0,"gold_gain":0.0,"event_name":"Ghosts","player_choice":"Became a Ghost","floor":21.0,"gold_loss":0.0,"damage_taken":0.0,"cards_obtained":["Ghostly","Ghostly","Ghostly"]},{"damage_healed":0.0,"max_hp_gain":0.0,"max_hp_loss":0.0,"gold_gain":0.0,"event_name":"给自己的盒子","player_choice":"Swap Relic","floor":30.0,"relics_lost":["DaveBox"],"gold_loss":0.0,"damage_taken":0.0,"relics_obtained":["DaveBox"]},{"damage_healed":0.0,"max_hp_gain":0.0,"max_hp_loss":0.0,"gold_gain":0.0,"event_name":"Masked Bandits","player_choice":"Fought Bandits","floor":31.0,"gold_loss":0.0,"damage_taken":0.0},{"cards_removed":["Defend_R"],"damage_healed":0.0,"max_hp_gain":0.0,"max_hp_loss":0.0,"gold_gain":0.0,"event_name":"Falling","player_choice":"Removed Skill","floor":38.0,"gold_loss":0.0,"damage_taken":0.0},{"damage_healed":0.0,"max_hp_gain":0.0,"max_hp_loss":0.0,"gold_gain":0.0,"event_name":"SensoryStone","player_choice":"Memory 3","floor":46.0,"gold_loss":0.0,"damage_taken":10.0},{"damage_healed":0.0,"max_hp_gain":0.0,"max_hp_loss":0.0,"gold_gain":400.0,"event_name":"恩洛斯的盘子","player_choice":"Sell","floor":48.0,"relics_lost":["testmod-TestBox"],"gold_loss":0.0,"damage_taken":0.0}],"is_beta":false,"boss_relics":[{"not_picked":["TakeMeEscape","Ectoplasm"],"picked":"Cursed Key"},{"not_picked":["RhineFirstAidKit","NightmareShop"],"picked":"ShadowXiaoBlade"}],"items_purged_floors":[11,22,39,45,54],"is_endless":false,"potions_floor_spawned":[2,5,13,14,16,23,28,35,42],"ascension_level":20}}