{"host":"363c1o4m0ew2jbar","time":1608611479,"event":{"mods":["AchievementEnabler","BaseMod","Better Note","Downfall","Hubris","Minty Spire (QoL Compilation)","StSLib"],"gold_per_floor":[199,219,232,291,291,216,239,239,251,176,192,192,221,240,257,358,358,358,372,372,385,397,397,397,47,73,73,108,122,122,7,17,112,112,112,129,179,199,199,218,269,269,287,312,312,327,362,376,396,396,396,396],"floor_reached":50,"playtime":3079,"items_purged":["Guardian:Strike_Guardian","Guardian:Strike_Guardian"],"score":853,"play_id":"4f48cebd-36df-401b-b25d-cf262a953a87","local_time":"20201221183119","is_ascension_mode":true,"campfire_choices":[{"floor":1,"key":"RECALL"},{"floor":6,"key":"REST"},{"data":"Guardian:SpikerProtocol","floor":10,"key":"SMITH"},{"data":"Guardian:CompilePackage","floor":18,"key":"SMITH"},{"data":"Guardian:CurlUp","floor":23,"key":"SMITH"},{"floor":27,"key":"REST"},{"data":"Guardian:FierceBash","floor":35,"key":"SMITH"},{"floor":45,"key":"REST"}],"circlet_count":0,"master_deck":["Guardian:Strike_Guardian","Guardian:Defend_Guardian","Guardian:Defend_Guardian","Guardian:Defend_Guardian","Guardian:Defend_Guardian","Guardian:CurlUp+1","Guardian:TwinSlam","Guardian:SpikerProtocol+1","Guardian:BronzeArmor","Guardian:EvasiveProtocol","Guardian:Reroute","Guardian:Repulse","Guardian:CompilePackage+1","Guardian:TemporalShield","Guardian:GuardianWhirl","Guardian:Gem_Cyan","Guardian:TimeCapacitor","Guardian:GatlingBeam","Guardian:Harden","Guardian:DecasProtection+1","Guardian:BronzeArmor","Guardian:FierceBash+1","CurseOfTheBell","Guardian:Recover","Guardian:FuturePlans","Guardian:Gem_Lightblue","Parasite","Guardian:Gem_Synthetic","Guardian:PolyBeam","Guardian:FastForward","Guardian:PrismaticBarrier"],"relics":["Guardian:ModeShifter","Letter Opener","hubris:Icosahedron","downfall:HeartBlessingRed","downfall:HeartBlessingBlue","SacredBark","Eternal Feather","Gremlin Horn","Happy Flower","Mercury Hourglass","Calling Bell","Guardian:DefensiveModeMoreBlock","Question Card","Mango","Dream Catcher","Omamori","PreservedInsect"],"acts_visited":["Exordium","TheCity","TheBeyond"],"potions_floor_usage":[13,16,16,16,16,33,44,44,44,50,50,50],"damage_taken":[{"damage":10,"enemies":"Small Slimes","floor":2,"turns":4},{"damage":2,"enemies":"Cultist","floor":3,"turns":4},{"damage":34,"enemies":"Gremlin Nob","floor":4,"turns":5},{"damage":0,"enemies":"2 Louse","floor":9,"turns":3},{"damage":12,"enemies":"Gremlin Gang","floor":11,"turns":4},{"damage":12,"enemies":"Gremlin Nob","floor":13,"turns":4},{"damage":0,"enemies":"Large Slime","floor":14,"turns":3},{"damage":0,"enemies":"Red Slaver","floor":15,"turns":3},{"damage":6,"enemies":"downfall:Watcher","floor":16,"turns":7},{"damage":0,"enemies":"Shell Parasite","floor":19,"turns":4},{"damage":2,"enemies":"Spheric Guardian","floor":21,"turns":3},{"damage":11,"enemies":"Centurion and Healer","floor":22,"turns":6},{"damage":0,"enemies":"downfall:FleeingMerchant","floor":25,"turns":4},{"damage":19,"enemies":"Gremlin Leader","floor":26,"turns":5},{"damage":19,"enemies":"Book of Stabbing","floor":28,"turns":5},{"damage":0,"enemies":"Chosen and Byrds","floor":29,"turns":4},{"damage":0,"enemies":"downfall:FleeingMerchant","floor":31,"turns":4},{"damage":15,"enemies":"Snake Plant","floor":32,"turns":4},{"damage":24,"enemies":"downfall:Silent","floor":33,"turns":6},{"damage":24,"enemies":"Orb Walker","floor":36,"turns":4},{"damage":0,"enemies":"Mind Bloom Boss Battle","floor":37,"turns":7},{"damage":24,"enemies":"3 Darklings","floor":38,"turns":3},{"damage":7,"enemies":"Writhing Mass","floor":40,"turns":6},{"damage":5,"enemies":"4 Shapes","floor":43,"turns":3},{"damage":80,"enemies":"Giant Head","floor":44,"turns":12},{"damage":32,"enemies":"Spire Growth","floor":46,"turns":5},{"damage":0,"enemies":"Nemesis","floor":47,"turns":7},{"damage":8,"enemies":"Jaw Worm Horde","floor":48,"turns":3},{"damage":15,"enemies":"Maw","floor":49,"turns":8},{"damage":12,"enemies":"downfall:Ironclad","floor":50,"turns":9}],"seed_played":"-7504061287585400754","potions_obtained":[{"floor":4,"key":"Swift Potion"},{"floor":11,"key":"EntropicBrew"},{"floor":15,"key":"Explosive Potion"},{"floor":22,"key":"Regen Potion"},{"floor":28,"key":"FearPotion"},{"floor":33,"key":"SmokeBomb"},{"floor":36,"key":"Guardian:DefensiveModePotion"},{"floor":47,"key":"BlessingOfTheForge"},{"floor":48,"key":"Guardian:DefensiveModePotion"},{"floor":49,"key":"ColorlessPotion"}],"is_trial":false,"path_per_floor":["R","M","M","?","?","R","T","?","M","R","M","?","E","M","M","B",null,"R","M","?","M","M","R","T","$","E","R","E","M","?","$","M","B",null,"R","M","?","M","?","M","T","?","M","E","R","M","E","M","M","B"],"character_chosen":"GUARDIAN","items_purchased":["Gremlin Horn"],"campfire_rested":3,"item_purchase_floors":[25],"current_hp_per_floor":[72,62,60,26,26,50,50,50,50,60,48,48,36,36,36,30,75,75,75,75,73,62,62,62,62,43,82,63,63,63,63,48,69,99,104,80,80,56,56,49,49,49,44,19,65,33,33,25,10,0,0,0],"gold":396,"neow_bonus":"HUNDRED_GOLD","is_daily":false,"chose_seed":false,"campfire_upgraded":4,"win_rate":0.0,"timestamp":1608611479,"path_taken":["R","M","M","?","?","R","T","?","M","R","M","?","E","?","M","BOSS","R","M","?","?","M","R","T","$","E","R","E","M","?","$","M","BOSS","R","M","?","M","?","M","T","?","M","E","R","?","E","M","M","BOSS"],"items_purchased_type":["Relic"],"build_version":"2020-12-13","purchased_purges":2,"victory":false,"max_hp_per_floor":[80,80,80,80,80,80,80,80,80,90,90,90,90,90,90,90,90,90,90,90,90,90,90,90,90,90,90,90,90,90,90,90,90,104,104,104,104,104,104,104,104,104,104,104,104,104,104,104,104,104,104,104],"card_choices":[{"not_picked":["Guardian:TemporalStrike","Guardian:RefractedBeam"],"picked":"Guardian:SpikerProtocol","floor":2},{"not_picked":["Guardian:VentSteam","Guardian:Gem_Lightblue"],"picked":"Guardian:Reroute","floor":3},{"not_picked":["Guardian:TemporalShield","Guardian:Recover"],"picked":"Guardian:BronzeArmor","floor":4},{"not_picked":["Guardian:Suspension","Guardian:RollAttack"],"picked":"Guardian:Reroute","floor":9},{"not_picked":["Guardian:Incinerate","Guardian:Gem_White"],"picked":"Guardian:Repulse","floor":11},{"not_picked":["Guardian:Gem_Lightblue","Guardian:FloatingOrbs"],"picked":"Guardian:CompilePackage","floor":13},{"not_picked":["Guardian:Gem_Red","Guardian:Gem_Cyan"],"picked":"Guardian:TemporalShield","floor":14},{"not_picked":["Guardian:CrystalBeam","Guardian:RollAttack"],"picked":"Guardian:GuardianWhirl","floor":15},{"not_picked":["Guardian:HyperBeam_Guardian","Guardian:FastForward"],"picked":"Guardian:Gem_Orange","floor":16},{"not_picked":["Guardian:VentSteam","Guardian:CrystalBeam","Guardian:Gem_Red"],"picked":"SKIP","floor":19},{"not_picked":["Guardian:SpikerProtocol+1","Guardian:RollAttack"],"picked":"Guardian:TimeCapacitor","floor":21},{"not_picked":["Guardian:TemporalShield","Guardian:RefractedBeam+1"],"picked":"Guardian:Gem_Crimson","floor":22},{"not_picked":["Guardian:Gem_Blue","Guardian:TimeCapacitor","Guardian:TimeBomb"],"picked":"SKIP","floor":25},{"not_picked":["Guardian:CrystalBeam","Guardian:TemporalShield"],"picked":"Guardian:GatlingBeam","floor":26},{"not_picked":["Guardian:Gem_Cyan","Guardian:Incinerate"],"picked":"Guardian:Harden","floor":28},{"not_picked":["Guardian:Gem_Lightblue","Guardian:PrimingBeam"],"picked":"Guardian:DecasProtection+1","floor":29},{"not_picked":["Guardian:ShieldCharger+1","Guardian:TimeCapacitor","Guardian:RefractedBeam"],"picked":"SKIP","floor":31},{"not_picked":["Guardian:Reroute+1","Guardian:Gem_Blue","Guardian:BronzeArmor"],"picked":"SKIP","floor":32},{"not_picked":["Guardian:ExploitGems","Guardian:StasisStrike"],"picked":"Guardian:FierceBash","floor":33},{"not_picked":["Guardian:Suspension+1","Guardian:Reroute","Guardian:Clone","Guardian:Recover"],"picked":"SKIP","floor":36},{"not_picked":["Guardian:Suspension+1","Guardian:Reroute","Guardian:Clone"],"picked":"Guardian:Recover","floor":36},{"not_picked":["Guardian:TemporalStrike","Guardian:TimeBomb","Guardian:Recover"],"picked":"Guardian:FuturePlans","floor":37},{"not_picked":["Guardian:TimeBomb+1","Guardian:GuardianWhirl","Guardian:EvasiveProtocol"],"picked":"Guardian:Gem_White","floor":38},{"not_picked":["Guardian:Gem_Lightblue","Guardian:Gem_Purple","Guardian:Clone"],"picked":"Guardian:Gem_Synthetic","floor":40},{"not_picked":["Guardian:Recover","Guardian:TimeBomb","Guardian:Repulse+1","Guardian:PiercingHide+1"],"picked":"SKIP","floor":43},{"not_picked":["Guardian:VentSteam","Guardian:Gem_Purple","Guardian:SpikerProtocol+1","Guardian:ShieldCharger+1"],"picked":"SKIP","floor":44},{"not_picked":["Guardian:TemporalShield+1","Guardian:Suspension+1","Guardian:FuturePlans+1","Guardian:VentSteam"],"picked":"SKIP","floor":46},{"not_picked":["Guardian:PrismaticBeam","Guardian:Gem_Yellow","Guardian:RollAttack+1"],"picked":"Guardian:PolyBeam","floor":47},{"not_picked":["Guardian:Gem_White","Guardian:ShieldCharger+1","Guardian:Reroute+1"],"picked":"Guardian:FastForward","floor":48},{"not_picked":["Guardian:Suspension","Guardian:Reroute+1","Guardian:ShieldCharger"],"picked":"Guardian:PrismaticBarrier","floor":49}],"player_experience":1136176,"relics_obtained":[{"floor":4,"key":"Letter Opener"},{"floor":24,"key":"Eternal Feather"},{"floor":26,"key":"Happy Flower"},{"floor":28,"key":"Mercury Hourglass"},{"floor":34,"key":"Guardian:DefensiveModeMoreBlock"},{"floor":34,"key":"Question Card"},{"floor":34,"key":"Mango"},{"floor":41,"key":"Dream Catcher"},{"floor":44,"key":"Omamori"},{"floor":47,"key":"PreservedInsect"}],"event_choices":[{"damage_healed":0,"gold_gain":0,"player_choice":"Copied","damage_taken":0,"max_hp_gain":0,"max_hp_loss":0,"event_name":"Duplicator","floor":30,"gold_loss":0,"cards_obtained":["Guardian:BronzeArmor"]},{"cards_removed":["Guardian:Reroute"],"damage_healed":0,"gold_gain":0,"player_choice":"Removed Attack","damage_taken":0,"max_hp_gain":0,"max_hp_loss":0,"event_name":"Falling","floor":42,"gold_loss":0}],"is_beta":false,"boss_relics":[{"not_picked":["Pandora\u0027s Box","Astrolabe"],"picked":"SacredBark"},{"not_picked":["hubris:HollowSoul","Empty Cage"],"picked":"Calling Bell"}],"items_purged_floors":[25,31],"is_endless":false,"potions_floor_spawned":[4,11,15,22,28,32,33,36,40,47,48,49],"killed_by":"downfall:Ironclad","ascension_level":9}}