{"host":"ds1yr10zonoc6w4a","time":1608598406,"event":{"mods":["2.2 Compatiblity","AchievementEnabler","Act Like it!","BaseMod","Downfall","Elementarium","Gensokyo","Infinite Spire","Jorbs\u0027s Wanderer Trilogy","Menagerie","Minty Spire (QoL Compilation)","Pale of the Ancients","StSLib","The Animator","The Marked","Wandering Minibosses","[IsaacMod]????"],"gold_per_floor":[117,134,134,66,86,116,116,116,116,116,135,147,147,166,166,265,315,327,327,327,338,350,376,376,389,389,7,7,7,18,38,38,141,141,155,155,155,155,16,16,26,26,26],"floor_reached":42,"playtime":10588,"items_purged":["DoctorFetus"],"score":443,"play_id":"9d0fcb21-dcb1-4ffb-a5c8-136e914efeae","local_time":"20201221175326","is_ascension_mode":false,"campfire_choices":[{"data":"Menagerie:Slaughter","floor":8.0,"key":"SMITH"},{"floor":10.0,"key":"REST"},{"data":"infinitespire:Punishment","floor":15.0,"key":"SMITH"},{"data":"Gensokyo:HAARP","floor":24,"key":"SMITH"},{"data":"theMarked:ThrowWeapon","floor":28,"key":"SMITH"},{"data":"theMarked:Panic","floor":32,"key":"SMITH"},{"data":"Gensokyo:DreamlikeParadise","floor":40,"key":"SMITH"}],"circlet_count":0,"master_deck":["theMarked:Strike","theMarked:Strike+1","theMarked:Strike","theMarked:Strike","theMarked:Strike","theMarked:Defend","theMarked:Defend","theMarked:Defend","theMarked:Defend","theMarked:SoldierOfQuellstein","theMarked:Overthink","theMarked:Electrocute","Menagerie:Slaughter+1","theMarked:MagicAdept","theMarked:BanishingStrike","theMarked:FavorableWinds","infinitespire:Punishment+1","theMarked:BanishingStrike","theMarked:Static","theMarked:ResourceFulStrike","theMarked:ChainLightning","theMarked:HeritageOfTheMarked+1","theMarked:ThrowWeapon+1","Gensokyo:HAARP+1","theMarked:Panic+1","theMarked:Levitate","theMarked:TwofoldDefense","theMarked:Panic+1","theMarked:SummonStrength","theMarked:WastefulAttack+1","Gensokyo:DreamlikeParadise+1","theMarked:Panic+1"],"relics":["HushsDoor","D4","Ring of the Snake","D6","Void","infinitespire:CursedDice","DeathBook","PillsDrop","InkBottle","Philosopher\u0027s Stone","MomsKnife","Happy Flower","NineVolt","Coffee Dripper","DollysMirror"],"acts_visited":["Menagerie:Menagerie","Gensokyo:Gensokyoer","Gensokyo:Gensokyoest"],"potions_floor_usage":[23,31,33,33],"damage_taken":[{"damage":0.0,"enemies":"Menagerie:MonstrousExperiment","floor":1.0,"turns":1.0},{"damage":0.0,"enemies":"Menagerie:WhisperingWraith","floor":2.0,"turns":1.0},{"damage":0.0,"enemies":"Menagerie:2_RABBITS","floor":5.0,"turns":1.0},{"damage":35.0,"enemies":"Menagerie:MaskedSummoner","floor":6.0,"turns":7.0},{"damage":0.0,"enemies":"Menagerie:STYGIAN_BOAR_AND_WHISPERING_WRAITH","floor":11.0,"turns":2.0},{"damage":0.0,"enemies":"Menagerie:RedMage","floor":12.0,"turns":2.0},{"damage":5.0,"enemies":"Menagerie:KEEPER_AND_YOUNG_SUNEATER","floor":14.0,"turns":12.0},{"damage":9.0,"enemies":"Menagerie:Suneater","floor":16.0,"turns":4.0},{"damage":1,"enemies":"Gensokyo:CosmicMonolith","floor":18,"turns":2},{"damage":0,"enemies":"Gensokyo:AngelMirror","floor":21,"turns":2},{"damage":1,"enemies":"Gensokyo:Monolith_and_Dog","floor":22,"turns":3},{"damage":0,"enemies":"Gensokyo:Reisen","floor":23,"turns":3},{"damage":40,"enemies":"Gensokyo:Swordslinger","floor":25,"turns":3},{"damage":4,"enemies":"Gensokyo:3_Gloops","floor":30,"turns":3},{"damage":9,"enemies":"Gensokyo:Slime_Group","floor":31,"turns":3},{"damage":42,"enemies":"Gensokyo:Eiki","floor":33,"turns":8},{"damage":2,"enemies":"Gensokyo:3_Boulders","floor":35,"turns":4},{"damage":8,"enemies":"Gensokyo:3_Bats","floor":41,"turns":3},{"damage":57,"enemies":"Nightmare","floor":42,"turns":4}],"seed_played":"-8035393560003844857","potions_obtained":[{"floor":6.0,"key":"SmokeBomb"},{"floor":11.0,"key":"Fire Potion"},{"floor":14.0,"key":"GamblersBrew"},{"floor":17,"key":"hexamod:EctoCoolerPotion"},{"floor":18,"key":"Strength Potion"},{"floor":30,"key":"Energy Potion"}],"is_trial":false,"path_per_floor":["M","M","?","$","M","E","?","R","T","R","M","M","T","M","R","B",null,"M","?","?","M","M","E","R","M","T","$","R","COS","M","M","R","B",null,"M","?","?","?","COS","R","M","NM"],"character_chosen":"THE_DEFAULT","items_purchased":["theMarked:MagicAdept","Happy Flower","NineVolt"],"campfire_rested":1,"item_purchase_floors":[4,27,27],"current_hp_per_floor":[70,70,65,65,65,36,20,20,20,41,42,43,43,50,50,47,75,75,75,68,68,68,68,68,46,46,46,46,46,42,33,33,41,68,66,56,56,56,56,56,48,0,0],"gold":26,"neow_bonus":"THREE_ENEMY_KILL","is_daily":false,"chose_seed":false,"campfire_upgraded":6,"win_rate":0.0,"timestamp":1608598406,"path_taken":["M","M","?","?","M","E","?","R","T","R","?","M","?","?","R","BOSS","M","?","?","M","?","E","R","M","T","$","R","COS","M","M","R","BOSS","M","?","?","?","COS","R","M","NM"],"items_purchased_type":["Card","Relic","Relic"],"build_version":"2020-12-13","purchased_purges":1,"victory":false,"max_hp_per_floor":[70,70,70,70,70,70,70,70,70,70,70,70,70,70,70,70,75,75,75,68,68,68,68,68,68,68,68,68,68,68,68,68,68,68,68,68,68,68,68,68,68,68,68],"card_choices":[{"not_picked":[],"picked":"DoctorFetus","floor":0.0},{"not_picked":["theMarked:ChainLightning","theMarked:Frustration"],"picked":"theMarked:Overthink","floor":1.0},{"not_picked":["theMarked:WastefulAttack","theMarked:Challenge"],"picked":"theMarked:Electrocute","floor":2.0},{"not_picked":["theMarked:Parkour","theMarked:RepellingDischarge"],"picked":"theMarked:BanishingStrike","floor":5.0},{"not_picked":["theMarked:Electrocute","theMarked:HeightenedSenses"],"picked":"theMarked:FavorableWinds","floor":6.0},{"not_picked":["infinitespire:UltimateForm","infinitespire:DeathsTouch"],"picked":"infinitespire:Punishment","floor":7.0},{"not_picked":["theMarked:TwofoldDefense","theMarked:EmpowerWeapon"],"picked":"theMarked:BanishingStrike","floor":11.0},{"not_picked":["theMarked:TwofoldDefense","theMarked:Panic"],"picked":"theMarked:Static","floor":12.0},{"not_picked":["theMarked:HeightenedSenses","theMarked:FavorableWinds"],"picked":"theMarked:ResourceFulStrike","floor":14.0},{"not_picked":["theMarked:MuscleMemory","theMarked:UnarmedFury"],"picked":"theMarked:BindingBlade","floor":16.0},{"not_picked":["theMarked:EnhanceMovement","theMarked:BanishingWave"],"picked":"theMarked:ChainLightning","floor":17},{"not_picked":["theMarked:Panic","theMarked:Electrocute"],"picked":"theMarked:HeritageOfTheMarked+1","floor":18},{"not_picked":["Gensokyo:LittleGreenMen","Gensokyo:SpontaneousHumanCombustion"],"picked":"Gensokyo:HAARP","floor":20},{"not_picked":["theMarked:ResourceFulStrike","theMarked:TwofoldDefense+1"],"picked":"theMarked:Panic+1","floor":21},{"not_picked":["theMarked:WastefulDefense","theMarked:ShockingTouch"],"picked":"theMarked:Levitate","floor":22},{"not_picked":["theMarked:BanishingStrike","theMarked:ResourceFulStrike","theMarked:Electrocute"],"picked":"SKIP","floor":23},{"not_picked":["theMarked:Improvise","theMarked:Frustration","theMarked:EmpowerWeapon"],"picked":"SKIP","floor":25},{"not_picked":["theMarked:ResourceFulStrike","theMarked:RepellingDischarge"],"picked":"theMarked:TwofoldDefense","floor":30},{"not_picked":["theMarked:SoldierForm","theMarked:BanishingStrike"],"picked":"theMarked:Panic","floor":31},{"not_picked":["theMarked:Defy","theMarked:BindingBlade"],"picked":"theMarked:SummonStrength","floor":33},{"not_picked":["theMarked:Static","theMarked:Electrocute+1"],"picked":"theMarked:WastefulAttack+1","floor":35},{"not_picked":["Gensokyo:UnlikelyAid","Gensokyo:RainbowDanmaku"],"picked":"Gensokyo:DreamlikeParadise","floor":38},{"not_picked":["theMarked:Parkour","theMarked:HeritageOfTheMarked","theMarked:Improvise"],"picked":"SKIP","floor":41}],"player_experience":445073,"relics_obtained":[{"floor":6.0,"key":"D4"},{"floor":9.0,"key":"DeadEye"},{"floor":13.0,"key":"Toxic Egg 2"},{"floor":14.0,"key":"wanderingMiniBosses:OtherGremlinHorn"},{"floor":23,"key":"Diplopia"},{"floor":26,"key":"AnarchistCookbook"}],"event_choices":[{"damage_healed":0.0,"max_hp_gain":0.0,"max_hp_loss":0.0,"gold_gain":0.0,"event_name":"Menagerie:MageAndMonster","player_choice":"Help the mage","floor":3.0,"gold_loss":0.0,"damage_taken":5.0,"cards_obtained":["Menagerie:Slaughter"]}],"is_beta":false,"boss_relics":[{"not_picked":["infinitespire:Cupcake","SacredBark"],"picked":"Tiny House"},{"not_picked":[]},{"not_picked":["Fusion Hammer","Velvet Choker"],"picked":"Coffee Dripper"},{"not_picked":[]}],"items_purged_floors":[27],"is_endless":false,"potions_floor_spawned":[6,11,14,18,30],"killed_by":"Nightmare","ascension_level":0}}