{"host":"1p8eqzpvl5sxeu5t","time":1608650534,"event":{"mods":["BaseMod","Bestiary","Block Reminder","Colored Map","Colored Powertips","Downfall","Highlight Path","Minty Spire (QoL Compilation)","Relic Stats","StSLib","The IronCluck","Waifu the Spire","everything is the same but u backflip on backflip","slay the spire mod where everything is the same but ironclad has a cowboy hat"],"gold_per_floor":[99,112,126,144,158,170,170,170,170,195,120,136,136,154,165,165,165,165],"floor_reached":16,"playtime":597,"items_purged":[],"score":110,"play_id":"0c9b2e48-758f-4f1b-a391-aeafcd4e178a","local_time":"20201222232214","is_ascension_mode":true,"campfire_choices":[{"data":"champ:Taunt","floor":1,"key":"SMITH"},{"floor":8,"key":"RECALL"},{"floor":11,"key":"REST"},{"data":"champ:BerserkersShout","floor":13,"key":"SMITH"}],"circlet_count":0,"master_deck":["champ:Strike","champ:Strike","champ:Strike","champ:Strike","champ:Defend","champ:Defend","champ:Defend","champ:Defend","champ:Execute","champ:Taunt+1","champ:Haymaker","champ:BerserkersShout+1","champ:BerserkersShout","champ:PerfectedStrike","champ:Lariat"],"relics":["Busted Crown","Sundial","Centennial Puzzle","Smiling Mask","downfall:HeartBlessingRed"],"acts_visited":["Exordium"],"potions_floor_usage":[15,16,16,16],"damage_taken":[{"damage":5,"enemies":"Cultist","floor":2,"turns":4},{"damage":17,"enemies":"Jaw Worm","floor":3,"turns":3},{"damage":13,"enemies":"2 Louse","floor":4,"turns":4},{"damage":19,"enemies":"Lots of Slimes","floor":5,"turns":4},{"damage":14,"enemies":"Blue Slaver","floor":6,"turns":4},{"damage":42,"enemies":"Large Slime","floor":12,"turns":6},{"damage":31,"enemies":"Lots of Slimes","floor":14,"turns":4},{"damage":9,"enemies":"Red Slaver","floor":15,"turns":2},{"damage":47,"enemies":"downfall:Ironclad","floor":16,"turns":6}],"seed_played":"-7170851233816339744","potions_obtained":[{"floor":4,"key":"EssenceOfSteel"},{"floor":5,"key":"Fruit Juice"},{"floor":6,"key":"LiquidBronze"},{"floor":15,"key":"PowerPotion"}],"is_trial":false,"path_per_floor":["R","M","M","M","M","M","T","R","?","T","R","M","R","M","M","B"],"character_chosen":"THE_CHAMP","items_purchased":[],"campfire_rested":1,"item_purchase_floors":[],"current_hp_per_floor":[90,90,78,78,69,69,69,69,36,36,63,53,53,37,33,0,0,0],"gold":165,"neow_bonus":"BOSS_RELIC","is_daily":false,"chose_seed":false,"campfire_upgraded":2,"win_rate":0.0,"timestamp":1608650534,"path_taken":["R","M","?","M","M","M","T","R","?","?","R","M","R","M","M","BOSS"],"items_purchased_type":[],"build_version":"2020-12-13","purchased_purges":0,"victory":false,"max_hp_per_floor":[90,90,90,90,90,90,90,90,90,90,90,90,90,90,95,95,95,95],"relic_stats":{"Centennial Puzzle":[12],"Busted Crown":16,"counters":[9,37],"Sundial":[2],"Smiling Mask":0,"obtain_stats":[{"Centennial Puzzle":9,"Busted Crown":0,"downfall:HeartBlessingRed":11,"Sundial":7,"champ:ChampionCrown":0,"Smiling Mask":10},{"Centennial Puzzle":5,"Busted Crown":0,"downfall:HeartBlessingRed":5,"Sundial":5,"champ:ChampionCrown":0,"Smiling Mask":5},{"Centennial Puzzle":19,"Busted Crown":0,"downfall:HeartBlessingRed":19,"Sundial":19,"champ:ChampionCrown":0,"Smiling Mask":19}]},"card_choices":[{"not_picked":[],"picked":"champ:Haymaker","floor":2},{"not_picked":[],"picked":"champ:BerserkersShout","floor":3},{"not_picked":["champ:CrookedStrike"],"picked":"SKIP","floor":4},{"not_picked":["champ:FightOn"],"picked":"SKIP","floor":5},{"not_picked":["champ:FightOn"],"picked":"SKIP","floor":5},{"not_picked":[],"picked":"champ:BerserkersShout","floor":6},{"not_picked":[],"picked":"champ:PerfectedStrike","floor":12},{"not_picked":[],"picked":"champ:Lariat","floor":14},{"not_picked":["champ:BerserkerStyle"],"picked":"SKIP","floor":15}],"player_experience":823471,"relics_obtained":[{"floor":7,"key":"Sundial"},{"floor":10,"key":"Smiling Mask"}],"event_choices":[{"damage_healed":0,"gold_gain":0,"player_choice":"Success","damage_taken":33,"relics_obtained":["Centennial Puzzle"],"max_hp_gain":0,"max_hp_loss":0,"event_name":"Scrap Ooze","floor":9,"gold_loss":0}],"is_beta":false,"boss_relics":[],"items_purged_floors":[],"is_endless":false,"potions_floor_spawned":[4,5,6,15],"killed_by":"downfall:Ironclad","ascension_level":3}}