{"host":"pijh7er38uumsf33","time":1608605410,"event":{"mods":["AchievementEnabler","Act Like it!","BaseMod","Clockwork Mod","Conspire","Data Control","Downfall","Infinite Spire","Minty Spire (QoL Compilation)","Quick Restart","Rare Cards Sparkle","Replay The Spire","StSLib","Uncapped"],"gold_per_floor":[99,115,128,143,0,19,19,37,53,53,73,102,102,4,24,122,172,22,42,53,65,80,80,80],"floor_reached":23,"playtime":3290,"items_purged":[],"score":249,"play_id":"a18ed6d4-3085-42c3-a1db-915e99c8844e","local_time":"20201222035010","is_ascension_mode":false,"campfire_choices":[{"floor":1.0,"key":"RECALL"},{"data":"Clockwork:Tinker","floor":10.0,"key":"SMITH"},{"data":"Clockwork:Improve","floor":13.0,"key":"SMITH"},{"data":"Clockwork:PerfectForm","floor":18.0,"key":"SMITH"}],"circlet_count":0,"master_deck":["Clockwork:Strike","Clockwork:Strike","Clockwork:Strike","Clockwork:Strike","Clockwork:Shield","Clockwork:Shield","Clockwork:Shield","Clockwork:Shield","Clockwork:Tinker+1","Clockwork:WarmUp","Clockwork:LogisticRegression+1","Clockwork:Improve+1","Clockwork:LogisticRegression","Clockwork:Pluck","Clockwork:DefectiveParts","Clockwork:ElasticNanites","Clockwork:Efficiency","Clockwork:ChargingBlade","Clockwork:CogShield","Clockwork:Enhance","Clockwork:DefectiveParts","Clockwork:PerfectForm+1","Clockwork:AssemblyLine","Clockwork:AdaptiveShield","Clockwork:ElasticNanites","Clockwork:SystemHardening"],"relics":["Clockwork:MomentumEngine","conspire:GiftBox","Ice Cream","Tiny House","downfall:HeartBlessingGreen","downfall:HeartBlessingBlue"],"acts_visited":["Exordium","TheCity"],"potions_floor_usage":[21,21,21],"damage_taken":[{"damage":27.0,"enemies":"infinitespire:Voidling","floor":2.0,"turns":9.0},{"damage":45.0,"enemies":"Cultist","floor":3.0,"turns":10.0},{"damage":12.0,"enemies":"Jaw Worm","floor":4.0,"turns":11.0},{"damage":5.0,"enemies":"downfall:FleeingMerchant","floor":5.0,"turns":4.0},{"damage":25.0,"enemies":"3 Louse","floor":6.0,"turns":7.0},{"damage":36.0,"enemies":"2 Fungi Beasts","floor":8.0,"turns":9.0},{"damage":9.0,"enemies":"Large Slime","floor":9.0,"turns":12.0},{"damage":12.0,"enemies":"3 Louse","floor":11.0,"turns":10.0},{"damage":19.0,"enemies":"Lagavulin","floor":12.0,"turns":10.0},{"damage":14.0,"enemies":"conspire:2 RoseBushes","floor":15.0,"turns":5.0},{"damage":121.0,"enemies":"downfall:Defect","floor":16.0,"turns":11.0},{"damage":26.0,"enemies":"3 Byrds","floor":19.0,"turns":10.0},{"damage":43.0,"enemies":"Chosen","floor":20.0,"turns":14.0},{"damage":30,"enemies":"Shelled Parasite and Fungi","floor":21,"turns":10},{"damage":18,"enemies":"Centurion and Healer","floor":22,"turns":11},{"damage":106,"enemies":"3 Cultists","floor":23,"turns":7}],"seed_played":"-1250689903089801545","potions_obtained":[{"floor":2.0,"key":"EntropicBrew"},{"floor":4.0,"key":"sneckomod:MuddlingPotion"},{"floor":16.0,"key":"Fruit Juice"},{"floor":20.0,"key":"Dexterity Potion"}],"is_trial":false,"path_per_floor":["R","M","M","M","$","M","T","M","M","R","M","E","R","$","M","B",null,"R","M","M","M","M","M"],"character_chosen":"CLOCKWORK","items_purchased":["conspire:GiftBox","Clockwork:ElasticNanites","Clockwork:Efficiency","Clockwork:PerfectForm"],"campfire_rested":0,"item_purchase_floors":[5,5,5,14],"current_hp_per_floor":[93,76,31,19,815,790,790,754,745,745,733,714,714,714,700,579,98,113,87,44,14,98,0,0],"gold":80,"neow_bonus":"TEN_PERCENT_HP_BONUS","is_daily":false,"chose_seed":false,"campfire_upgraded":3,"win_rate":0.0,"timestamp":1608605410,"path_taken":["R","M","M","M","$","?","T","M","M","R","M","E","R","$","M","BOSS","R","M","M","M","M","M"],"items_purchased_type":["Relic","Card","Card","Card"],"build_version":"2020-12-13","purchased_purges":0,"victory":false,"max_hp_per_floor":[93,93,93,93,93,93,93,93,93,93,93,93,93,93,93,93,98,113,113,113,113,113,113,113],"card_choices":[{"not_picked":["Clockwork:TimeOut","Clockwork:CraftVarja"],"picked":"Clockwork:LogisticRegression","floor":2.0},{"not_picked":["Clockwork:Redundancy","Clockwork:Minimalism"],"picked":"Clockwork:Improve","floor":3.0},{"not_picked":["Clockwork:SpringShield","Clockwork:InertialShield"],"picked":"Clockwork:LogisticRegression","floor":4.0},{"not_picked":["Clockwork:SystemScan","Clockwork:StasisBreak"],"picked":"Clockwork:Pluck","floor":5.0},{"not_picked":["Clockwork:Halt","Clockwork:UnlimitedCogworks"],"picked":"Clockwork:DefectiveParts","floor":5.0},{"not_picked":["Clockwork:SnapKeep","Clockwork:SystemScan","Clockwork:Clone"],"picked":"SKIP","floor":6.0},{"not_picked":["Clockwork:CogBarrier","Clockwork:KaliMa"],"picked":"Clockwork:ChargingBlade","floor":8.0},{"not_picked":["Clockwork:SnapKeep","Clockwork:SystemScan"],"picked":"Clockwork:CogShield","floor":9.0},{"not_picked":["Clockwork:Scour","Clockwork:Pluck"],"picked":"Clockwork:Enhance","floor":11.0},{"not_picked":["Clockwork:Pluck","Clockwork:ReserveSystems"],"picked":"Clockwork:DefectiveParts","floor":12.0},{"not_picked":["Clockwork:EnthusiasticStrike","Clockwork:Selectivity"],"picked":"Clockwork:AssemblyLine","floor":15.0},{"not_picked":["Clockwork:Friction","Clockwork:RampUp+1"],"picked":"Clockwork:AdaptiveShield","floor":19.0},{"not_picked":["Clockwork:MechanicalBulk","Clockwork:SystemHardening"],"picked":"Clockwork:ElasticNanites","floor":20.0},{"not_picked":["Clockwork:Pluck+1","Clockwork:HeadStart","Clockwork:CogToss"],"picked":"SKIP","floor":21},{"not_picked":["Clockwork:ChargingShield+1","Clockwork:MechanicalMass"],"picked":"Clockwork:SystemHardening","floor":22}],"player_experience":146086,"relics_obtained":[{"floor":12.0,"key":"Ice Cream"}],"event_choices":[],"is_beta":false,"boss_relics":[{"not_picked":["Replay:Drink Me","Runic Dome"],"picked":"Tiny House"}],"items_purged_floors":[],"is_endless":false,"potions_floor_spawned":[2,4,15,16,20],"killed_by":"3 Cultists","ascension_level":0}}