{"host":"gj32n68c553yo87c","time":1608666228,"event":{"mods":["BaseMod","Downfall","Minty Spire (QoL Compilation)","Replay The Spire","StSLib","The Servant 0.9.4"],"gold_per_floor":[109,40,53,53,63,89,89,89,89,39,39,39,79,79,79,79,79],"floor_reached":16,"playtime":633,"items_purged":[],"score":106,"play_id":"35af8094-7c77-40e3-aee6-2ef653840e9f","local_time":"20201222114348","is_ascension_mode":false,"campfire_choices":[{"floor":8,"key":"REST"},{"data":"KidneyShot","floor":12,"key":"SMITH"},{"floor":15,"key":"REST"}],"circlet_count":0,"master_deck":["Strike_S","Strike_S","Strike_S","Defend_S","Defend_S","Defend_S","Defend_S","KidneyShot+1","Exchange","Ricochet","GearUp+1","Rearm+1"],"relics":["Uniform","NeowsBlessing","Darkstone Periapt","Letter Opener","Golden Idol","PreservedInsect"],"acts_visited":["Exordium"],"potions_floor_usage":[16],"damage_taken":[{"damage":0,"enemies":"Cultist","floor":1,"turns":1},{"damage":0,"enemies":"2 Louse","floor":3,"turns":1},{"damage":0,"enemies":"Jaw Worm","floor":5,"turns":1},{"damage":25,"enemies":"Lagavulin","floor":6,"turns":13},{"damage":25,"enemies":"Gremlin Nob","floor":13,"turns":5},{"damage":63,"enemies":"Fading Forest","floor":16,"turns":10}],"seed_played":"-1837621429811528842","potions_obtained":[{"floor":3,"key":"Energy Potion"},{"floor":5,"key":"Venom Potion"},{"floor":13,"key":"EssenceOfSteel"}],"is_trial":false,"path_per_floor":["M","$","M","?","M","E","$","R","T","?","?","R","E","?","R","B"],"character_chosen":"THE_SERVANT","items_purchased":["GearUp"],"campfire_rested":2,"item_purchase_floors":[2],"current_hp_per_floor":[65,65,65,65,65,40,40,59,59,59,59,59,34,34,52,0,0],"gold":79,"neow_bonus":"THREE_ENEMY_KILL","is_daily":false,"chose_seed":false,"campfire_upgraded":1,"win_rate":0.0,"timestamp":1608666228,"path_taken":["M","?","M","?","?","E","?","R","T","?","?","R","E","?","R","BOSS"],"items_purchased_type":["Card"],"build_version":"2020-12-13","purchased_purges":0,"victory":false,"max_hp_per_floor":[65,65,65,65,65,65,65,65,65,65,60,60,60,60,60,60,60],"card_choices":[{"not_picked":["Revamp","Rewind"],"picked":"Ricochet","floor":1},{"not_picked":["Rearm","Ricochet","Sabotage"],"picked":"SKIP","floor":3},{"not_picked":["MurderousAura","FanOfKnives","ShatteredReality"],"picked":"SKIP","floor":5},{"not_picked":["Comet","Shuttle","Alleviate"],"picked":"SKIP","floor":6},{"not_picked":["Read","FastForward"],"picked":"Rearm","floor":13}],"player_experience":37540,"relics_obtained":[{"floor":6,"key":"Darkstone Periapt"},{"floor":9,"key":"Letter Opener"},{"floor":13,"key":"PreservedInsect"}],"event_choices":[{"damage_healed":0,"gold_gain":0,"player_choice":"Upgraded","damage_taken":0,"max_hp_gain":0,"max_hp_loss":0,"event_name":"Upgrade Shrine","floor":4,"gold_loss":0,"cards_upgraded":["GearUp"]},{"cards_removed":["Strike_S"],"damage_healed":0,"gold_gain":0,"player_choice":"Card Removal","damage_taken":0,"max_hp_gain":0,"max_hp_loss":0,"event_name":"The Cleric","floor":10,"gold_loss":50},{"damage_healed":0,"gold_gain":0,"player_choice":"Lose Max HP","damage_taken":0,"relics_obtained":["Golden Idol"],"max_hp_gain":0,"max_hp_loss":5,"event_name":"Golden Idol","floor":11,"gold_loss":0},{"damage_healed":0,"gold_gain":0,"player_choice":"Forge","damage_taken":0,"max_hp_gain":0,"max_hp_loss":0,"event_name":"Accursed Blacksmith","floor":14,"gold_loss":0,"cards_upgraded":["Rearm"]}],"is_beta":false,"boss_relics":[],"items_purged_floors":[],"is_endless":false,"potions_floor_spawned":[3,5,13],"killed_by":"Fading Forest","ascension_level":0}}