{"host":"baymyijz6sxaqj5s","time":1608627225,"event":{"mods":["AchievementEnabler","BaseMod","Colored Map","Colored Powertips","DeckTracker","KOR Keyword Fix","Keyboard Shortcuts","Minty Spire (QoL Compilation)","Quick Restart","StSLib","SuperFastMode"],"gold_per_floor":[112,124,124,134,148,148,166,186,236,186,186,199,210,210,210,308,308,298,124,143,143,154,154,184,184,184,99,119,119,119],"floor_reached":29,"playtime":756,"items_purged":[],"score":244,"play_id":"d0b796d5-28ec-4478-9a1c-6ac2ce74214d","local_time":"20201222175345","is_ascension_mode":false,"campfire_choices":[{"data":"Body Slam","floor":6,"key":"SMITH"},{"data":"Inflame","floor":11,"key":"SMITH"},{"data":"Ghostly Armor","floor":15,"key":"SMITH"},{"floor":23,"key":"REST"},{"floor":25,"key":"REST"}],"circlet_count":0,"master_deck":["Strike_R","Strike_R","Strike_R","Strike_R","Defend_R","Defend_R","Defend_R","Defend_R","Bash","Body Slam+1","Headbutt","Inflame+1","Ghostly Armor+1","Cleave","Demon Form","Shrug It Off","Shrug It Off","Twin Strike","Entrench+1"],"relics":["Black Blood","Boot","Red Mask","Pen Nib","Shuriken"],"acts_visited":["Exordium","TheCity"],"potions_floor_usage":[16,16,18,20,22,22,24],"damage_taken":[{"damage":2,"enemies":"2 Louse","floor":1,"turns":4},{"damage":14,"enemies":"Jaw Worm","floor":2,"turns":5},{"damage":1,"enemies":"Cultist","floor":4,"turns":4},{"damage":13,"enemies":"Exordium Wildlife","floor":5,"turns":8},{"damage":0,"enemies":"Large Slime","floor":7,"turns":3},{"damage":10,"enemies":"Looter","floor":8,"turns":3},{"damage":7,"enemies":"2 Fungi Beasts","floor":12,"turns":4},{"damage":13,"enemies":"Large Slime","floor":13,"turns":6},{"damage":33,"enemies":"The Guardian","floor":16,"turns":10},{"damage":18,"enemies":"2 Thieves","floor":18,"turns":4},{"damage":29,"enemies":"Chosen","floor":20,"turns":6},{"damage":57,"enemies":"3 Cultists","floor":22,"turns":6},{"damage":81,"enemies":"Masked Bandits","floor":24,"turns":6},{"damage":51,"enemies":"Snecko","floor":28,"turns":7},{"damage":20,"enemies":"Centurion and Healer","floor":29,"turns":4}],"seed_played":"-7237949708739785871","potions_obtained":[{"floor":1,"key":"BloodPotion"},{"floor":8,"key":"Block Potion"},{"floor":13,"key":"EssenceOfSteel"},{"floor":16,"key":"Block Potion"},{"floor":22,"key":"BloodPotion"}],"is_trial":false,"path_per_floor":["M","M","?","M","M","R","M","M","T","?","R","M","M","?","R","B",null,"M","$","M","?","M","R","?","R","T","?","M","M"],"character_chosen":"IRONCLAD","items_purchased":["Regen Potion","Fruit Juice"],"campfire_rested":2,"item_purchase_floors":[19,19],"current_hp_per_floor":[88,80,85,90,83,83,89,85,85,85,85,84,77,93,93,66,93,87,87,75,55,45,75,26,56,56,56,17,0,0],"gold":119,"neow_bonus":"TEN_PERCENT_HP_BONUS","is_daily":false,"chose_seed":false,"campfire_upgraded":3,"win_rate":0.0,"timestamp":1608627225,"path_taken":["M","M","?","M","M","R","M","M","T","?","R","M","M","?","R","BOSS","M","$","M","?","M","R","?","R","T","?","M","M"],"items_purchased_type":["Potion","Potion"],"build_version":"2020-12-13","purchased_purges":0,"victory":false,"max_hp_per_floor":[88,88,93,93,93,93,93,93,93,93,93,93,93,93,93,93,93,93,93,98,103,103,103,103,103,103,103,103,103,103],"card_choices":[{"not_picked":["Searing Blow","Pommel Strike"],"picked":"Body Slam","floor":1},{"not_picked":["Iron Wave","Intimidate","Anger"],"picked":"SKIP","floor":2},{"not_picked":["Wild Strike","Iron Wave"],"picked":"Headbutt","floor":4},{"not_picked":["Clash","Iron Wave"],"picked":"Inflame","floor":5},{"not_picked":["Flex","Iron Wave","Pummel"],"picked":"SKIP","floor":7},{"not_picked":["Havoc","Clash"],"picked":"Ghostly Armor","floor":8},{"not_picked":["Sword Boomerang","Body Slam"],"picked":"Cleave","floor":12},{"not_picked":["Perfected Strike","Warcry","Body Slam"],"picked":"SKIP","floor":13},{"not_picked":["Double Tap","Brutality"],"picked":"Demon Form","floor":16},{"not_picked":["Twin Strike+1","Sword Boomerang"],"picked":"Shrug It Off","floor":18},{"not_picked":["Cleave","True Grit"],"picked":"Shrug It Off","floor":20},{"not_picked":["Dark Embrace","Warcry"],"picked":"Twin Strike","floor":22},{"not_picked":["Second Wind","Whirlwind"],"picked":"Entrench+1","floor":28}],"player_experience":174224,"relics_obtained":[{"floor":9,"key":"Boot"},{"floor":24,"key":"Red Mask"},{"floor":26,"key":"Pen Nib"}],"event_choices":[{"damage_healed":0,"gold_gain":0,"player_choice":"Donut","damage_taken":0,"max_hp_gain":5,"max_hp_loss":0,"event_name":"Big Fish","floor":3,"gold_loss":0},{"cards_removed":["Strike_R"],"damage_healed":0,"gold_gain":0,"player_choice":"Card Removal","damage_taken":0,"max_hp_gain":0,"max_hp_loss":0,"event_name":"The Cleric","floor":10,"gold_loss":50},{"damage_healed":16,"gold_gain":0,"player_choice":"Full Heal","damage_taken":0,"max_hp_gain":0,"max_hp_loss":0,"event_name":"Wheel of Change","floor":14,"gold_loss":0},{"damage_healed":0,"gold_gain":0,"player_choice":"Shed Blood","damage_taken":25,"max_hp_gain":5,"max_hp_loss":0,"event_name":"Forgotten Altar","floor":21,"gold_loss":0},{"damage_healed":0,"gold_gain":0,"player_choice":"Fought Bandits","damage_taken":0,"max_hp_gain":0,"max_hp_loss":0,"event_name":"Masked Bandits","floor":24,"gold_loss":0},{"damage_healed":0,"gold_gain":0,"player_choice":"Obtained Relic","damage_taken":0,"relics_obtained":["Shuriken"],"max_hp_gain":0,"max_hp_loss":0,"event_name":"Addict","floor":27,"gold_loss":85}],"is_beta":false,"boss_relics":[{"not_picked":["Empty Cage","SlaversCollar"],"picked":"Black Blood"}],"items_purged_floors":[],"is_endless":false,"potions_floor_spawned":[1,8,13,16,22],"killed_by":"Centurion and Healer","ascension_level":0}}