{"host":"zxkjcgzis4pm3za5","time":1608612105,"event":{"mods":["AchievementEnabler","BaseMod","Colored Map","Colored Powertips","Minty Spire (QoL Compilation)","Quick Restart","RNG Fix","Random Character Button","StSLib"],"gold_per_floor":[119,119,134,59,59,59,84,94,176,205,205,217,232,244,244,244,244],"floor_reached":16,"playtime":426,"items_purged":["Regret"],"score":199,"play_id":"12f82311-2d3d-4643-90bf-038f266cd6d3","local_time":"20201222101145","is_ascension_mode":true,"campfire_choices":[{"data":"Riddle With Holes","floor":6,"key":"SMITH"},{"data":"Cloak And Dagger","floor":11,"key":"SMITH"},{"data":"Finisher","floor":15,"key":"SMITH"}],"circlet_count":0,"master_deck":["Strike_G","Strike_G","Strike_G","Strike_G","Strike_G","Defend_G","Defend_G","Defend_G","Defend_G","Defend_G","Survivor","Neutralize","Riddle With Holes+1","Leg Sweep","Cloak And Dagger+1","After Image","Finisher+1","Slice"],"relics":["Ring of the Snake","NeowsBlessing","Ancient Tea Set","StrikeDummy","Oddly Smooth Stone"],"acts_visited":["Exordium"],"potions_floor_usage":[16],"damage_taken":[{"damage":0,"enemies":"2 Louse","floor":1,"turns":1},{"damage":0,"enemies":"Jaw Worm","floor":3,"turns":1},{"damage":0,"enemies":"Lagavulin","floor":7,"turns":1},{"damage":0,"enemies":"Cultist","floor":8,"turns":2},{"damage":20,"enemies":"3 Sentries","floor":10,"turns":12},{"damage":8,"enemies":"Lots of Slimes","floor":12,"turns":5},{"damage":7,"enemies":"Red Slaver","floor":13,"turns":5},{"damage":6,"enemies":"2 Fungi Beasts","floor":14,"turns":3},{"damage":22,"enemies":"Hexaghost","floor":16,"turns":9}],"seed_played":"-2291503292196929374","potions_obtained":[{"floor":3,"key":"Fruit Juice"},{"floor":7,"key":"ColorlessPotion"},{"floor":12,"key":"DuplicationPotion"}],"is_trial":false,"path_per_floor":["M","?","M","$","?","R","E","M","T","E","R","M","M","M","R","B"],"character_chosen":"THE_SILENT","items_purchased":[],"campfire_rested":0,"item_purchase_floors":[],"current_hp_per_floor":[63,63,63,63,63,63,63,63,63,43,43,35,28,22,22,0,0],"gold":244,"neow_bonus":"THREE_ENEMY_KILL","is_daily":false,"chose_seed":false,"campfire_upgraded":3,"win_rate":0.0,"timestamp":1608612105,"path_taken":["M","?","M","$","?","R","E","M","T","E","R","M","M","M","R","BOSS"],"items_purchased_type":[],"build_version":"2020-12-13","purchased_purges":1,"victory":false,"max_hp_per_floor":[70,70,70,70,70,70,70,70,70,70,70,70,70,70,70,70,70],"card_choices":[{"not_picked":["Acrobatics","Outmaneuver"],"picked":"Riddle With Holes","floor":1},{"not_picked":["Flying Knee","Quick Slash"],"picked":"Leg Sweep","floor":3},{"not_picked":["Bane","Underhanded Strike","Bouncing Flask"],"picked":"SKIP","floor":7},{"not_picked":["Sucker Punch","Concentrate"],"picked":"Cloak And Dagger","floor":8},{"not_picked":["Deadly Poison","Sucker Punch","Bane"],"picked":"SKIP","floor":10},{"not_picked":["Cloak And Dagger","Noxious Fumes"],"picked":"After Image","floor":12},{"not_picked":["Acrobatics","Concentrate"],"picked":"Finisher","floor":13},{"not_picked":["Deadly Poison","Dodge and Roll"],"picked":"Slice","floor":14}],"player_experience":127988,"relics_obtained":[{"floor":7,"key":"StrikeDummy"},{"floor":10,"key":"Oddly Smooth Stone"}],"event_choices":[{"damage_healed":0,"gold_gain":0,"player_choice":"Box","damage_taken":0,"relics_obtained":["Ancient Tea Set"],"max_hp_gain":0,"max_hp_loss":0,"event_name":"Big Fish","floor":2,"gold_loss":0,"cards_obtained":["Regret"]},{"damage_healed":0,"gold_gain":0,"player_choice":"Ignored","damage_taken":0,"max_hp_gain":0,"max_hp_loss":0,"event_name":"Liars Game","floor":5,"gold_loss":0}],"is_beta":false,"boss_relics":[],"items_purged_floors":[4],"is_endless":false,"potions_floor_spawned":[3,7,12],"killed_by":"Hexaghost","ascension_level":9}}