{"host":"iy58fyt9wsbv4cf1","time":1608656373,"event":{"mods":["BaseMod","Better Altar","Better Match","Better Skull","Better Third Choice","BetterRewards","Conspire","Custom Start","Defuse TimeMaze Blight","Hubris","Infinite Spire","Minty Spire (QoL Compilation)","Permanent Neow","Quick Restart","Spicy Shops","StSLib"],"gold_per_floor":[62,79,79,93,112,112,122,156,181,181,111,36,36,49,49,49,49],"floor_reached":16,"playtime":379,"items_purged":["Strike_G"],"score":102,"play_id":"beeebca3-2613-4d50-b61b-cc1055ab7437","local_time":"20201222115933","is_ascension_mode":false,"campfire_choices":[{"data":"Underhanded Strike","floor":6.0,"key":"SMITH"},{"data":"Acrobatics","floor":10,"key":"SMITH"},{"floor":13,"key":"REST"},{"data":"Acrobatics","floor":15,"key":"SMITH"}],"circlet_count":0,"master_deck":["Strike_G","Strike_G","Strike_G","Defend_G","Defend_G","Defend_G","Defend_G","Defend_G","Survivor","Neutralize","Underhanded Strike+1","Expertise","Backstab","Acrobatics+1","Die Die Die","Corpse Explosion","Dagger Throw","Acrobatics+1"],"relics":["Ring of the Snake","infinitespire:Beetle Shell","Blue Candle"],"acts_visited":["Exordium"],"potions_floor_usage":[8,8,16],"damage_taken":[{"damage":0.0,"enemies":"Small Slimes","floor":1.0,"turns":1.0},{"damage":0.0,"enemies":"Cultist","floor":2.0,"turns":2.0},{"damage":0.0,"enemies":"2 Louse","floor":4.0,"turns":1.0},{"damage":0.0,"enemies":"Red Slaver","floor":5.0,"turns":1.0},{"damage":1,"enemies":"3 Louse","floor":7,"turns":2},{"damage":14,"enemies":"Lagavulin","floor":8,"turns":6},{"damage":0,"enemies":"Blue Slaver","floor":14,"turns":2},{"damage":0,"enemies":"The Guardian","floor":16,"turns":2}],"seed_played":"-4825141435198080910","potions_obtained":[{"floor":4.0,"key":"SteroidPotion"},{"floor":5.0,"key":"Fire Potion"},{"floor":8,"key":"DuplicationPotion"}],"is_trial":false,"path_per_floor":["M","M","?","M","M","R","M","E","T","R","?","$","R","M","R","B"],"character_chosen":"THE_SILENT","items_purchased":["Underhanded Strike","Expertise","Backstab","Acrobatics","Die Die Die","Corpse Explosion"],"campfire_rested":1,"item_purchase_floors":[0,0,0,0,0,0],"current_hp_per_floor":[38,38,38,38,38,38,37,23,23,23,23,23,44,44,44,44,44],"gold":49,"neow_bonus":"","is_daily":false,"chose_seed":false,"campfire_upgraded":3,"win_rate":0.0,"timestamp":1608656373,"path_taken":["M","M","?","M","M","R","?","E","T","R","?","$","R","?","R","BOSS"],"items_purchased_type":["Card","Card","Card","Card","Card","Card"],"build_version":"2020-12-13","purchased_purges":1,"victory":false,"max_hp_per_floor":[70,70,70,70,70,70,70,70,70,70,70,70,70,70,70,70,70],"card_choices":[{"not_picked":["Deflect","hubris:Counter","Flying Knee"],"picked":"SKIP","floor":1.0},{"not_picked":["Caltrops","Prepared","Well Laid Plans"],"picked":"SKIP","floor":2.0},{"not_picked":["Dodge and Roll","Cloak And Dagger","Flying Knee"],"picked":"SKIP","floor":4.0},{"not_picked":["Expertise","Dash"],"picked":"Dagger Throw","floor":5.0},{"not_picked":["Riddle With Holes","Grand Finale","Masterful Stab"],"picked":"SKIP","floor":7},{"not_picked":["Cloak And Dagger","hubris:Sniper"],"picked":"Acrobatics","floor":8},{"not_picked":["Bouncing Flask","Quick Slash","Dagger Throw"],"picked":"SKIP","floor":14}],"player_experience":30805,"relics_obtained":[{"floor":8,"key":"infinitespire:Beetle Shell"}],"event_choices":[{"cards_removed":["Strike_G"],"damage_healed":0.0,"max_hp_gain":0.0,"max_hp_loss":0.0,"gold_gain":0.0,"event_name":"Purifier","player_choice":"Purged","floor":3.0,"gold_loss":0.0,"damage_taken":0.0},{"damage_healed":0,"gold_gain":0,"player_choice":"Paid Gold","damage_taken":0,"relics_obtained":["Blue Candle"],"max_hp_gain":0,"max_hp_loss":0,"event_name":"WeMeetAgain","floor":11,"gold_loss":70}],"is_beta":false,"boss_relics":[],"items_purged_floors":[12],"is_endless":false,"potions_floor_spawned":[4,5,8],"killed_by":"The Guardian","ascension_level":0}}