{"host":"i09pxcjttd31eh4q","time":1608640132,"event":{"mods":["AchievementEnabler","BaseMod","Colored Map","Keyboard Shortcuts","Minty Spire (QoL Compilation)","StSLib","SuperFastMode"],"gold_per_floor":[118,118,118,133,133,133,158,158,158,158,174,186,197,214,214,313,313,327,340,255,270,149,149,149,166,166,182,107,123,23,41,41,41,41],"floor_reached":33,"playtime":563,"items_purged":["Strike_B","Strike_B"],"score":350,"play_id":"452f7bac-6c39-4dbe-9f6c-6e102e0b8e80","local_time":"20201222212852","is_ascension_mode":false,"campfire_choices":[{"data":"Barrage","floor":6,"key":"SMITH"},{"data":"Zap","floor":8,"key":"SMITH"},{"data":"Dualcast","floor":10,"key":"SMITH"},{"data":"Rainbow","floor":15,"key":"SMITH"},{"data":"Redo","floor":23,"key":"SMITH"},{"data":"Double Energy","floor":32,"key":"SMITH"}],"circlet_count":0,"master_deck":["Strike_B","Defend_B","Defend_B","Defend_B","Defend_B","Zap+1","Dualcast+1","Barrage+1","Ball Lightning","Lockon","Rainbow+1","Meteor Strike","Coolheaded+1","Glacier","Redo+1","Redo","Double Energy+1","Melter"],"relics":["Cracked Core","NeowsBlessing","WarpedTongs","Spirit Poop","TungstenRod","Matryoshka","Cursed Key","Pear","Bird Faced Urn","Bottled Lightning"],"acts_visited":["Exordium","TheCity"],"potions_floor_usage":[16,19,33,33],"damage_taken":[{"damage":0,"enemies":"Cultist","floor":1,"turns":1},{"damage":1,"enemies":"Small Slimes","floor":4,"turns":1},{"damage":0,"enemies":"Lagavulin","floor":7,"turns":1},{"damage":2,"enemies":"2 Louse","floor":11,"turns":2},{"damage":7,"enemies":"Lots of Slimes","floor":12,"turns":3},{"damage":0,"enemies":"2 Fungi Beasts","floor":13,"turns":3},{"damage":0,"enemies":"Large Slime","floor":14,"turns":3},{"damage":0,"enemies":"Slime Boss","floor":16,"turns":3},{"damage":0,"enemies":"Chosen","floor":18,"turns":3},{"damage":1,"enemies":"3 Byrds","floor":19,"turns":4},{"damage":6,"enemies":"Centurion and Healer","floor":21,"turns":5},{"damage":6,"enemies":"Chosen and Byrds","floor":25,"turns":4},{"damage":4,"enemies":"Shelled Parasite and Fungi","floor":27,"turns":4},{"damage":1,"enemies":"3 Cultists","floor":29,"turns":5},{"damage":0,"enemies":"Sentry and Sphere","floor":31,"turns":4},{"damage":73,"enemies":"Collector","floor":33,"turns":14}],"seed_played":"3567229439612935682","potions_obtained":[{"floor":1,"key":"FocusPotion"},{"floor":13,"key":"Dexterity Potion"},{"floor":14,"key":"Fire Potion"},{"floor":19,"key":"Fruit Juice"},{"floor":27,"key":"Swift Potion"}],"is_trial":false,"path_per_floor":["M","?","?","M","?","R","E","R","T","R","M","M","M","M","R","B",null,"M","M","?","M","$","R","?","M","T","M","?","M","$","M","R","B"],"character_chosen":"DEFECT","items_purchased":["Redo"],"campfire_rested":0,"item_purchase_floors":[22],"current_hp_per_floor":[75,68,68,67,67,67,67,67,67,67,65,58,58,58,58,58,75,75,79,89,83,83,83,83,77,77,73,73,72,72,72,72,0,0],"gold":41,"neow_bonus":"THREE_ENEMY_KILL","is_daily":false,"chose_seed":false,"campfire_upgraded":6,"win_rate":0.0,"timestamp":1608640132,"path_taken":["M","?","?","?","?","R","E","R","T","R","M","M","M","M","R","BOSS","M","M","?","M","$","R","?","?","T","M","?","M","$","M","R","BOSS"],"items_purchased_type":["Card"],"build_version":"2020-12-13","purchased_purges":2,"victory":false,"max_hp_per_floor":[75,75,75,75,75,75,75,75,75,75,75,75,75,75,75,75,75,75,80,90,90,90,90,90,90,90,90,90,90,90,90,90,90,90],"card_choices":[{"not_picked":["Tempest","Steam Power","Rebound"],"picked":"SKIP","floor":1},{"not_picked":["Turbo","Sweeping Beam"],"picked":"Barrage","floor":4},{"not_picked":["Compile Driver","Stack"],"picked":"Ball Lightning","floor":7},{"not_picked":["Storm","Ball Lightning"],"picked":"Lockon","floor":11},{"not_picked":["Stack","Gash","Hello World"],"picked":"SKIP","floor":12},{"not_picked":["Scrape","Barrage"],"picked":"Rainbow","floor":13},{"not_picked":["Beam Cell","White Noise","Hello World"],"picked":"SKIP","floor":14},{"not_picked":["Buffer","Hyperbeam"],"picked":"Meteor Strike","floor":16},{"not_picked":["Chill","Compile Driver"],"picked":"Coolheaded","floor":18},{"not_picked":["Steam","Rebound","Barrage"],"picked":"SKIP","floor":19},{"not_picked":["Auto Shields","Sunder"],"picked":"Glacier","floor":21},{"not_picked":["Heatsinks","Steam+1"],"picked":"Redo","floor":25},{"not_picked":["Conserve Battery","Loop","BootSequence"],"picked":"SKIP","floor":27},{"not_picked":["Turbo","Creative AI"],"picked":"Double Energy","floor":29},{"not_picked":["Melter","Steam+1","Cold Snap+1"],"picked":"SKIP","floor":31},{"not_picked":["Steam+1","Cold Snap+1"],"picked":"Melter","floor":31}],"player_experience":759581,"relics_obtained":[{"floor":7,"key":"TungstenRod"},{"floor":9,"key":"Matryoshka"},{"floor":26,"key":"Bird Faced Urn"},{"floor":26,"key":"Bottled Lightning"}],"event_choices":[{"cards_removed":["Strike_B"],"damage_healed":0,"gold_gain":0,"player_choice":"Card Removal","damage_taken":7,"max_hp_gain":0,"max_hp_loss":0,"event_name":"Golden Wing","floor":2,"gold_loss":0},{"damage_healed":0,"gold_gain":0,"player_choice":"Rummage","damage_taken":0,"relics_obtained":["WarpedTongs"],"max_hp_gain":0,"max_hp_loss":0,"event_name":"Accursed Blacksmith","floor":3,"gold_loss":0,"cards_obtained":["Pain"]},{"cards_removed":["Pain"],"damage_healed":0,"gold_gain":0,"player_choice":"Offered Curse","damage_taken":0,"relics_obtained":["Spirit Poop"],"max_hp_gain":0,"max_hp_loss":0,"event_name":"Bonfire Elementals","floor":5,"gold_loss":0},{"damage_healed":0,"gold_gain":0,"player_choice":"Obtained Relic","damage_taken":0,"relics_obtained":["Pear"],"max_hp_gain":0,"max_hp_loss":0,"event_name":"Addict","floor":20,"gold_loss":85},{"damage_healed":0,"gold_gain":0,"player_choice":"Upgraded","damage_taken":0,"max_hp_gain":0,"max_hp_loss":0,"event_name":"Upgrade Shrine","floor":24,"gold_loss":0,"cards_upgraded":["Coolheaded"]},{"cards_removed":["Writhe"],"damage_healed":0,"gold_gain":0,"player_choice":"Gave Gold","damage_taken":0,"max_hp_gain":0,"max_hp_loss":0,"event_name":"Beggar","floor":28,"gold_loss":75}],"is_beta":false,"boss_relics":[{"not_picked":["Ectoplasm","Fusion Hammer"],"picked":"Cursed Key"}],"items_purged_floors":[22,30],"is_endless":false,"potions_floor_spawned":[1,13,14,19,27],"killed_by":"Collector","ascension_level":0}}