{"host":"h0xw20cia6ppa69g","time":1608630598,"event":{"mods":["AchievementEnabler","BaseMod","Colored Map","Filter the Spire","Googly Eyes","Minty Spire (QoL Compilation)","Relic Stats","StSLib","The Awakened One except there are too many feathers","everything is the same but u backflip on backflip"],"gold_per_floor":[119,119,133,208,208,244,244,278,304,383,383,18,58,74,74,206,206,228,228,250,273,295,331,331,375,400,443,443,462,462,494,503,637,637,662,680,704,713,102,102,121,166,166,216,235,258,60,76,76,76,76,85,4,44,44],"floor_reached":56,"playtime":3242,"items_purged":["SignatureMove"],"score":1566,"play_id":"405a856c-6eaa-4a0c-9749-252cb30418a9","local_time":"20201222034958","is_ascension_mode":true,"campfire_choices":[{"data":"ForeignInfluence","floor":7.0,"key":"SMITH"},{"floor":11.0,"key":"REST"},{"data":"Devotion","floor":15.0,"key":"SMITH"},{"floor":24.0,"key":"REST"},{"floor":28.0,"key":"RECALL"},{"floor":32.0,"key":"REST"},{"data":"Trip","floor":40,"key":"SMITH"},{"data":"Prostrate","floor":49,"key":"SMITH"},{"floor":52,"key":"REST"}],"circlet_count":0,"master_deck":["Eruption+1","Vigilance+1","EmptyBody+1","WaveOfTheHand+1","LessonLearned+1","Crescendo+1","Brilliance+1","Devotion+1","FlurryOfBlows+1","ForeignInfluence+1","Brilliance+1","FearNoEvil+1","Scrawl+1","Halt+1","DeusExMachina+1","EmptyMind+1","WreathOfFlame+1","Sanctity+1","InnerPeace+1","MentalFortress+1","Protect+1","Wireheading+1","Ragnarok+1","Conclude+1","Trip+1","Adaptation+1","EmptyBody+1","Vault+1","MentalFortress+1","WheelKick+1","Indignation+1","Prostrate+1","Tantrum+1","Meditate+1","ReachHeaven+1"],"relics":["Pandora\u0027s Box","Golden Idol","War Paint","Singing Bowl","CeramicFish","Omamori","Dream Catcher","SlaversCollar","Necronomicon","Bottled Tornado","Pen Nib","Akabeko","Pantograph","VioletLotus","ClockworkSouvenir","PreservedInsect","Shuriken","Letter Opener","Gremlin Horn","Question Card","Oddly Smooth Stone","OrangePellets","Pocketwatch"],"acts_visited":["Exordium","TheCity","TheBeyond","TheEnding"],"potions_floor_usage":[42,42,55,55,55],"damage_taken":[{"damage":0.0,"enemies":"Small Slimes","floor":1.0,"turns":3.0},{"damage":0.0,"enemies":"Cultist","floor":3.0,"turns":3.0},{"damage":8.0,"enemies":"Gremlin Nob","floor":6.0,"turns":4.0},{"damage":12.0,"enemies":"3 Sentries","floor":8.0,"turns":5.0},{"damage":0.0,"enemies":"Gremlin Nob","floor":10.0,"turns":2.0},{"damage":21.0,"enemies":"Gremlin Nob","floor":13.0,"turns":3.0},{"damage":0.0,"enemies":"2 Louse","floor":14.0,"turns":2.0},{"damage":0.0,"enemies":"Hexaghost","floor":16.0,"turns":6.0},{"damage":10.0,"enemies":"Spheric Guardian","floor":18.0,"turns":3.0},{"damage":10.0,"enemies":"3 Byrds","floor":20.0,"turns":3.0},{"damage":8.0,"enemies":"Snake Plant","floor":21.0,"turns":2.0},{"damage":0.0,"enemies":"Shelled Parasite and Fungi","floor":22.0,"turns":1.0},{"damage":8.0,"enemies":"Book of Stabbing","floor":23.0,"turns":5.0},{"damage":8.0,"enemies":"Gremlin Leader","floor":25.0,"turns":5.0},{"damage":0.0,"enemies":"Book of Stabbing","floor":27.0,"turns":3.0},{"damage":0.0,"enemies":"3 Cultists","floor":29.0,"turns":4.0},{"damage":0.0,"enemies":"Snake Plant","floor":31.0,"turns":3.0},{"damage":0.0,"enemies":"Automaton","floor":33.0,"turns":5.0},{"damage":7,"enemies":"3 Shapes","floor":35,"turns":5},{"damage":6,"enemies":"3 Darklings","floor":37,"turns":5},{"damage":0,"enemies":"Transient","floor":41,"turns":4},{"damage":1,"enemies":"Giant Head","floor":42,"turns":3},{"damage":0,"enemies":"Nemesis","floor":44,"turns":3},{"damage":0,"enemies":"Writhing Mass","floor":45,"turns":6},{"damage":0,"enemies":"Sphere and 2 Shapes","floor":48,"turns":4},{"damage":5,"enemies":"Awakened One","floor":50,"turns":9},{"damage":0,"enemies":"Shield and Spear","floor":54,"turns":2},{"damage":28,"enemies":"The Heart","floor":55,"turns":8}],"seed_played":"-3755823665996456613","potions_obtained":[{"floor":1.0,"key":"ColorlessPotion"},{"floor":3.0,"key":"Strength Potion"},{"floor":14.0,"key":"ColorlessPotion"},{"floor":21.0,"key":"Block Potion"},{"floor":22.0,"key":"SkillPotion"},{"floor":33.0,"key":"DistilledChaos"},{"floor":42,"key":"ColorlessPotion"}],"is_trial":false,"path_per_floor":["M","?","M","?","?","E","R","E","T","?","R","$","E","M","R","B",null,"M","?","M","M","M","E","R","E","T","E","R","M","?","M","R","B",null,"M","?","M","?","$","R","M","E","T","E","M","T","$","M","R","B",null,"R","$","E","B",null],"character_chosen":"WATCHER","items_purchased":["Omamori","Scrawl","ClockworkSouvenir","MentalFortress","PreservedInsect","Shuriken","OrangePellets","Prostrate","Meditate","SteroidPotion"],"campfire_rested":4,"item_purchase_floors":[12,12,39,39,39,39,47,47,53,53],"current_hp_per_floor":[72,72,72,61,43,35,35,23,23,23,44,44,23,25,25,25,74,64,48,38,30,30,24,48,42,42,42,42,44,44,44,68,82,82,75,75,69,69,69,69,71,70,70,70,72,72,72,74,74,83,88,88,88,88,60],"gold":44,"neow_bonus":"BOSS_RELIC","is_daily":false,"chose_seed":false,"campfire_upgraded":4,"win_rate":0.0,"timestamp":1608630598,"path_taken":["M","?","?","?","?","E","R","E","T","?","R","$","E","?","R","BOSS","M","?","M","M","M","E","R","E","T","E","R","M","?","M","R","BOSS","M","?","?","?","$","R","?","E","T","E","M","?","?","M","R","BOSS","R","$","E","BOSS"],"items_purchased_type":["Relic","Card","Relic","Card","Relic","Relic","Relic","Card","Card","Potion"],"build_version":"2020-12-13","purchased_purges":1,"victory":true,"max_hp_per_floor":[72,72,72,72,72,72,72,72,72,72,72,72,72,74,74,74,74,74,74,74,74,74,76,78,80,80,80,80,82,82,82,82,82,82,82,82,82,82,82,82,84,84,84,84,86,86,86,88,88,88,88,88,88,88,88],"relic_stats":{"Singing Bowl":16,"Gremlin Horn":[6,6],"counters":[28,111],"Golden Idol":226,"CeramicFish":216,"Pen Nib":[13],"PreservedInsect":240,"Letter Opener":[147],"War Paint":["WaveOfTheHand","Crescendo"],"Question Card":4,"OrangePellets":[3],"Dream Catcher":3,"Shuriken":[14],"Pantograph":28,"Pandora\u0027s Box":["EmptyBody","WaveOfTheHand","LessonLearned","Crescendo","Brilliance","Devotion","Swivel","SignatureMove"],"VioletLotus":[24],"Necronomicon":[21],"obtain_stats":[{"Singing Bowl":8,"Gremlin Horn":43,"Golden Idol":5,"CeramicFish":10,"Oddly Smooth Stone":46,"Pen Nib":25,"PreservedInsect":39,"Omamori":12,"Letter Opener":42,"War Paint":6,"Bottled Tornado":23,"Question Card":44,"Akabeko":26,"ClockworkSouvenir":39,"SlaversCollar":17,"OrangePellets":47,"Dream Catcher":13,"Shuriken":39,"Pantograph":27,"Pandora\u0027s Box":0,"VioletLotus":34,"Necronomicon":19,"PureWater":0,"Pocketwatch":54},{"Singing Bowl":4,"Gremlin Horn":22,"Golden Idol":2,"CeramicFish":5,"Oddly Smooth Stone":24,"Pen Nib":14,"PreservedInsect":20,"Omamori":5,"Letter Opener":22,"War Paint":3,"Bottled Tornado":13,"Question Card":23,"Akabeko":14,"ClockworkSouvenir":20,"SlaversCollar":8,"OrangePellets":24,"Dream Catcher":6,"Shuriken":20,"Pantograph":15,"Pandora\u0027s Box":0,"VioletLotus":18,"Necronomicon":9,"PureWater":0,"Pocketwatch":27},{"Singing Bowl":15,"Gremlin Horn":79,"Golden Idol":6,"CeramicFish":17,"Oddly Smooth Stone":88,"Pen Nib":47,"PreservedInsect":72,"Omamori":17,"Letter Opener":79,"War Paint":10,"Bottled Tornado":42,"Question Card":82,"Akabeko":47,"ClockworkSouvenir":72,"SlaversCollar":28,"OrangePellets":88,"Dream Catcher":20,"Shuriken":72,"Pantograph":50,"Pandora\u0027s Box":0,"VioletLotus":62,"Necronomicon":31,"PureWater":0,"Pocketwatch":103}],"Pocketwatch":[3]},"card_choices":[{"not_picked":["Weave","Crescendo"],"picked":"FlurryOfBlows","floor":1.0},{"not_picked":["WreathOfFlame","EmptyBody","FlurryOfBlows"],"picked":"SKIP","floor":3.0},{"not_picked":["Evaluate","WindmillStrike"],"picked":"ForeignInfluence","floor":6.0},{"not_picked":["Collect","ThirdEye"],"picked":"Brilliance","floor":8.0},{"not_picked":["Consecrate","PathToVictory"],"picked":"FearNoEvil","floor":10.0},{"not_picked":["Prostrate","WheelKick"],"picked":"Halt","floor":13.0},{"not_picked":["ClearTheMind","EmptyBody","FlyingSleeves"],"picked":"Singing Bowl","floor":14.0},{"not_picked":["Omniscience","Alpha"],"picked":"DeusExMachina","floor":16.0},{"not_picked":["CutThroughFate+1","JustLucky"],"picked":"EmptyMind","floor":18.0},{"not_picked":["FlyingSleeves","WindmillStrike+1"],"picked":"WreathOfFlame+1","floor":20.0},{"not_picked":["CutThroughFate","FlyingSleeves"],"picked":"Sanctity+1","floor":21.0},{"not_picked":["JustLucky","WaveOfTheHand+1"],"picked":"InnerPeace","floor":22.0},{"not_picked":["BowlingBash","Consecrate","CarveReality"],"picked":"Singing Bowl","floor":23.0},{"not_picked":["CutThroughFate","BowlingBash","FlurryOfBlows"],"picked":"Singing Bowl","floor":24.0},{"not_picked":["ClearTheMind","Meditate+1","SashWhip"],"picked":"Singing Bowl","floor":25.0},{"not_picked":["Meditate","FollowUp"],"picked":"MentalFortress","floor":27.0},{"not_picked":["JustLucky","Evaluate","FearNoEvil"],"picked":"Singing Bowl","floor":29.0},{"not_picked":["CarveReality","ReachHeaven"],"picked":"Protect","floor":31.0},{"not_picked":["DeusExMachina","Prostrate"],"picked":"Wireheading","floor":32.0},{"not_picked":["Judgement","DevaForm"],"picked":"Ragnarok","floor":33.0},{"not_picked":["ReachHeaven","Halt"],"picked":"Conclude+1","floor":35},{"not_picked":["Swivel","DeceiveReality+1"],"picked":"EmptyBody+1","floor":37},{"not_picked":["ForeignInfluence+1","Consecrate+1","ClearTheMind"],"picked":"Singing Bowl","floor":41},{"not_picked":["Crescendo","Brilliance"],"picked":"WheelKick+1","floor":42},{"not_picked":["Adaptation","WheelKick+1"],"picked":"Indignation+1","floor":44},{"not_picked":["BowlingBash+1","Swivel","Consecrate","Study+1"],"picked":"Singing Bowl","floor":45},{"not_picked":["SashWhip","JustLucky+1","Consecrate+1","FlyingSleeves"],"picked":"Singing Bowl","floor":48},{"not_picked":["FlyingSleeves","Crescendo","Halt"],"picked":"Tantrum+1","floor":52},{"not_picked":["Evaluate+1","SignatureMove","DevaForm"],"picked":"ReachHeaven+1","floor":54}],"player_experience":3530561,"relics_obtained":[{"floor":6.0,"key":"War Paint"},{"floor":8.0,"key":"Singing Bowl"},{"floor":10.0,"key":"CeramicFish"},{"floor":13.0,"key":"Dream Catcher"},{"floor":19.0,"key":"Necronomicon"},{"floor":23.0,"key":"Bottled Tornado"},{"floor":25.0,"key":"Pen Nib"},{"floor":26.0,"key":"Akabeko"},{"floor":27.0,"key":"Pantograph"},{"floor":42,"key":"Letter Opener"},{"floor":43,"key":"Gremlin Horn"},{"floor":44,"key":"Question Card"},{"floor":46,"key":"Oddly Smooth Stone"},{"floor":54,"key":"Pocketwatch"}],"event_choices":[{"damage_healed":0.0,"max_hp_gain":0.0,"max_hp_loss":0.0,"gold_gain":0.0,"event_name":"NoteForYourself","player_choice":"Ignored","floor":2.0,"gold_loss":0.0,"damage_taken":0.0},{"damage_healed":0.0,"max_hp_gain":0.0,"max_hp_loss":0.0,"gold_gain":75.0,"event_name":"World of Goop","player_choice":"Gather Gold","floor":4.0,"gold_loss":0.0,"damage_taken":11.0},{"damage_healed":0.0,"max_hp_gain":0.0,"max_hp_loss":0.0,"gold_gain":0.0,"event_name":"Golden Idol","player_choice":"Take Damage","floor":5.0,"gold_loss":0.0,"damage_taken":18.0,"relics_obtained":["Golden Idol"]},{"damage_healed":0.0,"max_hp_gain":0.0,"max_hp_loss":0.0,"gold_gain":0.0,"event_name":"Dead Adventurer","player_choice":"Searched \u00272\u0027 times","floor":10.0,"gold_loss":0.0,"damage_taken":0.0},{"damage_healed":0.0,"max_hp_gain":0.0,"max_hp_loss":0.0,"gold_gain":0.0,"event_name":"Cursed Tome","player_choice":"Obtained Book","floor":19.0,"gold_loss":0.0,"damage_taken":16.0},{"damage_healed":0.0,"max_hp_gain":0.0,"max_hp_loss":0.0,"gold_gain":0.0,"event_name":"Back to Basics","player_choice":"Simplicity","floor":30.0,"gold_loss":0.0,"damage_taken":0.0,"cards_upgraded":[]},{"damage_healed":0,"gold_gain":0,"player_choice":"2 cards matched","damage_taken":0,"max_hp_gain":0,"max_hp_loss":0,"event_name":"Match and Keep!","floor":36,"gold_loss":0,"cards_obtained":["Trip","Adaptation"]},{"damage_healed":0,"gold_gain":0,"cards_transformed":["Swivel"],"player_choice":"Transformed","damage_taken":0,"max_hp_gain":0,"max_hp_loss":0,"event_name":"Transmorgrifier","floor":38,"gold_loss":0,"cards_obtained":["Vault"]}],"is_beta":false,"boss_relics":[{"not_picked":["Fusion Hammer","Sozu"],"picked":"SlaversCollar"},{"not_picked":["Tiny House","Cursed Key"],"picked":"VioletLotus"}],"items_purged_floors":[12],"is_endless":false,"potions_floor_spawned":[1,3,14,21,22,27,31,33,35,37,42],"ascension_level":1}}