{"host":"i0avyit1s6jb1siw","time":1608650372,"event":{"mods":["BaseMod","DeckTracker","Dota2Spire","Highlight Path","Minty Spire (QoL Compilation)","Quick Restart","Replay The Spire","StSLib","SuperFastMode"],"gold_per_floor":[113,113,124,49,63,63,80,5,31,31,45,77,92,121,121,121,121],"floor_reached":16,"playtime":268,"items_purged":["Strike_G"],"score":224,"play_id":"05cbfe8c-5fcc-41db-bbff-e8ac120e947b","local_time":"20201222161932","is_ascension_mode":true,"campfire_choices":[{"data":"Predator","floor":6,"key":"SMITH"}],"circlet_count":0,"master_deck":["AscendersBane","Strike_G","Strike_G","Defend_G","Defend_G","Defend_G","Defend_G","Defend_G","Survivor","Neutralize+1","Replay:Poison Smokescreen","Predator+1","Deadly Poison","PiercingWail","Crippling Poison"],"relics":["Ring of the Snake","NeowsBlessing","Dota2Spire:DrumOfEndurance","Smiling Mask","Strawberry"],"acts_visited":["Exordium"],"potions_floor_usage":[12,14,16,16],"damage_taken":[{"damage":0,"enemies":"Small Slimes","floor":1,"turns":1},{"damage":0,"enemies":"Cultist","floor":3,"turns":1},{"damage":0,"enemies":"2 Louse","floor":5,"turns":1},{"damage":8,"enemies":"2 Fungi Beasts","floor":7,"turns":5},{"damage":3,"enemies":"Red Slaver","floor":11,"turns":3},{"damage":8,"enemies":"Gremlin Nob","floor":12,"turns":3},{"damage":3,"enemies":"Exordium Wildlife","floor":13,"turns":3},{"damage":17,"enemies":"Lagavulin","floor":14,"turns":6},{"damage":28,"enemies":"Hexaghost","floor":16,"turns":9}],"seed_played":"-2228681738172692317","potions_obtained":[{"floor":1,"key":"SpeedPotion"},{"floor":3,"key":"Energy Potion"},{"floor":12,"key":"GamblersBrew"},{"floor":15,"key":"Reflective Coating"}],"is_trial":false,"path_per_floor":["M","?","M","$","M","R","M","?","T","?","M","E","M","E","R","B"],"character_chosen":"THE_SILENT","items_purchased":[],"campfire_rested":0,"item_purchase_floors":[],"current_hp_per_floor":[59,59,59,59,59,59,51,51,51,51,48,40,37,27,27,0,0],"gold":121,"neow_bonus":"THREE_ENEMY_KILL","is_daily":false,"chose_seed":false,"campfire_upgraded":1,"win_rate":0.0,"timestamp":1608650372,"path_taken":["M","?","M","$","M","R","M","?","T","?","M","E","M","E","R","BOSS"],"items_purchased_type":[],"build_version":"2020-12-13","purchased_purges":1,"victory":false,"max_hp_per_floor":[66,66,66,66,66,66,66,66,66,66,66,66,66,73,73,73,73],"card_choices":[{"not_picked":["Dodge and Roll","Calculated Gamble"],"picked":"Replay:Poison Smokescreen","floor":1},{"not_picked":["Accuracy","Skewer"],"picked":"Predator","floor":3},{"not_picked":["Deflect","Cloak And Dagger"],"picked":"Deadly Poison","floor":5},{"not_picked":["Distraction","Deadly Poison","Masterful Stab"],"picked":"SKIP","floor":7},{"not_picked":["Eviscerate","Quick Slash","Sucker Punch"],"picked":"SKIP","floor":11},{"not_picked":["Hidden Blade","Blade Dance","Underhanded Strike"],"picked":"SKIP","floor":12},{"not_picked":["Prepared","Acrobatics"],"picked":"PiercingWail","floor":13},{"not_picked":["Sucker Punch","Infinite Blades"],"picked":"Crippling Poison","floor":14}],"player_experience":2101816,"relics_obtained":[{"floor":9,"key":"Dota2Spire:DrumOfEndurance"},{"floor":12,"key":"Smiling Mask"},{"floor":14,"key":"Strawberry"}],"event_choices":[{"cards_removed":["Strike_G"],"damage_healed":0,"gold_gain":0,"player_choice":"Card Removal","damage_taken":0,"max_hp_gain":0,"max_hp_loss":0,"event_name":"The Cleric","floor":8,"gold_loss":75},{"damage_healed":0,"gold_gain":0,"player_choice":"Upgraded","damage_taken":0,"max_hp_gain":0,"max_hp_loss":0,"event_name":"Upgrade Shrine","floor":10,"gold_loss":0,"cards_upgraded":["Neutralize"]}],"is_beta":false,"boss_relics":[],"items_purged_floors":[4],"is_endless":false,"potions_floor_spawned":[1,3,12,13],"killed_by":"Hexaghost","ascension_level":20}}