{"host":"6s2g4ctvxbrgoc4e","time":1608610043,"event":{"mods":["BaseMod","Minty Spire (QoL Compilation)"],"gold_per_floor":[118,138,155,166,241,241,257,286,368,378,398,398,422,441,441,569,569,590,590,614,65,88,88,104,128,128,128,128],"floor_reached":27,"playtime":2572,"items_purged":["Injury"],"score":221,"play_id":"29e8b51a-bee0-4d37-a22c-fb202f1e7123","local_time":"20201222050723","is_ascension_mode":false,"campfire_choices":[{"data":"Uppercut","floor":6,"key":"SMITH"},{"data":"Double Tap","floor":15,"key":"SMITH"},{"data":"Armaments","floor":23,"key":"SMITH"}],"circlet_count":0,"master_deck":["Strike_R","Strike_R","Strike_R","Strike_R","Strike_R","Defend_R","Defend_R","Defend_R","Defend_R","Bash","Shrug It Off","Cleave","Warcry","Uppercut+1","Double Tap+1","Disarm","Thunderclap","Thunderclap","Disarm","Berserk","Pummel","Uppercut","Armaments","Inflame","Armaments+1","Purity","Sword Boomerang+1","Feed","Disarm"],"relics":["Burning Blood","Paper Frog","Ornamental Fan","Odd Mushroom","Golden Idol","SlaversCollar","Shuriken","Sundial"],"acts_visited":["Exordium","TheCity"],"potions_floor_usage":[8,8,16,22,24,25],"damage_taken":[{"damage":13,"enemies":"2 Louse","floor":1,"turns":3},{"damage":3,"enemies":"Jaw Worm","floor":2,"turns":5},{"damage":7,"enemies":"Small Slimes","floor":3,"turns":4},{"damage":9,"enemies":"3 Louse","floor":4,"turns":4},{"damage":5,"enemies":"Blue Slaver","floor":7,"turns":3},{"damage":12,"enemies":"Gremlin Nob","floor":8,"turns":3},{"damage":9,"enemies":"Large Slime","floor":10,"turns":6},{"damage":14,"enemies":"The Mushroom Lair","floor":11,"turns":4},{"damage":7,"enemies":"2 Fungi Beasts","floor":13,"turns":3},{"damage":8,"enemies":"Looter","floor":14,"turns":3},{"damage":23,"enemies":"The Guardian","floor":16,"turns":11},{"damage":20,"enemies":"Spheric Guardian","floor":18,"turns":5},{"damage":0,"enemies":"Shell Parasite","floor":20,"turns":4},{"damage":41,"enemies":"Centurion and Healer","floor":22,"turns":11},{"damage":17,"enemies":"Shelled Parasite and Fungi","floor":24,"turns":7},{"damage":19,"enemies":"Snake Plant","floor":25,"turns":5},{"damage":27,"enemies":"Sentry and Sphere","floor":27,"turns":4}],"seed_played":"-9033728306429009554","potions_obtained":[{"floor":1,"key":"Fire Potion"},{"floor":2,"key":"ColorlessPotion"},{"floor":10,"key":"HeartOfIron"},{"floor":13,"key":"Weak Potion"},{"floor":18,"key":"SpeedPotion"},{"floor":20,"key":"Dexterity Potion"},{"floor":22,"key":"BloodPotion"}],"is_trial":false,"path_per_floor":["M","M","M","M","?","R","M","E","T","M","?","?","M","M","R","B",null,"M","?","M","$","M","R","M","M","T","M"],"character_chosen":"IRONCLAD","items_purchased":["Inflame","Shuriken","Armaments","Purity"],"campfire_rested":0,"item_purchase_floors":[21,21,21,21],"current_hp_per_floor":[73,76,75,72,61,61,62,56,56,53,45,45,44,42,42,25,80,66,66,72,72,37,37,42,32,32,5,5],"gold":128,"neow_bonus":"","is_daily":false,"chose_seed":false,"campfire_upgraded":3,"win_rate":0.0,"timestamp":1608610043,"path_taken":["M","M","M","M","?","R","M","E","T","M","?","?","M","M","R","BOSS","M","?","M","$","M","R","M","M","T","M"],"items_purchased_type":["Card","Relic","Card","Card"],"build_version":"2020-12-13","purchased_purges":1,"victory":false,"max_hp_per_floor":[80,80,80,80,80,80,80,80,80,80,80,80,80,80,80,80,80,80,80,80,80,80,80,80,83,83,83,83],"card_choices":[{"not_picked":["Burning Pact","Headbutt"],"picked":"Shrug It Off","floor":1},{"not_picked":["Warcry","Clothesline"],"picked":"Cleave","floor":2},{"not_picked":["Perfected Strike","Twin Strike"],"picked":"Warcry","floor":3},{"not_picked":["Headbutt","Battle Trance"],"picked":"Uppercut","floor":4},{"not_picked":["Thunderclap","Ghostly Armor"],"picked":"Double Tap","floor":7},{"not_picked":["Corruption","Warcry"],"picked":"Disarm","floor":8},{"not_picked":["Iron Wave","Cleave"],"picked":"Thunderclap","floor":10},{"not_picked":["Clothesline","Iron Wave"],"picked":"Thunderclap","floor":11},{"not_picked":["Pommel Strike","Anger"],"picked":"Disarm","floor":13},{"not_picked":["Sever Soul","Pommel Strike","Reckless Charge"],"picked":"SKIP","floor":14},{"not_picked":["Offering","Juggernaut"],"picked":"Berserk","floor":16},{"not_picked":["True Grit","Iron Wave"],"picked":"Pummel","floor":18},{"not_picked":["Twin Strike","True Grit"],"picked":"Armaments","floor":20},{"not_picked":["Entrench","Infernal Blade+1"],"picked":"Sword Boomerang+1","floor":22},{"not_picked":["Twin Strike+1","Headbutt+1"],"picked":"Feed","floor":24},{"not_picked":["Anger","Twin Strike+1"],"picked":"Disarm","floor":25}],"player_experience":0,"relics_obtained":[{"floor":8,"key":"Paper Frog"},{"floor":9,"key":"Ornamental Fan"},{"floor":11,"key":"Odd Mushroom"},{"floor":26,"key":"Sundial"}],"event_choices":[{"damage_healed":0,"gold_gain":75,"player_choice":"Gather Gold","damage_taken":11,"max_hp_gain":0,"max_hp_loss":0,"event_name":"World of Goop","floor":5,"gold_loss":0},{"damage_healed":0,"gold_gain":0,"player_choice":"Fought Mushrooms","damage_taken":0,"max_hp_gain":0,"max_hp_loss":0,"event_name":"Mushrooms","floor":11,"gold_loss":0},{"damage_healed":0,"gold_gain":0,"player_choice":"Take Wound","damage_taken":0,"relics_obtained":["Golden Idol"],"max_hp_gain":0,"max_hp_loss":0,"event_name":"Golden Idol","floor":12,"gold_loss":0,"cards_obtained":["Injury"]},{"damage_healed":0,"gold_gain":0,"player_choice":"Read","damage_taken":0,"max_hp_gain":0,"max_hp_loss":0,"event_name":"The Library","floor":19,"gold_loss":0,"cards_obtained":["Uppercut"]}],"is_beta":false,"boss_relics":[{"not_picked":["Tiny House","Fusion Hammer"],"picked":"SlaversCollar"}],"items_purged_floors":[21],"is_endless":false,"potions_floor_spawned":[1,2,10,13,18,20,22],"killed_by":"Sentry and Sphere","ascension_level":0}}