{"host":"y76clbnovzmw9ubx","time":1608603195,"event":{"mods":["AchievementEnabler","BaseMod","Minty Spire (QoL Compilation)","Permanent Neow","Relic Stats"],"gold_per_floor":[110,126,142,242,255,280,290,624,624,649,649,682,700,710,710,810,810,821,841,841,343,356,388,388,423,448,363,363,363,373,405,405,405,405],"floor_reached":33,"playtime":1661,"items_purged":["Strike_P+1"],"score":581,"play_id":"08d484b1-8827-4b08-a1a6-9e99ebb80dbc","local_time":"20201221211315","is_ascension_mode":true,"campfire_choices":[{"data":"Conclude","floor":11,"key":"SMITH"},{"floor":15,"key":"REST"},{"data":"Vault","floor":24,"key":"SMITH"},{"data":"Eruption","floor":29,"key":"SMITH"},{"data":"Crescendo","floor":32,"key":"SMITH"}],"circlet_count":0,"master_deck":["AscendersBane","Strike_P+1","Strike_P+1","Strike_P+1","Defend_P+1","Defend_P+1","Defend_P+1","Defend_P+1","Eruption+1","Vigilance","EmptyFist","Consecrate","Conclude+1","ClearTheMind+1","FlurryOfBlows","FlurryOfBlows+1","CrushJoints+1","EmptyMind","BowlingBash+1","MentalFortress","Vault+1","CarveReality+1","Protect","Wireheading","EmptyBody+1","ThirdEye+1","Ragnarok+1","Crescendo+1"],"relics":["PureWater","Molten Egg 2","Old Coin","Toy Ornithopter","Omamori","Blue Candle","SacredBark","Bronze Scales","Orrery","Akabeko","Ancient Tea Set","Blood Vial","War Paint"],"acts_visited":["Exordium","TheCity"],"potions_floor_usage":[8,8,8,16,18,22,23,23,25,25],"damage_taken":[{"damage":2,"enemies":"2 Louse","floor":1,"turns":4},{"damage":0,"enemies":"Cultist","floor":2,"turns":3},{"damage":0,"enemies":"Jaw Worm","floor":3,"turns":5},{"damage":7,"enemies":"2 Fungi Beasts","floor":5,"turns":3},{"damage":0,"enemies":"3 Sentries","floor":6,"turns":2},{"damage":0,"enemies":"3 Louse","floor":7,"turns":1},{"damage":24,"enemies":"Lagavulin","floor":8,"turns":6},{"damage":12,"enemies":"3 Sentries","floor":10,"turns":6},{"damage":15,"enemies":"Lagavulin","floor":12,"turns":5},{"damage":0,"enemies":"Large Slime","floor":13,"turns":3},{"damage":1,"enemies":"Looter","floor":14,"turns":2},{"damage":11,"enemies":"Hexaghost","floor":16,"turns":8},{"damage":10,"enemies":"3 Byrds","floor":18,"turns":4},{"damage":18,"enemies":"Spheric Guardian","floor":19,"turns":4},{"damage":0,"enemies":"3 Cultists","floor":22,"turns":3},{"damage":15,"enemies":"Slavers","floor":23,"turns":5},{"damage":30,"enemies":"Book of Stabbing","floor":25,"turns":4},{"damage":0,"enemies":"Centurion and Healer","floor":30,"turns":3},{"damage":0,"enemies":"Gremlin Leader","floor":31,"turns":5},{"damage":61,"enemies":"Automaton","floor":33,"turns":7}],"seed_played":"4954181222679144554","potions_obtained":[{"floor":5,"key":"BlessingOfTheForge"},{"floor":6,"key":"Strength Potion"},{"floor":7,"key":"PowerPotion"},{"floor":10,"key":"Energy Potion"},{"floor":14,"key":"Block Potion"},{"floor":16,"key":"LiquidMemories"},{"floor":22,"key":"Swift Potion"},{"floor":23,"key":"Weak Potion"}],"is_trial":false,"path_per_floor":["M","M","M","?","M","E","M","E","T","E","R","E","M","M","R","B",null,"M","M","?","$","M","E","R","E","T","?","?","R","M","E","R","B"],"character_chosen":"WATCHER","items_purchased":["Bronze Scales","Orrery","StancePotion","SteroidPotion"],"campfire_rested":1,"item_purchase_floors":[21,21,21,21],"current_hp_per_floor":[63,63,63,63,56,56,56,32,32,20,20,5,5,4,25,19,59,54,36,36,36,41,36,36,16,16,16,40,40,42,44,44,0,0],"gold":405,"neow_bonus":"THREE_CARDS","is_daily":false,"chose_seed":false,"campfire_upgraded":4,"win_rate":0.0,"timestamp":1608603195,"path_taken":["M","M","M","?","M","E","?","E","T","E","R","E","M","?","R","BOSS","M","M","?","?","M","E","R","E","T","?","?","R","M","E","R","BOSS"],"items_purchased_type":["Relic","Relic","Potion","Potion"],"build_version":"2020-12-13","purchased_purges":1,"victory":false,"max_hp_per_floor":[72,72,72,72,72,72,72,72,72,72,72,72,72,72,72,72,72,72,72,72,72,72,72,72,72,72,72,72,72,72,72,72,72,72],"relic_stats":{"Blood Vial":6,"counters":[20,83],"Blue Candle":[0],"Bronze Scales":[45],"War Paint":["ClearTheMind","ThirdEye"],"obtain_stats":[{"Blue Candle":12,"SacredBark":17,"Omamori":10,"War Paint":31,"Ancient Tea Set":26,"Akabeko":23,"Old Coin":8,"Blood Vial":27,"Bronze Scales":21,"Orrery":21,"Molten Egg 2":6,"PureWater":0,"Toy Ornithopter":9},{"Blue Candle":9,"SacredBark":12,"Omamori":8,"War Paint":19,"Ancient Tea Set":17,"Akabeko":16,"Old Coin":7,"Blood Vial":17,"Bronze Scales":14,"Orrery":14,"Molten Egg 2":5,"PureWater":0,"Toy Ornithopter":7},{"Blue Candle":35,"SacredBark":48,"Omamori":30,"War Paint":76,"Ancient Tea Set":68,"Akabeko":64,"Old Coin":24,"Blood Vial":68,"Bronze Scales":56,"Orrery":56,"Molten Egg 2":17,"PureWater":0,"Toy Ornithopter":24}],"Toy Ornithopter":35},"card_choices":[{"not_picked":["EmptyBody","Halt"],"picked":"EmptyFist","floor":0},{"not_picked":["PathToVictory","SashWhip"],"picked":"Consecrate","floor":1},{"not_picked":["SignatureMove","Prostrate"],"picked":"Conclude","floor":2},{"not_picked":["Swivel","Consecrate"],"picked":"ClearTheMind","floor":3},{"not_picked":["Prostrate","PathToVictory"],"picked":"FlurryOfBlows","floor":5},{"not_picked":["ClearTheMind","Brilliance+1","Consecrate+1"],"picked":"SKIP","floor":6},{"not_picked":["Prostrate","JustLucky+1"],"picked":"FlurryOfBlows+1","floor":7},{"not_picked":["ThirdEye","Indignation"],"picked":"CrushJoints+1","floor":8},{"not_picked":["Prostrate","FollowUp+1"],"picked":"EmptyMind","floor":10},{"not_picked":["CutThroughFate+1","Nirvana","EmptyBody"],"picked":"SKIP","floor":12},{"not_picked":["Prostrate","PathToVictory"],"picked":"BowlingBash+1","floor":13},{"not_picked":["CrushJoints+1","Swivel"],"picked":"MentalFortress","floor":14},{"not_picked":["DeusExMachina","ConjureBlade"],"picked":"Vault","floor":16},{"not_picked":["BattleHymn","BowlingBash+1"],"picked":"CarveReality+1","floor":18},{"not_picked":["Weave+1","EmptyBody"],"picked":"Protect","floor":19},{"not_picked":["CutThroughFate+1","FollowUp+1"],"picked":"Wireheading","floor":21},{"not_picked":["EmptyMind","SashWhip+1"],"picked":"EmptyBody+1","floor":21},{"not_picked":["EmptyMind","Evaluate+1","Protect"],"picked":"SKIP","floor":22},{"not_picked":["Sanctity","ForeignInfluence"],"picked":"ThirdEye","floor":23},{"not_picked":["Halt","WheelKick+1"],"picked":"Ragnarok+1","floor":25},{"not_picked":["CrushJoints+1","Protect","Study+1"],"picked":"SKIP","floor":30},{"not_picked":["EmptyBody","CarveReality+1"],"picked":"Crescendo","floor":31}],"player_experience":2948653,"relics_obtained":[{"floor":6,"key":"Molten Egg 2"},{"floor":8,"key":"Old Coin"},{"floor":9,"key":"Toy Ornithopter"},{"floor":10,"key":"Omamori"},{"floor":12,"key":"Blue Candle"},{"floor":23,"key":"Akabeko"},{"floor":26,"key":"Ancient Tea Set"},{"floor":31,"key":"War Paint"}],"event_choices":[{"damage_healed":0,"gold_gain":100,"player_choice":"Pray","damage_taken":0,"max_hp_gain":0,"max_hp_loss":0,"event_name":"Golden Shrine","floor":4,"gold_loss":0},{"damage_healed":0,"gold_gain":0,"player_choice":"Simplicity","damage_taken":0,"max_hp_gain":0,"max_hp_loss":0,"event_name":"Back to Basics","floor":20,"gold_loss":0,"cards_upgraded":["Strike_P","Strike_P","Strike_P","Strike_P","Defend_P","Defend_P","Defend_P","Defend_P"]},{"damage_healed":0,"gold_gain":0,"player_choice":"Obtained Relic","damage_taken":0,"relics_obtained":["Blood Vial"],"max_hp_gain":0,"max_hp_loss":0,"event_name":"Addict","floor":27,"gold_loss":85},{"damage_healed":24,"gold_gain":0,"player_choice":"Heal","damage_taken":0,"max_hp_gain":0,"max_hp_loss":0,"event_name":"The Library","floor":28,"gold_loss":0}],"is_beta":false,"boss_relics":[{"not_picked":["Velvet Choker","Busted Crown"],"picked":"SacredBark"}],"items_purged_floors":[21],"is_endless":false,"potions_floor_spawned":[5,6,7,10,14,16,22,23],"killed_by":"Automaton","ascension_level":10}}