{"host":"kgj3hkp928synzkd","time":1608612913,"event":{"mods":["2.2 Compatiblity","AchievementEnabler","AlwaysNeverKeys","BaseMod","Better Third Choice","Block Reminder","Colored Map","Colored Powertips","Conspire","Curses Come First","GifTheSpireLib","Googly Eyes","Infinite Spire","Minty Spire (QoL Compilation)","Permanent Neow","Quick Restart","Rare Cards Sparkle","Replay The Spire","Spicy Shops","StSLib","SuperFastMode","The Bug Knight","The Exalted"],"gold_per_floor":[112,112,127,143,162,162,194,46,46,46,46,56,74,107,107,107,107],"floor_reached":16,"playtime":710,"items_purged":[],"score":118,"play_id":"267534e8-a370-43d7-9e2c-2f5a571e22ef","local_time":"20201221235513","is_ascension_mode":true,"campfire_choices":[{"floor":6,"key":"REST"},{"data":"Eruption","floor":11,"key":"SMITH"},{"floor":15,"key":"REST"}],"circlet_count":0,"master_deck":["Strike_P","Strike_P","Strike_P","Strike_P","Defend_P","Defend_P","Defend_P","Defend_P","Eruption+1","Vigilance","JustLucky","Crescendo","WindmillStrike","PathToVictory","EmptyBody","Pain","FlyingSleeves","Nirvana","CarveReality"],"relics":["PureWater","Potion Belt","Lee\u0027s Waffle","Juzu Bracelet","WarpedTongs","Pen Nib"],"acts_visited":["Exordium"],"potions_floor_usage":[16,16],"damage_taken":[{"damage":7,"enemies":"Cultist","floor":1,"turns":3},{"damage":0,"enemies":"2 Louse","floor":3,"turns":3},{"damage":2,"enemies":"Jaw Worm","floor":4,"turns":4},{"damage":19,"enemies":"Lots of Slimes","floor":5,"turns":8},{"damage":32,"enemies":"Lagavulin","floor":7,"turns":7},{"damage":13,"enemies":"3 Louse","floor":12,"turns":4},{"damage":3,"enemies":"Red Slaver","floor":13,"turns":3},{"damage":34,"enemies":"Gremlin Nob","floor":14,"turns":4},{"damage":55,"enemies":"Hexaghost","floor":16,"turns":9}],"seed_played":"3360341393844355657","potions_obtained":[{"floor":0,"key":"GamblersBrew"},{"floor":0,"key":"SmokeBomb"},{"floor":0,"key":"ColorlessPotion"},{"floor":1,"key":"Strength Potion"},{"floor":12,"key":"Fire Potion"},{"floor":13,"key":"Elixir"}],"is_trial":false,"path_per_floor":["M","$","M","M","M","R","E","$","T","?","R","M","M","E","R","B"],"character_chosen":"WATCHER","items_purchased":["Lee\u0027s Waffle"],"campfire_rested":2,"item_purchase_floors":[8],"current_hp_per_floor":[65,65,65,63,44,65,33,79,79,79,79,66,63,29,52,0,0],"gold":107,"neow_bonus":"THREE_SMALL_POTIONS","is_daily":false,"chose_seed":false,"campfire_upgraded":1,"win_rate":0.0,"timestamp":1608612913,"path_taken":["M","$","M","M","M","R","E","$","T","?","R","M","M","E","R","BOSS"],"items_purchased_type":["Relic"],"build_version":"2020-12-13","purchased_purges":0,"victory":false,"max_hp_per_floor":[72,72,72,72,72,72,72,79,79,79,79,79,79,79,79,79,79],"card_choices":[{"not_picked":["Halt","Replay:AtTheReady"],"picked":"JustLucky","floor":1},{"not_picked":["Indignation","Replay:Hum"],"picked":"Crescendo","floor":3},{"not_picked":["Replay:ManipulateFuture","Indignation"],"picked":"WindmillStrike","floor":4},{"not_picked":["Protect","FollowUp"],"picked":"PathToVictory","floor":5},{"not_picked":["Consecrate","Vault"],"picked":"EmptyBody","floor":7},{"not_picked":["BowlingBash","Adaptation"],"picked":"FlyingSleeves","floor":12},{"not_picked":["Perseverance","Vengeance"],"picked":"Nirvana","floor":13},{"not_picked":["EmptyBody","BattleHymn"],"picked":"CarveReality","floor":14}],"player_experience":277934,"relics_obtained":[{"floor":7,"key":"Potion Belt"},{"floor":9,"key":"Juzu Bracelet"},{"floor":14,"key":"Pen Nib"}],"event_choices":[{"damage_healed":0,"gold_gain":0,"player_choice":"Rummage","damage_taken":0,"relics_obtained":["WarpedTongs"],"max_hp_gain":0,"max_hp_loss":0,"event_name":"Accursed Blacksmith","floor":10,"gold_loss":0,"cards_obtained":["Pain"]}],"is_beta":false,"boss_relics":[],"items_purged_floors":[],"is_endless":false,"potions_floor_spawned":[1,3,4,12,13],"killed_by":"Hexaghost","ascension_level":1}}