{"host":"36ls4ricihodphgx","time":1608680029,"event":{"mods":["AchievementEnabler","BaseMod","Colored Map","Downfall","Hermit","HololiveMod","Marisa????????","Minty Spire (QoL Compilation)","Replay The Spire","StSLib","The Animator","The Cursed","The Servant 0.9.4"],"gold_per_floor":[79,79,79,96,116,116,116,136,160,171,91,91,91,119,119,223,223,242,242,157,172,23,23,50,50,50,61,1,1,1,20,20,119,119,129,129,181,181,181,229,154,224,224,224,270,270,230,259,259,274],"floor_reached":51,"playtime":1701,"items_purged":["Languid"],"score":767,"play_id":"c0ecc74e-1f7e-43b7-aa03-a61f02e12e61","local_time":"20201222163349","is_ascension_mode":false,"campfire_choices":[{"data":"Hololive_CallMoonaHoshinova","floor":6,"key":"SMITH"},{"data":"Hololive_CallHoshimachiSuisei","floor":15,"key":"SMITH"},{"data":"Hololive_CallHimemoriLuna","floor":23,"key":"SMITH"},{"data":"Hololive_CallHimemoriLuna","floor":30,"key":"SMITH"},{"data":"Hololive_CallTokinoSora","floor":32,"key":"SMITH"},{"floor":46,"key":"REST"},{"data":"Hololive_CallOkamiMio","floor":49,"key":"SMITH"},{"data":"Hololive_Spy","floor":49,"key":"SMITH"}],"circlet_count":0,"master_deck":["Hololive_Strike+1","Hololive_Strike","Hololive_Defend","Hololive_Defend+1","Hololive_CallHimemoriLuna+1","Hololive_CallNakiriAyame","Hololive_CallTokinoSora+1","Hololive_CallMinatoAqua+1","Hololive_CallHimemoriLuna+1","Hololive_CallMoonaHoshinova+1","Hololive_DevilCharm+1","Hololive_CallHoshimachiSuisei+1","Hololive_Trident","Hololive_Spy+1","Hololive_StrengthChampion","Hololive_HighAtkLowDef","Hololive_CocoNews+1","Hololive_Thief","Hololive_Nanodesu+1","Hololive_CallAkiRosenthal+1","Hololive_IdolExercise+1","Hololive_CocoNews+1","Hololive_ASMR+1","Hololive_CallHoushouMarine","Hololive_StrengthChampion+1","Hololive_CallOkamiMio+1"],"relics":["Hololive_TheStar","TungstenRod","Nunchaku","Orichalcum","Pen Nib","Sozu","Gremlin Food","Juzu Bracelet","Onion Ring","Ancient Tea Set","ChewingGum","ReplayTheSpireMod:Ring of Collecting","Replay:Multitool","Whetstone","CatCart","Ring of Hypnosis","Iron Hammer","Replay:Arrowhead"],"acts_visited":["Exordium","TheCity","TheBeyond"],"potions_floor_usage":[],"damage_taken":[{"damage":0,"enemies":"Small Slimes","floor":1,"turns":3},{"damage":0,"enemies":"2 Louse","floor":4,"turns":3},{"damage":0,"enemies":"Cultist","floor":5,"turns":3},{"damage":0,"enemies":"3 Louse","floor":8,"turns":4},{"damage":0,"enemies":"Red Slaver","floor":10,"turns":3},{"damage":0,"enemies":"Gremlin Nob","floor":14,"turns":5},{"damage":0,"enemies":"The Guardian","floor":16,"turns":5},{"damage":0,"enemies":"Spheric Guardian","floor":18,"turns":3},{"damage":0,"enemies":"Shell Parasite","floor":21,"turns":3},{"damage":0,"enemies":"Book of Stabbing","floor":24,"turns":5},{"damage":0,"enemies":"Sentry and Sphere","floor":27,"turns":3},{"damage":0,"enemies":"Cultist and Chosen","floor":31,"turns":4},{"damage":0,"enemies":"Automaton","floor":33,"turns":6},{"damage":0,"enemies":"Orb Walker","floor":35,"turns":3},{"damage":6,"enemies":"2 Orb Walkers","floor":37,"turns":6},{"damage":16,"enemies":"Nemesis","floor":40,"turns":7},{"damage":0,"enemies":"Orin","floor":42,"turns":5},{"damage":0,"enemies":"Giant Head","floor":45,"turns":5},{"damage":0,"enemies":"3 Darklings","floor":48,"turns":3},{"damage":0,"enemies":"Replay:Hell Engine","floor":50,"turns":6}],"seed_played":"2902198980190587251","potions_obtained":[{"floor":4,"key":"Weak Potion"},{"floor":5,"key":"AttackPotion"},{"floor":10,"key":"champ:CounterPotion"}],"is_trial":false,"path_per_floor":["M","?","?","M","M","R","?","M","T","M","$","?","$","E","R","B",null,"M","?","?","M","$","R","E","?","T","M","?","$","R","M","R","B",null,"M","?","?","?","?","E","$","?","T","?","E","R","?","M","R","B",null],"character_chosen":"Hololive_HololiveCharacter","items_purchased":["Hololive_Spy","Juzu Bracelet"],"campfire_rested":1,"item_purchase_floors":[11,22],"current_hp_per_floor":[32,32,32,32,32,32,32,32,32,32,32,27,27,27,27,27,32,32,32,32,32,32,32,32,32,32,32,32,32,32,32,32,32,32,32,32,26,26,26,10,10,10,10,10,10,19,19,19,19,19],"gold":274,"neow_bonus":"ONE_RARE_RELIC","is_daily":false,"chose_seed":false,"campfire_upgraded":7,"win_rate":0.0,"timestamp":1608680029,"path_taken":["M","?","?","?","M","R","?","M","T","?","$","?","?","E","R","BOSS","M","?","?","?","$","R","E","?","T","M","?","$","R","M","R","BOSS","M","?","?","?","?","E","$","?","T","?","E","R","?","M","R","BOSS"],"items_purchased_type":["Card","Relic"],"build_version":"2020-12-13","purchased_purges":1,"victory":true,"max_hp_per_floor":[32,32,32,32,32,32,32,32,32,32,32,32,32,32,32,32,32,32,32,32,32,32,32,32,32,32,32,32,32,32,32,32,32,32,32,32,32,32,32,32,32,32,32,32,32,32,32,32,32,32],"card_choices":[{"not_picked":["Hololive_OvertimeWork","Hololive_CallTokoyamiTowa","Hololive_Sequa"],"picked":"Hololive_CallMoonaHoshinova","floor":1},{"not_picked":["Hololive_OvertimeWork","Hololive_CallAyundaRisu","Hololive_Rebound"],"picked":"Hololive_DevilCharm","floor":4},{"not_picked":["Hololive_Sequa","Hololive_CallNatsuiroMatsuri","Hololive_CocoNews"],"picked":"Hololive_CallHoshimachiSuisei","floor":5},{"not_picked":["Hololive_BringToTrial","Hololive_CallAmaneKanata","Hololive_Breathe"],"picked":"Hololive_Trident","floor":8},{"not_picked":["Hololive_StrengthChampion","Hololive_OvertimeWork","Hololive_RevenueBasedLive"],"picked":"Hololive_CallAiraniIofifteen","floor":10},{"not_picked":["Hololive_ManjiGathering","Hololive_WolfAndLamb","Hololive_RevenueBasedLive"],"picked":"Hololive_StrengthChampion","floor":14},{"not_picked":["Hololive_Rebirth","Hololive_Recruit","Hololive_ASMR"],"picked":"Hololive_HighAtkLowDef","floor":16},{"not_picked":["Hololive_HuntDinosaur","Hololive_Rebound","Hololive_LuckPotion","Hololive_Yoholoon"],"picked":"SKIP","floor":18},{"not_picked":["Hololive_Drill","Hololive_ILoveYou","Hololive_LuckPotion"],"picked":"Hololive_CocoNews","floor":21},{"not_picked":["Hololive_Rebound","Hololive_Sequa","Hololive_CallRoboco","Hololive_LuckPotion"],"picked":"SKIP","floor":24},{"not_picked":["Hololive_HuntDinosaur","Hololive_FlyingPonyTail","Hololive_Trident","Hololive_Breathe"],"picked":"SKIP","floor":27},{"not_picked":["Hololive_ScarfAndHalo","Hololive_CallYuzukiChoco","Hololive_Sequa"],"picked":"Hololive_CallAkiRosenthal+1","floor":31},{"not_picked":["Hololive_Recruit","Hololive_DDD","Hololive_Thief"],"picked":"Hololive_IdolExercise","floor":33},{"not_picked":["Hololive_FlyingPonyTail","Hololive_HuntDinosaur","Hololive_CallAmaneKanata+1","Hololive_RevenueBasedLive+1"],"picked":"SKIP","floor":35},{"not_picked":["Hololive_CallShishiroBotan","Hololive_Breathe+1","Hololive_CallOmaruPolka"],"picked":"Hololive_CocoNews+1","floor":37},{"not_picked":["Hololive_Trident","Hololive_CallUsadaPekora+1","Hololive_CallSakuraMiko+1"],"picked":"Hololive_StrengthChampion+1","floor":40},{"not_picked":["Hololive_Breathe+1","Hololive_BringToTrial+1","Hololive_CallAkiRosenthal"],"picked":"Hololive_CallOkamiMio","floor":42},{"not_picked":["Hololive_CocoNews","Hololive_RevenueBasedLive","Hololive_Trident+1","Hololive_OvertimeWork+1"],"picked":"SKIP","floor":45},{"not_picked":["Hololive_BeCareful","Hololive_Drill","Hololive_Sequa","Hololive_HuntDinosaur+1"],"picked":"SKIP","floor":48}],"player_experience":17398,"relics_obtained":[{"floor":9,"key":"Orichalcum"},{"floor":14,"key":"Pen Nib"},{"floor":24,"key":"Onion Ring"},{"floor":26,"key":"Ancient Tea Set"},{"floor":36,"key":"ReplayTheSpireMod:Ring of Collecting"},{"floor":37,"key":"Replay:Multitool"},{"floor":40,"key":"Whetstone"},{"floor":42,"key":"CatCart"},{"floor":43,"key":"Ring of Hypnosis"},{"floor":43,"key":"Iron Hammer"},{"floor":45,"key":"Replay:Arrowhead"}],"event_choices":[{"damage_healed":0,"gold_gain":0,"player_choice":"Leave","damage_taken":0,"max_hp_gain":0,"max_hp_loss":0,"event_name":"The Cleric","floor":2,"gold_loss":0},{"damage_healed":0,"gold_gain":0,"player_choice":"Bought 0 Potions","damage_taken":0,"max_hp_gain":0,"max_hp_loss":0,"event_name":"The Woman in Blue","floor":3,"gold_loss":0},{"damage_healed":0,"gold_gain":0,"player_choice":"Gave Potion","damage_taken":0,"relics_obtained":["Nunchaku"],"max_hp_gain":0,"max_hp_loss":0,"event_name":"WeMeetAgain","floor":7,"gold_loss":0},{"damage_healed":0,"gold_gain":0,"player_choice":"Entered Light","damage_taken":6,"max_hp_gain":0,"max_hp_loss":0,"event_name":"Shining Light","floor":12,"gold_loss":0,"cards_upgraded":["Hololive_CallMinatoAqua","Hololive_DevilCharm"]},{"damage_healed":0,"gold_gain":0,"player_choice":"Ignored","damage_taken":0,"max_hp_gain":0,"max_hp_loss":0,"event_name":"Ghosts","floor":19,"gold_loss":0},{"damage_healed":0,"gold_gain":0,"player_choice":"Obtained Relic","damage_taken":0,"relics_obtained":["Gremlin Food"],"max_hp_gain":0,"max_hp_loss":0,"event_name":"Addict","floor":20,"gold_loss":85},{"damage_healed":0,"gold_gain":0,"cards_transformed":["Hololive_Breathe","Hololive_CallAiraniIofifteen"],"player_choice":"Became Test Subject","damage_taken":0,"max_hp_gain":0,"max_hp_loss":0,"event_name":"Drug Dealer","floor":25,"gold_loss":0,"cards_obtained":["Hololive_Thief","Hololive_Nanodesu"]},{"damage_healed":0,"gold_gain":0,"player_choice":"Fight","damage_taken":0,"max_hp_gain":0,"max_hp_loss":0,"event_name":"Mysterious Sphere","floor":37,"gold_loss":0},{"damage_healed":0,"gold_gain":0,"player_choice":"Memory 1","damage_taken":0,"max_hp_gain":0,"max_hp_loss":0,"event_name":"SensoryStone","floor":38,"gold_loss":0},{"damage_healed":0,"gold_gain":0,"player_choice":"2 cards matched","damage_taken":0,"max_hp_gain":0,"max_hp_loss":0,"event_name":"Match and Keep!","floor":39,"gold_loss":0,"cards_obtained":["Hololive_ASMR","Hololive_CallHoushouMarine"]},{"damage_healed":0,"gold_gain":0,"player_choice":"Fight","damage_taken":0,"max_hp_gain":0,"max_hp_loss":0,"event_name":"OrinTheCat","floor":42,"gold_loss":0},{"damage_healed":0,"gold_gain":0,"player_choice":"Upgraded","damage_taken":0,"max_hp_gain":0,"max_hp_loss":0,"event_name":"Upgrade Shrine","floor":44,"gold_loss":0,"cards_upgraded":["Hololive_IdolExercise"]},{"damage_healed":0,"gold_gain":0,"player_choice":"Upgraded Two","damage_taken":0,"max_hp_gain":0,"max_hp_loss":0,"event_name":"Designer","floor":47,"gold_loss":40,"cards_upgraded":["Hololive_Defend","Hololive_Strike"]}],"is_beta":false,"boss_relics":[{"not_picked":["Tiny House","Honey Jar"],"picked":"Sozu"},{"not_picked":["Hololive_ChaosS","Coffee Dripper"],"picked":"ChewingGum"}],"items_purged_floors":[41],"is_endless":false,"potions_floor_spawned":[4,5,10,21,33,40,48],"ascension_level":0}}