{"host":"uwh382mre4waz4ff","time":1608611258,"event":{"mods":["AchievementEnabler","BaseMod","Better Note","Better Third Choice","BetterRewards","Highlight Path","HololiveMod","Minty Spire (QoL Compilation)","Shop Mod","StSLib"],"gold_per_floor":[78,98,115,129,141,174,188,223,223,223,256,256,282,297,297,374,374,387,400,400,411,423,450,450,475,475,492,520,520,549,565,565,637,637,656,667,680,52,70,102,102,137,185,199,228,228,228,245,245,245,258,258,258,44,79,79],"floor_reached":57,"playtime":2495,"items_purged":["Injury","Hololive_Strike"],"score":3791,"play_id":"1096978e-89eb-4564-a01c-6d811c5330cb","local_time":"20201222122738","is_ascension_mode":true,"campfire_choices":[{"data":"Hololive_CallShiroganeNoel","floor":10,"key":"SMITH"},{"data":"Hololive_CallHoshimachiSuisei","floor":12,"key":"SMITH"},{"data":"Hololive_CallUsadaPekora","floor":15,"key":"SMITH"},{"data":"Hololive_CallUruhaRushia","floor":24,"key":"SMITH"},{"floor":32,"key":"DIG"},{"floor":41,"key":"DIG"},{"floor":46,"key":"DIG"},{"floor":49,"key":"RECALL"},{"floor":53,"key":"DIG"}],"circlet_count":0,"master_deck":["AscendersBane","Hololive_CallHoushouMarine","Hololive_CallShiroganeNoel+1","Hololive_CallUruhaRushia+1","Hololive_CallShiranuiFlare","Hololive_CallUsadaPekora+1","Hololive_StrengthChampion","Hololive_Defend","Hololive_Defend","Hololive_CallMoonaHoshinova","Hololive_CallUruhaRushia","Hololive_CallOkamiMio","Hololive_CocoNews+1","Hololive_CallHoshimachiSuisei+1","Hololive_CallYuzukiChoco","Hololive_CallNakiriAyame","Hololive_CallAZKi","Hololive_CallAmaneKanata","Hololive_Rebirth","Hololive_CallYukihanaLamy","Hololive_Yoholoon","Hololive_CallMurasakiShion","Hololive_CallTsunomakiWatame","Hololive_CallYogiri","Hololive_CallYozoraMel","Hololive_StrengthChampion+1","Hololive_CallHoushouMarine","Hololive_CallFriendA","Hololive_CallSakuraMiko+1","Hololive_MaximGun+1","Hololive_ILoveYou+1","Hololive_CallAiraniIofifteen+1","Hololive_CallHoshimachiSuisei","Hololive_StrengthChampion+1","Hololive_DDD","Hololive_CallArtia","Hololive_SoulCatcher+1","Hololive_CallNekomataOkayu","Hololive_CallRoboco+1","Hololive_CallYozoraMel+1","Hololive_CallYukihanaLamy","Hololive_CallRoboco+1","Hololive_CocoNews+1","Hololive_CallAZKi","Hololive_CocoNews+1"],"relics":["Hololive_TheStar","Ginger","Hololive_FriedShrimpLion","Toy Ornithopter","MealTicket","Runic Dome","HornCleat","Bottled Tornado","Shovel","Ornamental Fan","Bronze Scales","Vajra","Molten Egg 2","SlaversCollar","Mercury Hourglass","Hololive_LightStick","Orichalcum","Torii","Potion Belt","FossilizedHelix","Kunai","Letter Opener","Whetstone"],"acts_visited":["TheCity","TheBeyond","TheEnding"],"potions_floor_usage":[51],"damage_taken":[{"damage":0,"enemies":"Cultist","floor":1,"turns":2},{"damage":0,"enemies":"Jaw Worm","floor":2,"turns":2},{"damage":0,"enemies":"Small Slimes","floor":3,"turns":2},{"damage":0,"enemies":"Blue Slaver","floor":4,"turns":3},{"damage":0,"enemies":"3 Louse","floor":5,"turns":3},{"damage":0,"enemies":"3 Sentries","floor":6,"turns":4},{"damage":0,"enemies":"Gremlin Gang","floor":7,"turns":2},{"damage":0,"enemies":"Gremlin Nob","floor":8,"turns":2},{"damage":0,"enemies":"3 Sentries","floor":11,"turns":3},{"damage":0,"enemies":"Gremlin Nob","floor":13,"turns":2},{"damage":0,"enemies":"Blue Slaver","floor":14,"turns":1},{"damage":0,"enemies":"Slime Boss","floor":16,"turns":5},{"damage":0,"enemies":"Spheric Guardian","floor":18,"turns":1},{"damage":0,"enemies":"2 Thieves","floor":19,"turns":3},{"damage":0,"enemies":"Centurion and Healer","floor":21,"turns":5},{"damage":0,"enemies":"Cultist and Chosen","floor":22,"turns":4},{"damage":12,"enemies":"Gremlin Leader","floor":23,"turns":7},{"damage":0,"enemies":"Book of Stabbing","floor":25,"turns":4},{"damage":0,"enemies":"3 Cultists","floor":27,"turns":4},{"damage":3,"enemies":"Slavers","floor":28,"turns":4},{"damage":0,"enemies":"Gremlin Leader","floor":30,"turns":3},{"damage":0,"enemies":"Shelled Parasite and Fungi","floor":31,"turns":3},{"damage":0,"enemies":"Automaton","floor":33,"turns":4},{"damage":0,"enemies":"3 Shapes","floor":35,"turns":1},{"damage":0,"enemies":"3 Darklings","floor":36,"turns":2},{"damage":0,"enemies":"Spire Growth","floor":37,"turns":1},{"damage":0,"enemies":"Jaw Worm Horde","floor":39,"turns":2},{"damage":0,"enemies":"Giant Head","floor":40,"turns":4},{"damage":0,"enemies":"Reptomancer","floor":42,"turns":3},{"damage":0,"enemies":"3 Darklings","floor":44,"turns":2},{"damage":0,"enemies":"Nemesis","floor":45,"turns":3},{"damage":0,"enemies":"Transient","floor":48,"turns":6},{"damage":0,"enemies":"Donu and Deca","floor":50,"turns":3},{"damage":0,"enemies":"Awakened One","floor":51,"turns":10},{"damage":0,"enemies":"Shield and Spear","floor":55,"turns":2},{"damage":0,"enemies":"The Heart","floor":56,"turns":6}],"seed_played":"3240071735742534471","potions_obtained":[{"floor":3,"key":"ColorlessPotion"},{"floor":4,"key":"Energy Potion"},{"floor":23,"key":"EssenceOfSteel"},{"floor":27,"key":"PowerPotion"},{"floor":44,"key":"EntropicBrew"},{"floor":48,"key":"Swift Potion"}],"is_trial":false,"path_per_floor":["M","M","M","M","M","E","M","E","T","R","E","R","E","M","R","B",null,"M","M","?","M","M","E","R","E","T","M","E","?","E","M","R","B",null,"M","M","M","$","M","E","R","E","T","M","E","R","?","M","R","B","B",null,"R","$","E","B",null],"character_chosen":"Hololive_HololiveCharacter","items_purchased":["Hololive_StrengthChampion+1","Hololive_DDD","Hololive_CallArtia","Mercury Hourglass","Hololive_CocoNews+1","Hololive_CallAZKi"],"campfire_rested":0,"item_purchase_floors":[38,38,38,38,54,54],"current_hp_per_floor":[27,27,27,27,27,27,27,27,27,27,27,27,27,27,27,27,29,29,29,29,29,29,17,17,17,17,17,14,14,14,14,14,14,26,26,26,26,30,30,30,30,30,30,30,30,30,30,30,30,30,30,30,30,30,30,30],"gold":79,"neow_bonus":"ONE_RARE_RELIC","is_daily":false,"chose_seed":false,"campfire_upgraded":4,"win_rate":0.0,"timestamp":1608611258,"path_taken":["M","M","M","M","M","E","M","E","T","R","E","R","E","M","R","BOSS","M","M","?","M","M","E","R","E","T","M","E","?","E","M","R","BOSS","M","M","M","$","M","E","R","E","T","M","E","R","?","M","R","BOSS","BOSS","R","$","E","BOSS"],"items_purchased_type":["Card","Card","Card","Relic","Card","Card"],"build_version":"2020-12-13","purchased_purges":2,"victory":true,"max_hp_per_floor":[30,30,30,30,30,30,30,30,30,30,30,30,30,30,30,30,30,30,30,30,30,30,30,30,30,30,30,30,30,30,30,30,30,30,30,30,30,30,30,30,30,30,30,30,30,30,30,30,30,30,30,30,30,30,30,30],"card_choices":[{"not_picked":["Hololive_OvertimeWork","Hololive_HuntDinosaur","Hololive_Yoholoon","Hololive_Sequa"],"picked":"SKIP","floor":1},{"not_picked":["Hololive_StrengthChampion","Hololive_LuckPotion","Hololive_OvertimeWork"],"picked":"Hololive_CallMoonaHoshinova","floor":2},{"not_picked":["Hololive_LuckPotion","Hololive_Psychosis","Hololive_CocoNews"],"picked":"Hololive_CallUruhaRushia","floor":3},{"not_picked":["Hololive_OvertimeWork","Hololive_BringToTrial","Hololive_LuckPotion"],"picked":"Hololive_CallOkamiMio","floor":4},{"not_picked":["Hololive_FlyingPonyTail","Hololive_Sequa","Hololive_Drill"],"picked":"Hololive_CocoNews","floor":5},{"not_picked":["Hololive_CallArtia","Hololive_Trident","Hololive_CocoNews"],"picked":"Hololive_CallHoshimachiSuisei","floor":6},{"not_picked":["Hololive_CallAkaiHaato","Hololive_CocoNews","Hololive_Spy"],"picked":"Hololive_CallYuzukiChoco","floor":7},{"not_picked":["Hololive_CallSpadeEcho","Hololive_IdolExercise","Hololive_CandyCastle"],"picked":"Hololive_CallNakiriAyame","floor":8},{"not_picked":["Hololive_CallRoboco","Hololive_Breathe","Hololive_StrengthChampion"],"picked":"Hololive_CallAZKi","floor":11},{"not_picked":["Hololive_Sequa","Hololive_Psychosis","Hololive_RevenueBasedLive","Hololive_LuckPotion"],"picked":"SKIP","floor":13},{"not_picked":["Hololive_CallYogiri","Hololive_Psychosis","Hololive_StrengthChampion"],"picked":"Hololive_CallAmaneKanata","floor":14},{"not_picked":["Hololive_DurableLive","Hololive_AWSL","Hololive_ASMR"],"picked":"Hololive_Rebirth","floor":16},{"not_picked":["Hololive_CallCivia","Hololive_HuntDinosaur","Hololive_Sequa+1"],"picked":"Hololive_CallYukihanaLamy","floor":18},{"not_picked":["Hololive_StrengthChampion+1","Hololive_CallRosalyn","Hololive_Sequa"],"picked":"Hololive_Yoholoon","floor":19},{"not_picked":["Hololive_OvertimeWork","Hololive_Drill","Hololive_Yoholoon"],"picked":"Hololive_CallMurasakiShion","floor":21},{"not_picked":["Hololive_BringToTrial","Hololive_Rebound","Hololive_Trident"],"picked":"Hololive_CallTsunomakiWatame","floor":22},{"not_picked":["Hololive_Trident+1","Hololive_HuntDinosaur","Hololive_Breathe"],"picked":"Hololive_CallYogiri","floor":23},{"not_picked":["Hololive_StrengthChampion","Hololive_OpenUp","Hololive_Breathe"],"picked":"Hololive_CallYozoraMel","floor":25},{"not_picked":["Hololive_ManjiGathering","Hololive_Breathe","Hololive_RevenueBasedLive"],"picked":"Hololive_StrengthChampion","floor":27},{"not_picked":["Hololive_HuntDinosaur","Hololive_FlyingPonyTail","Hololive_ManjiGathering"],"picked":"Hololive_CallHoushouMarine","floor":28},{"not_picked":["Hololive_CallMurasakiShion+1","Hololive_DevilCharm","Hololive_CallDoris"],"picked":"Hololive_CallFriendA","floor":30},{"not_picked":["Hololive_HuntDinosaur","Hololive_Rebound","Hololive_Breathe"],"picked":"Hololive_CallSakuraMiko+1","floor":31},{"not_picked":["Hololive_IdolExercise","Hololive_DiamondStrike+1","Hololive_Rebirth"],"picked":"Hololive_MaximGun+1","floor":33},{"not_picked":["Hololive_CallYuzukiChoco","Hololive_LuckPotion","Hololive_HuntDinosaur"],"picked":"Hololive_ILoveYou+1","floor":35},{"not_picked":["Hololive_Rebound","Hololive_CallTsunomakiWatame","Hololive_CallOkamiMio+1"],"picked":"Hololive_CallAiraniIofifteen+1","floor":36},{"not_picked":["Hololive_SoulCatcher+1","Hololive_Trident+1","Hololive_OvertimeWork+1"],"picked":"Hololive_CallHoshimachiSuisei","floor":37},{"not_picked":["Hololive_Sequa+1","Hololive_RevenueBasedLive","Hololive_HuntDinosaur+1"],"picked":"Hololive_SoulCatcher+1","floor":39},{"not_picked":["Hololive_CallTokoyamiTowa","Hololive_Rebound","Hololive_RevenueBasedLive"],"picked":"Hololive_CallNekomataOkayu","floor":40},{"not_picked":["Hololive_StrengthChampion+1","Hololive_StarCraft","Hololive_CallSpadeEcho"],"picked":"Hololive_CallRoboco+1","floor":42},{"not_picked":["Hololive_HuntDinosaur","Hololive_RevenueBasedLive+1","Hololive_Breathe"],"picked":"Hololive_CallYozoraMel+1","floor":44},{"not_picked":["Hololive_CallYuzukiChoco","Hololive_FlyingPonyTail","Hololive_Psychosis+1"],"picked":"Hololive_CallYukihanaLamy","floor":45},{"not_picked":["Hololive_FlyingPonyTail+1","Hololive_RevenueBasedLive","Hololive_BringToTrial"],"picked":"Hololive_CallRoboco+1","floor":48},{"not_picked":["Hololive_StrengthChampion+1","Hololive_SoulCatcher+1","Hololive_CallTsunomakiWatame+1"],"picked":"Hololive_CocoNews+1","floor":55}],"player_experience":166360,"relics_obtained":[{"floor":6,"key":"Hololive_FriedShrimpLion"},{"floor":8,"key":"Toy Ornithopter"},{"floor":13,"key":"MealTicket"},{"floor":23,"key":"Bottled Tornado"},{"floor":25,"key":"Shovel"},{"floor":26,"key":"Ornamental Fan"},{"floor":28,"key":"Bronze Scales"},{"floor":30,"key":"Vajra"},{"floor":32,"key":"Molten Egg 2"},{"floor":40,"key":"Hololive_LightStick"},{"floor":41,"key":"Orichalcum"},{"floor":42,"key":"Torii"},{"floor":43,"key":"Potion Belt"},{"floor":45,"key":"FossilizedHelix"},{"floor":46,"key":"Kunai"},{"floor":53,"key":"Letter Opener"},{"floor":55,"key":"Whetstone"}],"event_choices":[{"damage_healed":0,"gold_gain":0,"player_choice":"Opened","damage_taken":0,"relics_obtained":["HornCleat"],"max_hp_gain":0,"max_hp_loss":0,"event_name":"The Mausoleum","floor":20,"gold_loss":0,"cards_obtained":["Writhe"]},{"cards_removed":["Writhe"],"damage_healed":0,"gold_gain":0,"player_choice":"Elegance","damage_taken":0,"max_hp_gain":0,"max_hp_loss":0,"event_name":"betterThird:BetterWriting","floor":29,"gold_loss":0},{"cards_removed":["Hololive_Strike"],"damage_healed":0,"gold_gain":0,"player_choice":"Removed Attack","damage_taken":0,"max_hp_gain":0,"max_hp_loss":0,"event_name":"Falling","floor":47,"gold_loss":0}],"is_beta":false,"boss_relics":[{"not_picked":["Ectoplasm","Fusion Hammer"],"picked":"Runic Dome"},{"not_picked":["Velvet Choker","Calling Bell"],"picked":"SlaversCollar"}],"items_purged_floors":[38,54],"is_endless":false,"potions_floor_spawned":[3,4,8,14,22,23,25,27,30,31,33,40,44,48],"ascension_level":20}}