{"host":"sum4dy402bbv9y4o","time":1608667441,"event":{"mods":["Aspiration","BaseMod","Conspire","Highlight Path","Minty Spire (QoL Compilation)","StSLib"],"gold_per_floor":[110,110,35,35,53,85,100,100,127,127,17,50,69,81,81,158,158,172,17,36,49,62,62,62,72,72,17,0,0,16,44,44,119,119,134,134,134,134],"floor_reached":37,"playtime":1552,"items_purged":["Regret","conspire:GhostlyStrike"],"score":798,"play_id":"fc22b47d-c84b-45c2-9f74-893714480078","local_time":"20201222230401","is_ascension_mode":true,"campfire_choices":[{"data":"Eruption","floor":8,"key":"SMITH"},{"data":"Conclude","floor":10,"key":"SMITH"},{"data":"Wallop","floor":15,"key":"SMITH"},{"floor":23,"key":"REST"},{"data":"MentalFortress","floor":29,"key":"SMITH"},{"floor":32,"key":"REST"}],"circlet_count":0,"master_deck":["AscendersBane","conspire:GhostlyStrike","conspire:GhostlyStrike","conspire:GhostlyStrike+1","conspire:GhostlyDefend+1","conspire:GhostlyDefend+1","conspire:GhostlyDefend","Eruption+1","Vigilance+1","Conclude+1","Wallop+1","MentalFortress+1","EmptyMind+1","SashWhip+1","LessonLearned","CarveReality","LikeWater+1","BowlingBash","FlurryOfBlows","Halt+1","EmptyFist","EmptyFist","PiercingWail+1","Halt","Gash","Berserk+1","Discovery"],"relics":["PureWater","aspiration:Nostalgia","Burning Blood","Lizard Tail","Oddly Smooth Stone","Strawberry","Art of War","PrismaticShard","CloakClasp","Potion Belt","conspire:SpecialSausage"],"acts_visited":["TheCity","TheBeyond"],"potions_floor_usage":[6,6,12,20,25,31,33,37],"damage_taken":[{"damage":3,"enemies":"2 Louse","floor":1,"turns":3},{"damage":0,"enemies":"Jaw Worm","floor":5,"turns":2},{"damage":11,"enemies":"Lagavulin","floor":6,"turns":4},{"damage":0,"enemies":"Cultist","floor":7,"turns":3},{"damage":4,"enemies":"3 Sentries","floor":12,"turns":3},{"damage":19,"enemies":"Exordium Wildlife","floor":13,"turns":6},{"damage":0,"enemies":"3 Louse","floor":14,"turns":2},{"damage":20,"enemies":"The Guardian","floor":16,"turns":10},{"damage":12,"enemies":"Chosen","floor":18,"turns":5},{"damage":0,"enemies":"3 Byrds","floor":20,"turns":3},{"damage":36,"enemies":"Snake Plant","floor":21,"turns":7},{"damage":0,"enemies":"conspire:HollyBat","floor":22,"turns":11},{"damage":0,"enemies":"Shelled Parasite and Fungi","floor":25,"turns":1},{"damage":6,"enemies":"Snake Plant","floor":30,"turns":4},{"damage":51,"enemies":"Book of Stabbing","floor":31,"turns":6},{"damage":89,"enemies":"Collector","floor":33,"turns":16},{"damage":42,"enemies":"3 Shapes","floor":35,"turns":3},{"damage":33,"enemies":"3 Darklings","floor":37,"turns":4}],"seed_played":"-607369831752893421","potions_obtained":[{"floor":1,"key":"Block Potion"},{"floor":5,"key":"Block Potion"},{"floor":13,"key":"Fire Potion"},{"floor":20,"key":"Strength Potion"},{"floor":25,"key":"BlessingOfTheForge"},{"floor":31,"key":"Weak Potion"},{"floor":35,"key":"Fire Potion"}],"is_trial":false,"path_per_floor":["M","?","$","?","M","E","M","R","T","R","$","E","M","M","R","B",null,"M","$","M","M","M","R","?","M","T","$","?","R","M","E","R","B",null,"M","?","M"],"character_chosen":"WATCHER","items_purchased":["SashWhip","Explosive Potion","BowlingBash","Halt"],"campfire_rested":2,"item_purchase_floors":[11,11,19,27],"current_hp_per_floor":[64,64,64,64,68,63,68,68,75,75,75,75,62,68,68,54,70,64,64,70,40,46,68,56,62,62,62,62,62,62,17,39,19,61,25,25,0,0],"gold":134,"neow_bonus":"NOSTALGIA","is_daily":false,"chose_seed":false,"campfire_upgraded":4,"win_rate":0.0,"timestamp":1608667441,"path_taken":["M","?","$","?","M","E","M","R","T","R","?","E","M","M","R","BOSS","M","$","M","M","?","R","?","M","T","$","?","R","M","E","R","BOSS","M","?","M"],"items_purchased_type":["Card","Potion","Card","Card"],"build_version":"2020-12-13","purchased_purges":2,"victory":false,"max_hp_per_floor":[68,68,68,68,68,68,68,68,75,75,75,75,75,75,75,75,75,75,75,75,75,75,75,75,75,75,75,75,75,75,75,75,75,75,75,75,75,75],"card_choices":[{"not_picked":["Worship","LikeWater"],"picked":"Conclude","floor":1},{"not_picked":["Vengeance","PathToVictory"],"picked":"Wallop","floor":5},{"not_picked":["WreathOfFlame","ConjureBlade"],"picked":"MentalFortress","floor":6},{"not_picked":["Meditate","ClearTheMind"],"picked":"EmptyMind","floor":7},{"not_picked":["FearNoEvil","PathToVictory"],"picked":"LessonLearned","floor":12},{"not_picked":["CutThroughFate","ThirdEye"],"picked":"CarveReality","floor":13},{"not_picked":["PathToVictory","Blasphemy","Evaluate"],"picked":"SKIP","floor":14},{"not_picked":["CutThroughFate","DeceiveReality"],"picked":"LikeWater+1","floor":18},{"not_picked":["Weave","EmptyMind"],"picked":"FlurryOfBlows","floor":20},{"not_picked":["CutThroughFate","Study+1"],"picked":"Halt+1","floor":21},{"not_picked":["Indignation","Vengeance+1"],"picked":"EmptyFist","floor":22},{"not_picked":["FlyingSleeves","Protect"],"picked":"EmptyFist","floor":24},{"not_picked":["Dark Shackles","Barrage"],"picked":"PiercingWail","floor":25},{"not_picked":["Force Field+1","Crippling Poison+1","Havoc"],"picked":"SKIP","floor":30},{"not_picked":["Well Laid Plans","Wild Strike"],"picked":"Gash","floor":31},{"not_picked":["Wraith Form v2","Venomology"],"picked":"Berserk","floor":33},{"not_picked":["Iron Wave","Feel No Pain","conspire:Rain"],"picked":"SKIP","floor":35}],"player_experience":2828324,"relics_obtained":[{"floor":6,"key":"Oddly Smooth Stone"},{"floor":9,"key":"Strawberry"},{"floor":12,"key":"Art of War"},{"floor":24,"key":"PrismaticShard"},{"floor":26,"key":"CloakClasp"},{"floor":31,"key":"Potion Belt"}],"event_choices":[{"damage_healed":0,"gold_gain":0,"player_choice":"Box","damage_taken":0,"relics_obtained":["Lizard Tail"],"max_hp_gain":0,"max_hp_loss":0,"event_name":"Big Fish","floor":2,"gold_loss":0,"cards_obtained":["Regret"]},{"damage_healed":0,"gold_gain":0,"player_choice":"Agree","damage_taken":0,"max_hp_gain":0,"max_hp_loss":0,"event_name":"conspire:LoneGhost","floor":4,"gold_loss":0},{"damage_healed":0,"gold_gain":0,"player_choice":"Paid Fearfully","damage_taken":0,"max_hp_gain":0,"max_hp_loss":0,"event_name":"Masked Bandits","floor":28,"gold_loss":17},{"damage_healed":0,"gold_gain":0,"cards_transformed":["conspire:GhostlyDefend"],"player_choice":"Transformed","damage_taken":0,"max_hp_gain":0,"max_hp_loss":0,"event_name":"Transmorgrifier","floor":36,"gold_loss":0,"cards_obtained":["Discovery"]}],"is_beta":false,"boss_relics":[{"not_picked":["conspire:RoyalGoblet","Philosopher\u0027s Stone","conspire:SeveredTorchhead"]},{"not_picked":["Cursed Key","Calling Bell"],"picked":"conspire:SpecialSausage"}],"items_purged_floors":[3,19],"is_endless":false,"potions_floor_spawned":[1,5,13,20,25,31,35],"killed_by":"3 Darklings","ascension_level":20}}