{"host":"v0dnu0zs4qo0v13s","time":1608622381,"event":{"mods":["BaseMod","Colored Map","Colored Powertips","Minty Spire (QoL Compilation)","Relic Stats","StSLib","SuperFastMode","everything is the same but u backflip on backflip"],"gold_per_floor":[119,130,55,65,84,84,84,84,161,191,191,91,116,131,131,205,205,205,205],"floor_reached":18,"playtime":709,"items_purged":["Strike_R","Strike_R"],"score":280,"play_id":"8a22d4b7-923e-4bab-aea2-96a23bb56215","local_time":"20201222023301","is_ascension_mode":true,"campfire_choices":[{"data":"Evolve","floor":6.0,"key":"SMITH"},{"data":"Fire Breathing","floor":8.0,"key":"SMITH"},{"data":"Bash","floor":11.0,"key":"SMITH"},{"floor":15.0,"key":"REST"}],"circlet_count":0,"master_deck":["AscendersBane","Strike_R","Strike_R","Strike_R","Defend_R","Defend_R","Defend_R","Defend_R","Bash+1","Dropkick","Fire Breathing+1","True Grit","Evolve+1","Disarm","Flame Barrier","Demon Form"],"relics":["Burning Blood","NeowsBlessing","Letter Opener","Coffee Dripper"],"acts_visited":["Exordium","TheCity"],"potions_floor_usage":[],"damage_taken":[{"damage":0.0,"enemies":"2 Louse","floor":1.0,"turns":1.0},{"damage":0.0,"enemies":"Small Slimes","floor":2.0,"turns":1.0},{"damage":0.0,"enemies":"Jaw Worm","floor":4.0,"turns":1.0},{"damage":22.0,"enemies":"Large Slime","floor":5.0,"turns":7.0},{"damage":55.0,"enemies":"Gremlin Nob","floor":13.0,"turns":5.0},{"damage":11.0,"enemies":"Looter","floor":14.0,"turns":2.0},{"damage":28.0,"enemies":"Hexaghost","floor":16.0,"turns":10.0},{"damage":30,"enemies":"Shell Parasite","floor":18,"turns":6}],"seed_played":"6143666027385088401","potions_obtained":[{"floor":1.0,"key":"FearPotion"},{"floor":13.0,"key":"GamblersBrew"},{"floor":14.0,"key":"Strength Potion"}],"is_trial":false,"path_per_floor":["M","M","$","M","M","R","?","R","T","?","R","$","E","M","R","B",null,"M"],"character_chosen":"IRONCLAD","items_purchased":[],"campfire_rested":1,"item_purchase_floors":[],"current_hp_per_floor":[74,75,75,75,59,59,75,75,75,75,75,75,26,21,43,21,62,32,32],"gold":205,"neow_bonus":"THREE_ENEMY_KILL","is_daily":false,"chose_seed":false,"campfire_upgraded":3,"win_rate":0.0,"timestamp":1608622381,"path_taken":["M","M","$","M","M","R","?","R","T","?","R","$","E","M","R","BOSS","M"],"items_purchased_type":[],"build_version":"2020-12-13","purchased_purges":2,"victory":false,"max_hp_per_floor":[75,75,75,75,75,75,75,75,75,75,75,75,75,75,75,75,75,75,75],"relic_stats":{"counters":[8,33],"Letter Opener":[0],"obtain_stats":[{"NeowsBlessing":0,"Coffee Dripper":17,"Letter Opener":9,"Burning Blood":0},{"NeowsBlessing":0,"Coffee Dripper":7,"Letter Opener":4,"Burning Blood":0},{"NeowsBlessing":0,"Coffee Dripper":27,"Letter Opener":10,"Burning Blood":0}],"Burning Blood":31},"card_choices":[{"not_picked":["Twin Strike","Iron Wave"],"picked":"Dropkick","floor":1.0},{"not_picked":["Rage","Clash"],"picked":"Fire Breathing","floor":2.0},{"not_picked":["Bloodletting","Whirlwind"],"picked":"True Grit","floor":4.0},{"not_picked":["Whirlwind","Burning Pact"],"picked":"Evolve","floor":5.0},{"not_picked":["Metallicize","Headbutt"],"picked":"Disarm","floor":13.0},{"not_picked":["Bloodletting","Perfected Strike"],"picked":"Flame Barrier","floor":14.0},{"not_picked":["Feed","Brutality"],"picked":"Demon Form","floor":16.0}],"player_experience":636619,"relics_obtained":[{"floor":9.0,"key":"Letter Opener"}],"event_choices":[{"damage_healed":25.0,"max_hp_gain":0.0,"max_hp_loss":0.0,"gold_gain":0.0,"event_name":"Big Fish","player_choice":"Banana","floor":7.0,"gold_loss":0.0,"damage_taken":0.0},{"damage_healed":0.0,"max_hp_gain":0.0,"max_hp_loss":0.0,"gold_gain":30.0,"event_name":"Dead Adventurer","player_choice":"Searched \u00271\u0027 times","floor":10.0,"gold_loss":0.0,"damage_taken":0.0}],"is_beta":false,"boss_relics":[{"not_picked":["Sozu","Snecko Eye"],"picked":"Coffee Dripper"}],"items_purged_floors":[3,12],"is_endless":false,"potions_floor_spawned":[1,13,14],"killed_by":"Shell Parasite","ascension_level":15}}