{"host":"gh0nmty43e3htft0","time":1608611172,"event":{"mods":["BaseMod","Colored Powertips","Minty Spire (QoL Compilation)","StSLib","The Animator"],"gold_per_floor":[110,122,41,60,87,121,121,3,3,33,33,33,52,77,77,207,207,242,266,266,266],"floor_reached":20,"playtime":1883,"items_purged":[],"score":178,"play_id":"dafcae80-5bbc-4dc0-954e-9f638bb3190b","local_time":"20201221232612","is_ascension_mode":false,"campfire_choices":[{"floor":15,"key":"REST"}],"circlet_count":0,"master_deck":["animator:Strike_GATE","animator:Defend_GATE","animator:Strike","animator:Strike","animator:Defend","animator:Defend","animator:Defend","animator:TukaLunaMarceau","animator:Kuribayashi","animator:Cirno","animator:Viivi","animator:RoyMustang","animator:GazelDwargon","animator:Nanami","animator:Bozes","animator:MaesHughes","animator:Witch","animator:Greed","animator:Bozes","animator:ItamiYouji","animator:Yoichi","animator:Mitsuba+1"],"relics":["animator:LivingPicture","animator:TheMissingPiece","animator:PurgingStone","Toy Ornithopter","Golden Idol","animator:CerealBox","InkBottle","WarpedTongs","Empty Cage"],"acts_visited":["Exordium","TheCity"],"potions_floor_usage":[16,20,20,20],"damage_taken":[{"damage":1,"enemies":"2 Louse","floor":1,"turns":3},{"damage":3,"enemies":"Small Slimes","floor":2,"turns":4},{"damage":2,"enemies":"Cultist","floor":4,"turns":4},{"damage":4,"enemies":"2 Fungi Beasts","floor":5,"turns":3},{"damage":10,"enemies":"Lagavulin","floor":6,"turns":8},{"damage":4,"enemies":"Blue Slaver","floor":10,"turns":5},{"damage":29,"enemies":"Large Slime","floor":13,"turns":6},{"damage":15,"enemies":"Looter","floor":14,"turns":3},{"damage":33,"enemies":"Slime Boss","floor":16,"turns":15},{"damage":34,"enemies":"3 Byrds","floor":18,"turns":6},{"damage":7,"enemies":"Chosen","floor":19,"turns":8},{"damage":48,"enemies":"Masked Bandits","floor":20,"turns":5}],"seed_played":"8600907881609893130","potions_obtained":[{"floor":2,"key":"Weak Potion"},{"floor":6,"key":"Energy Potion"},{"floor":14,"key":"Ancient Potion"},{"floor":16,"key":"animator:FalseLifePotion"}],"is_trial":false,"path_per_floor":["M","M","$","M","M","E","?","$","T","M","?","$","M","M","R","B",null,"M","M","?"],"character_chosen":"THE_ANIMATOR","items_purchased":["animator:GazelDwargon","animator:CerealBox"],"campfire_rested":1,"item_purchase_floors":[3,8],"current_hp_per_floor":[65,62,62,60,56,46,30,50,50,46,46,54,25,10,29,2,67,33,27,0,0],"gold":266,"neow_bonus":"RANDOM_COLORLESS","is_daily":false,"chose_seed":false,"campfire_upgraded":0,"win_rate":0.0,"timestamp":1608611172,"path_taken":["M","M","$","M","M","E","?","$","T","M","?","$","M","M","R","BOSS","M","?","?"],"items_purchased_type":["Card","Relic"],"build_version":"2020-12-13","purchased_purges":0,"victory":false,"max_hp_per_floor":[66,66,66,66,66,66,66,66,66,66,66,66,66,66,66,67,67,67,68,68,68],"card_choices":[{"not_picked":["animator:MisaKurobane","animator:Magilou"],"picked":"animator:Cirno","floor":0},{"not_picked":["animator:Mitsuba","animator:Mikaela"],"picked":"animator:Viivi","floor":1},{"not_picked":["animator:Mikaela","animator:DolaRiku"],"picked":"animator:RoyMustang","floor":2},{"not_picked":["animator:Chris","animator:Yuuichirou"],"picked":"animator:Nanami","floor":4},{"not_picked":["animator:Tyuule","animator:Kuribayashi"],"picked":"animator:Bozes","floor":5},{"not_picked":["animator:HighElfArcher","animator:FielNirvalen"],"picked":"animator:MaesHughes","floor":6},{"not_picked":["animator:Chris","animator:Nanami"],"picked":"animator:Witch","floor":10},{"not_picked":["animator:Jibril","animator:CowGirl"],"picked":"animator:Greed","floor":13},{"not_picked":["animator:TukaLunaMarceau","animator:RoryMercury"],"picked":"animator:Bozes","floor":14},{"not_picked":["animator:Shizu","animator:GoblinSlayer"],"picked":"animator:ItamiYouji","floor":16},{"not_picked":["animator:Kaijin+1","animator:Emonzaemon"],"picked":"animator:Yoichi","floor":18},{"not_picked":["animator:Shion+1","animator:CowGirl"],"picked":"animator:Mitsuba+1","floor":19}],"player_experience":153286,"relics_obtained":[{"floor":6,"key":"Toy Ornithopter"},{"floor":9,"key":"InkBottle"}],"event_choices":[{"damage_healed":0,"gold_gain":0,"player_choice":"Take Damage","damage_taken":16,"relics_obtained":["Golden Idol"],"max_hp_gain":0,"max_hp_loss":0,"event_name":"Golden Idol","floor":7,"gold_loss":0},{"damage_healed":0,"gold_gain":0,"player_choice":"Rummage","damage_taken":0,"relics_obtained":["WarpedTongs"],"max_hp_gain":0,"max_hp_loss":0,"event_name":"Accursed Blacksmith","floor":11,"gold_loss":0,"cards_obtained":["Pain"]},{"damage_healed":0,"gold_gain":0,"player_choice":"Fought Bandits","damage_taken":0,"max_hp_gain":0,"max_hp_loss":0,"event_name":"Masked Bandits","floor":20,"gold_loss":0}],"is_beta":false,"boss_relics":[{"not_picked":["Velvet Choker","Coffee Dripper"],"picked":"Empty Cage"}],"items_purged_floors":[],"is_endless":false,"potions_floor_spawned":[2,6,14,16],"killed_by":"Masked Bandits","ascension_level":0}}