{"host":"g462bm4kxxqxmkbv","time":1608650250,"event":{"mods":["2.2 Compatiblity","Act Like it!","Aspiration","Bard","BaseMod","Better Note","Better Third Choice","Better Vampires","Colored Map","Conspire","Dio Mod","Downfall","Hallownest","Hermit","Hero for Fun","Hubris","Infinite Spire","Minty Spire (QoL Compilation)","Permanent Neow","Quick Restart","Rare Cards Sparkle","Replay The Spire","Shop Mod","Small Relic Pack","Spicy Shops","StSLib","The Bladedancer","The Bug Knight","The Cursed","The Disciple","The Druid","The Exalted","The Forsaken","The Hierophant","The Judge","The Jungle","The Kombatant","The Necromancer","The Sage","The Servant 0.9.4","The Valiant","The Wild Card","Waifu the Spire"],"gold_per_floor":[212,223,223,239,18,18,43,43,68,68,68,18,18,66,66,162,162,181,181,195,211,276,276,286,320,394,394,394],"floor_reached":27,"playtime":1196,"items_purged":[],"score":256,"play_id":"e8b4b750-3473-4b49-b18e-2389a419b641","local_time":"20201222221730","is_ascension_mode":false,"campfire_choices":[{"floor":6,"key":"RECALL"},{"floor":8,"key":"REST"},{"floor":13,"key":"REST"},{"data":"Bromod:SpeedTrigger","floor":15,"key":"SMITH"},{"floor":23,"key":"REST"}],"circlet_count":0,"master_deck":["Bromod:Strike_Bro","Bromod:Strike_Bro","Bromod:Strike_Bro","Bromod:Defend_Bro","Bromod:Defend_Bro","Bromod:Defend_Bro","Bromod:Defend_Bro","Bromod:SlashDash","Bromod:SlashDash","Bromod:SlashDash","Bromod:OrganShatter","Bromod:SpeedTrigger+1","ResonantCall","Bromod:Thunderbolt","Bromod:OrganShatter","Bromod:ArchwingLauncher","Bromod:SlashDash","Bromod:VoltaicStrike","Bromod:NoReturn+1","Bromod:Rejuvenation","Bromod:NoReturn","Bromod:BloodRush","Bromod:BodyCount","Bromod:SteelFiber"],"relics":["Bromod:Ordis","Bromod:AscarisDevice","Bromod:ArcaneMomentum","Replay:WaspNest","relicPack:DSword","Happy Flower","relicPack:KazumaCape","Bromod:DecayingDragonKey","ReplayFunnel","hubris:CrystalStatue"],"acts_visited":["Exordium","TheCity"],"potions_floor_usage":[25,25,25,27],"damage_taken":[{"damage":2,"enemies":"2 Louse","floor":1,"turns":3},{"damage":6,"enemies":"Cultist","floor":2,"turns":3},{"damage":0,"enemies":"Small Slimes","floor":4,"turns":3},{"damage":15,"enemies":"Gremlin Nob","floor":7,"turns":2},{"damage":36,"enemies":"The Guardian","floor":16,"turns":5},{"damage":15,"enemies":"2 Thieves","floor":18,"turns":3},{"damage":0,"enemies":"3 Byrds","floor":20,"turns":2},{"damage":7,"enemies":"3 Cultists","floor":21,"turns":4},{"damage":7,"enemies":"Centurion and Healer","floor":22,"turns":4},{"damage":44,"enemies":"Shelled Parasite and Fungi","floor":24,"turns":4},{"damage":13,"enemies":"Nightmare","floor":25,"turns":5},{"damage":13,"enemies":"Snake Plant","floor":27,"turns":1}],"seed_played":"7265160066746345071","potions_obtained":[{"floor":2,"key":"Adrenaline Potion"},{"floor":7,"key":"SkillPotion"},{"floor":18,"key":"Strength Potion"},{"floor":25,"key":"Bromod:HealthRestore"}],"is_trial":false,"path_per_floor":["M","M","?","M","$","R","E","R","T","$","?","$","R","T","R","B",null,"M","?","M","M","M","R","M","NM","T","M"],"character_chosen":"THE_EXALTED","items_purchased":["Bromod:ArcaneMomentum","Bromod:OrganShatter","Bromod:SlashDash"],"campfire_rested":3,"item_purchase_floors":[5,5,12],"current_hp_per_floor":[73,67,67,67,67,67,52,74,74,74,39,39,61,61,61,25,75,60,60,60,53,46,68,24,11,11,0,0],"gold":394,"neow_bonus":"HUNDRED_GOLD","is_daily":false,"chose_seed":false,"campfire_upgraded":1,"win_rate":0.0,"timestamp":1608650250,"path_taken":["M","M","?","?","?","R","E","R","T","$","?","$","R","?","R","BOSS","M","?","M","M","M","R","M","NM","T","M"],"items_purchased_type":["Relic","Card","Card"],"build_version":"2020-12-13","purchased_purges":0,"victory":false,"max_hp_per_floor":[75,75,75,75,75,75,75,75,75,75,75,75,75,75,75,75,75,75,75,75,75,75,75,75,75,75,75,75],"card_choices":[{"not_picked":["Bromod:ShatteringImpact","Bromod:FastHands"],"picked":"Bromod:OrganShatter","floor":1},{"not_picked":["Bromod:Vitality","Bromod:Redirection"],"picked":"Bromod:SpeedTrigger","floor":2},{"not_picked":["Bromod:PressurePoint","Bromod:OrganShatter"],"picked":"Bromod:Thunderbolt","floor":4},{"not_picked":["Bromod:HeatedCharge","Bromod:Redirection"],"picked":"Bromod:ArchwingLauncher","floor":7},{"not_picked":["Bromod:Berserker","Bromod:ConditionOverload"],"picked":"Bromod:VoltaicStrike","floor":16},{"not_picked":["Bromod:ShatteringImpact","Bromod:TargetCracker"],"picked":"Bromod:NoReturn+1","floor":18},{"not_picked":["Bromod:QuickDraw","Bromod:PressurePoint"],"picked":"Bromod:Rejuvenation","floor":20},{"not_picked":["Bromod:ArchwingLauncher","Bromod:Vitality"],"picked":"Bromod:NoReturn","floor":21},{"not_picked":["Bromod:BulletJump","Bromod:Redirection"],"picked":"Bromod:BloodRush","floor":22},{"not_picked":["Bromod:FastHands","Bromod:Redirection"],"picked":"Bromod:BodyCount","floor":24},{"not_picked":["Bromod:Reflection","Bromod:Redirection"],"picked":"Bromod:SteelFiber","floor":25}],"player_experience":453848,"relics_obtained":[{"floor":7,"key":"Replay:WaspNest"},{"floor":14,"key":"Happy Flower"},{"floor":25,"key":"ReplayFunnel"},{"floor":26,"key":"hubris:CrystalStatue"}],"event_choices":[{"damage_healed":0,"gold_gain":0,"player_choice":"Take","damage_taken":0,"max_hp_gain":0,"max_hp_loss":0,"event_name":"betterNote:BetterNote","floor":3,"gold_loss":0,"cards_obtained":["ResonantCall"]}],"is_beta":false,"boss_relics":[{"not_picked":["aspiration:DefectSkillbook","aspiration:RitualDagger"],"picked":"relicPack:KazumaCape"}],"items_purged_floors":[],"is_endless":false,"potions_floor_spawned":[2,7,18,25],"killed_by":"Snake Plant","ascension_level":0}}