{"host":"iawk615p0198zs2h","time":1608674446,"event":{"mods":["BaseMod","Better Third Choice","BetterRewards","Gold Saver","Infinite Spire","Minty Spire (QoL Compilation)","Quick Restart","Rare Cards Sparkle","Replay The Spire","Spicy Shops","StSLib"],"gold_per_floor":[397,45,60,10,10,35,35,70,70,87,100,175,175,175,175,270,270,285,285,303,315,40,70,70,98,169,194,194,227,244,244,244,360,460,501,547,593,593,593,593,658,712,712,772,772,850,864,864,864],"floor_reached":48,"playtime":3646,"items_purged":["Strike_P","Defend_P","Strike_P","Defend_P","Defend_P+1"],"score":906,"play_id":"76311524-b234-481b-a60f-1bfb76981db8","local_time":"20201222230046","is_ascension_mode":true,"campfire_choices":[{"floor":7,"key":"REST"},{"data":"Defend_P","floor":13,"key":"PURGE"},{"data":"ReplayTheSpireMod:Restless Dread","floor":15,"key":"PURGE"},{"data":"Strike_P","floor":24,"key":"PURGE"},{"data":"Wish","floor":28,"key":"SMITH"},{"data":"infinitespire:Fortify","floor":32,"key":"SMITH"},{"data":"Wish+1","floor":40,"key":"PURGE"}],"circlet_count":0,"master_deck":["Eruption+1","Vigilance+1","ThirdEye+1","ClearTheMind+1","infinitespire:Punishment+1","Nirvana+1","BattleHymn+1","Establishment+1","ThirdEye+1","Crescendo+1","Ragnarok+1","infinitespire:Fortify+1","infinitespire:Starlight+1","Replay:Fractal Strike+1","Replay:AtTheReady+1","infinitespire:Punishment+1","CutThroughFate+1"],"relics":["VioletLotus","BargainBundle","Peace Pipe","Shovel","Pondfish Scales","ReplayTheSpireMod:Ring of Collecting","Coffee Dripper","Pantograph","Lizard Tail","Mercury Hourglass","Bottled Lightning","Molten Egg 2","Quantum Egg","infinitespire:EvilPickle","Replay:Wanted Poster","CaptainsWheel","MealTicket","Ring of Fury","Iron Hammer","Replay:Rubber Ducky"],"acts_visited":["Exordium","TheCity","TheBeyond"],"potions_floor_usage":[16,16,25,33,47,48,48],"damage_taken":[{"damage":3,"enemies":"2 Louse","floor":1,"turns":3},{"damage":0,"enemies":"Jaw Worm","floor":3,"turns":5},{"damage":12,"enemies":"3 Sentries","floor":6,"turns":8},{"damage":13,"enemies":"Lagavulin","floor":8,"turns":6},{"damage":0,"enemies":"Small Slimes","floor":10,"turns":3},{"damage":0,"enemies":"3 Louse","floor":11,"turns":3},{"damage":34,"enemies":"The Guardian","floor":16,"turns":10},{"damage":13,"enemies":"Shell Parasite","floor":18,"turns":4},{"damage":0,"enemies":"Chosen","floor":20,"turns":4},{"damage":23,"enemies":"Shelled Parasite and Fungi","floor":21,"turns":4},{"damage":29,"enemies":"Slavers","floor":23,"turns":7},{"damage":6,"enemies":"Replay:Snechameleon","floor":25,"turns":4},{"damage":3,"enemies":"Gremlin Leader","floor":27,"turns":7},{"damage":0,"enemies":"Book of Stabbing","floor":29,"turns":6},{"damage":10,"enemies":"Snake Plant","floor":30,"turns":3},{"damage":20,"enemies":"Pondfish","floor":33,"turns":6},{"damage":21,"enemies":"3 Darklings","floor":35,"turns":3},{"damage":0,"enemies":"3 Shapes","floor":36,"turns":3},{"damage":13,"enemies":"2 Orb Walkers","floor":37,"turns":3},{"damage":0,"enemies":"R_Hoarder","floor":41,"turns":2},{"damage":5,"enemies":"Sphere and 2 Shapes","floor":42,"turns":3},{"damage":12,"enemies":"Maw","floor":44,"turns":5},{"damage":1,"enemies":"Reptomancer","floor":46,"turns":4},{"damage":5,"enemies":"Writhing Mass","floor":47,"turns":3},{"damage":90,"enemies":"Nightmare","floor":48,"turns":4}],"seed_played":"5727659857788610413","potions_obtained":[{"floor":6,"key":"SkillPotion"},{"floor":23,"key":"ColorlessPotion"},{"floor":27,"key":"Toxic Potion"},{"floor":30,"key":"LiquidBronze"},{"floor":41,"key":"DuplicationPotion"},{"floor":42,"key":"Milkshake"},{"floor":47,"key":"LifebloodPotion"}],"is_trial":false,"path_per_floor":["M","$","M","?","?","E","R","E","T","M","M","?","R","?","R","B",null,"M","?","M","M","$","E","R","E","T","E","R","E","M","AVR","R","B",null,"M","M","?","?","?","R","E","M","T","M","?","E","M","NM"],"character_chosen":"WATCHER","items_purchased":["BargainBundle","LessonLearned","ThirdEye","Doom Potion","Toxic Potion","Doom Potion"],"campfire_rested":1,"item_purchase_floors":[2,2,2,2,2,2],"current_hp_per_floor":[69,69,69,69,50,38,59,46,46,46,46,35,35,35,35,1,72,59,59,59,36,36,7,7,1,1,36,36,36,26,26,26,41,72,51,51,48,48,48,48,63,63,63,51,78,78,78,0,0],"gold":864,"neow_bonus":"BOSS_RELIC","is_daily":false,"chose_seed":false,"campfire_upgraded":2,"win_rate":0.0,"timestamp":1608674446,"path_taken":["M","$","M","?","?","E","R","E","T","M","?","?","R","?","R","BOSS","M","?","M","?","$","E","R","E","T","E","R","E","M","AVR","R","BOSS","M","M","?","?","?","R","E","M","T","?","?","E","?","NM"],"items_purchased_type":["Relic","Card","Card","Potion","Potion","Potion"],"build_version":"2020-12-13","purchased_purges":5,"victory":false,"max_hp_per_floor":[72,72,72,72,72,72,72,72,72,72,72,72,72,72,72,72,72,72,72,72,72,72,72,72,72,72,72,72,72,72,72,72,72,72,72,72,72,68,68,68,68,68,68,68,78,78,78,78,78],"card_choices":[{"not_picked":["PathToVictory","BowlingBash","Consecrate"],"picked":"SKIP","floor":1},{"not_picked":["EmptyBody","BowlingBash"],"picked":"ClearTheMind","floor":3},{"not_picked":["infinitespire:Oblivion","ReplayTheSpireMod:??????????????????????"],"picked":"infinitespire:Punishment","floor":5},{"not_picked":["Pray","Protect","FlyingSleeves"],"picked":"SKIP","floor":6},{"not_picked":["EmptyBody","Swivel"],"picked":"Nirvana","floor":8},{"not_picked":["Protect","WheelKick"],"picked":"Wish","floor":10},{"not_picked":["CrushJoints","FearNoEvil"],"picked":"BattleHymn","floor":11},{"not_picked":["Vault","Alpha"],"picked":"Establishment","floor":16},{"not_picked":["ForeignInfluence","CrushJoints","ClearTheMind+1"],"picked":"SKIP","floor":18},{"not_picked":["EmptyFist","PathToVictory"],"picked":"ThirdEye+1","floor":20},{"not_picked":["BowlingBash","EmptyFist+1","Replay:Vibes"],"picked":"SKIP","floor":21},{"not_picked":["Replay:ManipulateFuture+1","PathToVictory+1","Vengeance+1"],"picked":"SKIP","floor":23},{"not_picked":["FollowUp","Study","FearNoEvil"],"picked":"SKIP","floor":25},{"not_picked":["Replay:Vibes+1","EmptyBody"],"picked":"Crescendo","floor":27},{"not_picked":["PathToVictory+1","Replay:ManipulateFuture"],"picked":"Ragnarok+1","floor":29},{"not_picked":["EmptyFist+1","CrushJoints+1","PathToVictory"],"picked":"SKIP","floor":30},{"not_picked":["ForeignInfluence+1","Prostrate+1"],"picked":"Replay:AtTheReady+1","floor":35},{"not_picked":["EmptyFist+1","Replay:AtTheReady","Indignation+1"],"picked":"SKIP","floor":36},{"not_picked":["TalkToTheHand+1","CarveReality+1","FlurryOfBlows+1"],"picked":"SKIP","floor":41},{"not_picked":["JustLucky+1","Vengeance","SashWhip+1"],"picked":"SKIP","floor":42},{"not_picked":["Replay:ManipulateFuture+1","Fasting2","MentalFortress"],"picked":"SKIP","floor":44},{"not_picked":["CrushJoints+1","ReachHeaven+1","Devotion"],"picked":"SKIP","floor":46},{"not_picked":["CrushJoints+1","ReachHeaven+1","Devotion"],"picked":"SKIP","floor":46},{"not_picked":["ClearTheMind","Halt+1"],"picked":"CutThroughFate+1","floor":47}],"player_experience":198240,"relics_obtained":[{"floor":6,"key":"Peace Pipe"},{"floor":8,"key":"Shovel"},{"floor":9,"key":"Pondfish Scales"},{"floor":14,"key":"ReplayTheSpireMod:Ring of Collecting"},{"floor":23,"key":"Lizard Tail"},{"floor":25,"key":"Mercury Hourglass"},{"floor":26,"key":"Bottled Lightning"},{"floor":27,"key":"Molten Egg 2"},{"floor":29,"key":"Quantum Egg"},{"floor":37,"key":"CaptainsWheel"},{"floor":41,"key":"MealTicket"},{"floor":43,"key":"Ring of Fury"},{"floor":43,"key":"Iron Hammer"},{"floor":46,"key":"Replay:Rubber Ducky"}],"event_choices":[{"cards_removed":["Strike_P"],"damage_healed":0,"gold_gain":0,"player_choice":"Card Removal","damage_taken":0,"max_hp_gain":0,"max_hp_loss":0,"event_name":"The Cleric","floor":4,"gold_loss":50},{"damage_healed":0,"gold_gain":75,"player_choice":"Gold","damage_taken":11,"max_hp_gain":0,"max_hp_loss":0,"event_name":"betterThird:BetterGoop","floor":12,"gold_loss":0},{"damage_healed":0,"gold_gain":0,"player_choice":"Gave Potion","damage_taken":0,"relics_obtained":["Pantograph"],"max_hp_gain":0,"max_hp_loss":0,"event_name":"WeMeetAgain","floor":19,"gold_loss":0},{"damage_healed":0,"gold_gain":0,"player_choice":"Fight","damage_taken":0,"max_hp_gain":0,"max_hp_loss":0,"event_name":"Mysterious Sphere","floor":37,"gold_loss":0},{"damage_healed":0,"gold_gain":0,"player_choice":"Max HP","damage_taken":0,"max_hp_gain":0,"max_hp_loss":4,"event_name":"Winding Halls","floor":38,"gold_loss":0},{"damage_healed":0,"gold_gain":0,"player_choice":"Copied","damage_taken":0,"max_hp_gain":0,"max_hp_loss":0,"event_name":"Duplicator","floor":39,"gold_loss":0,"cards_obtained":["infinitespire:Punishment"]},{"cards_removed":["LessonLearned"],"damage_healed":17,"gold_gain":0,"player_choice":"Offered Rare","damage_taken":0,"max_hp_gain":10,"max_hp_loss":0,"event_name":"Bonfire Elementals","floor":45,"gold_loss":0}],"is_beta":false,"boss_relics":[{"not_picked":["Astrolabe","Pandora\u0027s Box"],"picked":"Coffee Dripper"},{"not_picked":["Tiny House","Replay:Bronze Core"],"picked":"Replay:Wanted Poster"}],"items_purged_floors":[2,2,22,22,31],"is_endless":false,"potions_floor_spawned":[3,6,8,23,27,30,41,42,44,46,47],"killed_by":"Nightmare","ascension_level":2}}