{"host":"gh0nmty43e3htft0","time":1608617541,"event":{"mods":["BaseMod","Colored Powertips","Koishi","Minty Spire (QoL Compilation)","StSLib"],"gold_per_floor":[115,190,22,38,38,38,54,54,106,166,88,88,88,116,116,116,116],"floor_reached":16,"playtime":704,"items_purged":[],"score":96,"play_id":"779d42fa-3bca-4df0-9270-3dd074c653b9","local_time":"20201222011221","is_ascension_mode":false,"campfire_choices":[{"data":"Koishi:FidgetySnatcher","floor":6,"key":"SMITH"},{"data":"Koishi:CatchAndRose","floor":8,"key":"SMITH"},{"floor":13,"key":"REST"},{"floor":15,"key":"REST"}],"circlet_count":0,"master_deck":["Koishi:BasicStrike","Koishi:BasicStrike","Koishi:BasicStrike","Koishi:BasicDefend","Koishi:BasicDefend","Koishi:BasicDefend","Koishi:BasicDefend","Koishi:Provoke","Koishi:HauntingSlash","Koishi:RacingHeart","Koishi:FidgetySnatcher+1","Flash of Steel","Koishi:TremblingHands","Koishi:CatchAndRose+1","Koishi:SubterraneanRose","Koishi:ConfinedInnocent+1","Koishi:SprinkleStarAndHeart"],"relics":["Koishi:ImaginaryFriend","NeowsBlessing","Koishi:BloodstainedWhiteRose","Koishi:EchoesOfADeadGirl","Vajra"],"acts_visited":["Exordium"],"potions_floor_usage":[16,16,16,16,16],"damage_taken":[{"damage":0,"enemies":"Small Slimes","floor":1,"turns":1},{"damage":0,"enemies":"2 Louse","floor":4,"turns":1},{"damage":0,"enemies":"Jaw Worm","floor":7,"turns":1},{"damage":11,"enemies":"Lagavulin Event","floor":10,"turns":6},{"damage":45,"enemies":"Gremlin Nob","floor":14,"turns":6},{"damage":37,"enemies":"The Guardian","floor":16,"turns":7}],"seed_played":"-7750762077143150139","potions_obtained":[{"floor":10,"key":"EntropicBrew"},{"floor":14,"key":"AttackPotion"}],"is_trial":false,"path_per_floor":["M","?","$","M","?","R","M","R","T","?","$","?","R","E","R","B"],"character_chosen":"KOISHI","items_purchased":["Koishi:FidgetySnatcher","Flash of Steel","Koishi:ConfinedInnocent"],"campfire_rested":2,"item_purchase_floors":[3,3,11],"current_hp_per_floor":[60,49,49,49,42,42,42,42,42,37,37,37,55,19,37,0,0],"gold":116,"neow_bonus":"THREE_ENEMY_KILL","is_daily":false,"chose_seed":false,"campfire_upgraded":2,"win_rate":0.0,"timestamp":1608617541,"path_taken":["M","?","$","M","?","R","M","R","T","?","$","?","R","E","R","BOSS"],"items_purchased_type":["Card","Card","Card"],"build_version":"2020-12-13","purchased_purges":0,"victory":false,"max_hp_per_floor":[60,60,60,60,60,60,60,60,60,60,60,60,60,60,60,60,60],"card_choices":[{"not_picked":["Koishi:DreadfulBlow","Koishi:Vanish"],"picked":"Koishi:RacingHeart","floor":1},{"not_picked":["Koishi:FreudianInstinct","Koishi:HeartAttack"],"picked":"Koishi:TremblingHands","floor":4},{"not_picked":["Koishi:HeartAttack","Koishi:UnansweredLove"],"picked":"Koishi:CatchAndRose","floor":7},{"not_picked":["Koishi:DreadfulBlow","Koishi:JumpScare"],"picked":"Koishi:SubterraneanRose","floor":10},{"not_picked":["Koishi:RorschachInDanmaku","Koishi:Prune"],"picked":"Koishi:SprinkleStarAndHeart","floor":14}],"player_experience":136346,"relics_obtained":[{"floor":9,"key":"Koishi:BloodstainedWhiteRose"},{"floor":10,"key":"Koishi:EchoesOfADeadGirl"},{"floor":14,"key":"Vajra"}],"event_choices":[{"damage_healed":0,"gold_gain":75,"player_choice":"Gather Gold","damage_taken":11,"max_hp_gain":0,"max_hp_loss":0,"event_name":"World of Goop","floor":2,"gold_loss":0},{"cards_removed":["Koishi:BasicStrike"],"damage_healed":0,"gold_gain":0,"player_choice":"Card Removal","damage_taken":7,"max_hp_gain":0,"max_hp_loss":0,"event_name":"Golden Wing","floor":5,"gold_loss":0},{"damage_healed":0,"gold_gain":0,"player_choice":"Searched \u00271\u0027 times","damage_taken":0,"max_hp_gain":0,"max_hp_loss":0,"event_name":"Dead Adventurer","floor":10,"gold_loss":0},{"damage_healed":0,"gold_gain":0,"player_choice":"Grow","damage_taken":0,"max_hp_gain":0,"max_hp_loss":0,"event_name":"Living Wall","floor":12,"gold_loss":0,"cards_upgraded":["Koishi:ConfinedInnocent"]}],"is_beta":false,"boss_relics":[],"items_purged_floors":[],"is_endless":false,"potions_floor_spawned":[10,14],"killed_by":"The Guardian","ascension_level":0}}