{"host":"zhypnm5xlgq8j242","time":1608638816,"event":{"mods":["AchievementEnabler","BaseMod","BetterRewards","Colored Powertips","Hermit","Keyboard Shortcuts","Minty Spire (QoL Compilation)","Quick Restart","Replay The Spire","Shop Mod","StSLib","The Cursed","The Hierophant","The Runesmith"],"gold_per_floor":[113,125,140,65,80,80,108,121,121,43,72,87,98,123,123,224,224,242,259,259,259,184,217,230,265,315,315,315,44,103,122,122,227,227,237,237,282,282,294,322,336,336,336,362,386,423,124,148,148,148],"floor_reached":51,"playtime":5263,"items_purged":["Strike_G","Looming Evil"],"score":1209,"play_id":"fb348b77-c5b9-4274-b78b-cbca0213b4cd","local_time":"20201222210656","is_ascension_mode":true,"campfire_choices":[{"data":"Skewer","floor":6.0,"key":"SMITH"},{"floor":15.0,"key":"REST"},{"floor":27,"key":"REST"},{"floor":32,"key":"DIG"},{"data":"Transmutation","floor":42,"key":"SMITH"},{"floor":49,"key":"REST"}],"circlet_count":0,"master_deck":["Strike_G","Strike_G","Defend_G","Defend_G","Defend_G","Defend_G","Survivor","Neutralize","Skewer+1","Hidden Blade","Footwork","Leg Sweep","Burst","Acrobatics","Footwork","After Image","Cloak And Dagger","Noxious Fumes","After Image","PiercingWail+1","Blade Dance","Infinite Blades","Flying Knee+1","ReplayTheSpireMod:Speed Training","Dagger Throw+1","ReplayTheSpireMod:Exploit Weakness","Pot Of Greed","Pot Of Greed","Pot Of Greed","Footwork","ReplayTheSpireMod:Splinters","Flying Knee+1","Tools of the Trade","Night Terror","PiercingWail+1","Predator+1","Replay:Parry+1","Pot Of Greed","Discovery","Transmutation+1","Quick Slash+1","Crippling Poison+1","Tactician+1","Envenom","Parasite","Blade Dance+1","ReplayTheSpireMod:Scrap Shanks+1","hermit:Brawl+1"],"relics":["Philosopher\u0027s Stone","Ginger","Molten Egg 2","Paper Crane","HornCleat","HoveringKite","Nilry\u0027s Codex","Bag of Marbles","Letter Opener","Pet Ghost","Grinning Jar","Replay:Rubber Ducky","Durian","Black Star","Ring of Panic","ReplayTheSpireMod:Ring of Addiction","SacredBark","Potion Belt","Thread and Needle","Akabeko","Mercury Hourglass","Onion Ring","White Beast Statue","Vajra","CeramicFish","PrismaticShard"],"acts_visited":["Exordium","TheCity","TheBeyond"],"potions_floor_usage":[23,24,25,37,37,39,40,50],"damage_taken":[{"damage":1.0,"enemies":"Cultist","floor":1.0,"turns":5.0},{"damage":0.0,"enemies":"2 Louse","floor":2.0,"turns":3.0},{"damage":0.0,"enemies":"Small Slimes","floor":3.0,"turns":3.0},{"damage":0.0,"enemies":"2 Fungi Beasts","floor":5.0,"turns":4.0},{"damage":12.0,"enemies":"3 Sentries","floor":7.0,"turns":7.0},{"damage":3.0,"enemies":"Blue Slaver","floor":8.0,"turns":4.0},{"damage":7.0,"enemies":"Lagavulin","floor":11.0,"turns":9.0},{"damage":12.0,"enemies":"Exordium Wildlife","floor":12.0,"turns":6.0},{"damage":5.0,"enemies":"Large Slime","floor":13.0,"turns":6.0},{"damage":0.0,"enemies":"Gremlin Nob","floor":14.0,"turns":5.0},{"damage":4.0,"enemies":"The Guardian","floor":16.0,"turns":14.0},{"damage":0,"enemies":"Spheric Guardian","floor":18,"turns":8},{"damage":4,"enemies":"Shell Parasite","floor":19,"turns":7},{"damage":13,"enemies":"Slavers","floor":23,"turns":5},{"damage":5,"enemies":"Snake Plant","floor":24,"turns":5},{"damage":7,"enemies":"Gremlin Leader","floor":25,"turns":11},{"damage":0,"enemies":"Sentry and Sphere","floor":31,"turns":6},{"damage":5,"enemies":"Pondfish","floor":33,"turns":11},{"damage":5,"enemies":"Orb Walker","floor":35,"turns":3},{"damage":29,"enemies":"2 Orb Walkers","floor":37,"turns":7},{"damage":0,"enemies":"3 Shapes","floor":39,"turns":6},{"damage":0,"enemies":"Nemesis","floor":40,"turns":7},{"damage":0,"enemies":"Jaw Worm Horde","floor":41,"turns":4},{"damage":0,"enemies":"Reptomancer","floor":44,"turns":6},{"damage":0,"enemies":"Writhing Mass","floor":46,"turns":5},{"damage":0,"enemies":"Maw","floor":48,"turns":7},{"damage":60,"enemies":"Replay:Hell Engine","floor":50,"turns":11}],"seed_played":"-7017826421168454908","potions_obtained":[{"floor":2.0,"key":"Explosive Potion"},{"floor":3.0,"key":"Venom Potion"},{"floor":5.0,"key":"Elixir"},{"floor":8.0,"key":"Strength Potion"},{"floor":14.0,"key":"PowerPotion"},{"floor":19,"key":"BlessingOfTheForge"},{"floor":24,"key":"Adrenaline Potion"},{"floor":25,"key":"Swift Potion"},{"floor":30,"key":"Block Potion"},{"floor":31,"key":"FairyPotion"},{"floor":36,"key":"ColorlessPotion"},{"floor":36,"key":"Strength Potion"},{"floor":44,"key":"Poison Potion"},{"floor":46,"key":"SteroidPotion"},{"floor":48,"key":"Explosive Potion"}],"is_trial":false,"path_per_floor":["M","M","M","$","M","R","E","M","T","$","E","M","M","E","R","B",null,"M","M","?","?","?","E","M","E","T","R","?","$","?","M","R","B",null,"M","?","?","?","M","E","M","R","T","E","T","M","$","M","R","B",null],"character_chosen":"THE_SILENT","items_purchased":["Footwork","Footwork","Grinning Jar","Footwork","ReplayTheSpireMod:Scrap Shanks+1","PrismaticShard"],"campfire_rested":3,"item_purchase_floors":[4,10,29,29,47,47],"current_hp_per_floor":[62,62,62,62,62,62,50,47,47,47,40,28,23,23,44,40,63,63,59,59,43,43,30,25,18,18,39,39,39,39,39,44,39,66,61,61,32,22,22,22,22,22,22,22,22,22,22,22,43,30],"gold":148,"neow_bonus":"BOSS_RELIC","is_daily":false,"chose_seed":false,"campfire_upgraded":2,"win_rate":0.0,"timestamp":1608638816,"path_taken":["M","M","?","?","M","R","E","M","T","$","E","M","M","E","R","BOSS","M","M","?","?","?","E","M","E","T","R","?","?","?","M","R","BOSS","M","?","?","?","M","E","M","R","T","E","?","?","$","M","R","BOSS"],"items_purchased_type":["Card","Card","Relic","Card","Card","Relic"],"build_version":"2020-12-13","purchased_purges":2,"victory":true,"max_hp_per_floor":[70,70,70,70,70,70,70,70,70,70,70,70,70,70,70,70,70,70,70,70,70,70,70,70,70,70,70,70,70,70,70,75,75,75,75,75,75,75,75,75,75,75,75,73,73,73,71,71,71,69],"card_choices":[{"not_picked":["Dodge and Roll","Dagger Throw"],"picked":"Skewer","floor":1.0},{"not_picked":["Replay:Poison Smokescreen","Outmaneuver"],"picked":"Hidden Blade","floor":2.0},{"not_picked":["Flechettes","Slice","Underhanded Strike"],"picked":"SKIP","floor":3.0},{"not_picked":["Quick Slash","Underhanded Strike"],"picked":"Leg Sweep","floor":5.0},{"not_picked":["Hidden Blade","Calculated Gamble"],"picked":"Burst","floor":7.0},{"not_picked":["Eviscerate","Hidden Blade"],"picked":"Acrobatics","floor":8.0},{"not_picked":["Blade Dance","Choke+1"],"picked":"After Image","floor":11.0},{"not_picked":["Setup","Deadly Poison"],"picked":"Cloak And Dagger","floor":12.0},{"not_picked":["Prepared","Crippling Poison"],"picked":"Noxious Fumes","floor":13.0},{"not_picked":["Prepared","Sucker Punch+1","Dodge and Roll"],"picked":"SKIP","floor":14.0},{"not_picked":["Corpse Explosion","Bullet Time"],"picked":"After Image","floor":16.0},{"not_picked":["Footwork+1","Deadly Poison+1"],"picked":"PiercingWail+1","floor":18},{"not_picked":["Dagger Spray+1","Setup"],"picked":"Blade Dance","floor":19},{"not_picked":["Choke+1","Hidden Blade"],"picked":"ReplayTheSpireMod:Speed Training","floor":23},{"not_picked":["Bane+1","Crippling Poison"],"picked":"Dagger Throw+1","floor":24},{"not_picked":["Dodge and Roll","ReplayTheSpireMod:The Works"],"picked":"ReplayTheSpireMod:Exploit Weakness","floor":25},{"not_picked":["ReplayTheSpireMod:The Works","Sneak Up"],"picked":"Flying Knee+1","floor":30},{"not_picked":["Cloak And Dagger","PiercingWail"],"picked":"Tools of the Trade","floor":30},{"not_picked":["Dodge and Roll","Underhanded Strike+1","Deflect"],"picked":"SKIP","floor":31},{"not_picked":["Corpse Explosion","Wraith Form v2"],"picked":"Night Terror","floor":33},{"not_picked":["Dagger Spray+1","Leg Sweep"],"picked":"PiercingWail+1","floor":35},{"not_picked":["Deflect+1","ReplayTheSpireMod:Exploit Weakness"],"picked":"Predator+1","floor":37},{"not_picked":["Dark Shackles","Finesse"],"picked":"Replay:Parry+1","floor":38},{"not_picked":["The Bomb","Blind"],"picked":"Discovery","floor":38},{"not_picked":["Replay:Parry+1","Mind Blast+1"],"picked":"Transmutation","floor":38},{"not_picked":["Dagger Spray+1","Acrobatics"],"picked":"Quick Slash+1","floor":39},{"not_picked":["Dagger Throw+1","Slice+1"],"picked":"Crippling Poison+1","floor":40},{"not_picked":["Underhanded Strike+1","ReplayTheSpireMod:Necrosis"],"picked":"Tactician+1","floor":41},{"not_picked":["Toxin Wave+1","Draining Mist"],"picked":"Envenom","floor":44},{"not_picked":["Deadly Poison+1","Setup+1"],"picked":"Blade Dance+1","floor":46},{"not_picked":["Defragment+1","hermit:Misfire+1"],"picked":"hermit:Brawl+1","floor":48}],"player_experience":599330,"relics_obtained":[{"floor":7.0,"key":"Ginger"},{"floor":9.0,"key":"Molten Egg 2"},{"floor":11.0,"key":"Paper Crane"},{"floor":14.0,"key":"HornCleat"},{"floor":21,"key":"Nilry\u0027s Codex"},{"floor":23,"key":"Bag of Marbles"},{"floor":25,"key":"Letter Opener"},{"floor":26,"key":"Pet Ghost"},{"floor":30,"key":"Replay:Rubber Ducky"},{"floor":32,"key":"Durian"},{"floor":36,"key":"Ring of Panic"},{"floor":36,"key":"ReplayTheSpireMod:Ring of Addiction"},{"floor":36,"key":"SacredBark"},{"floor":36,"key":"Potion Belt"},{"floor":37,"key":"Thread and Needle"},{"floor":40,"key":"Akabeko"},{"floor":40,"key":"Mercury Hourglass"},{"floor":43,"key":"Onion Ring"},{"floor":44,"key":"White Beast Statue"},{"floor":44,"key":"Vajra"},{"floor":45,"key":"CeramicFish"}],"event_choices":[{"damage_healed":0,"gold_gain":0,"cards_transformed":["Strike_G","Defend_G"],"player_choice":"Became Test Subject","damage_taken":0,"max_hp_gain":0,"max_hp_loss":0,"event_name":"Drug Dealer","floor":20,"gold_loss":0,"cards_obtained":["Infinite Blades","Flying Knee"]},{"damage_healed":0,"gold_gain":0,"player_choice":"Obtained Book","damage_taken":16,"max_hp_gain":0,"max_hp_loss":0,"event_name":"Cursed Tome","floor":21,"gold_loss":0},{"cards_removed":["Strike_G"],"damage_healed":0,"gold_gain":0,"player_choice":"Gave Gold","damage_taken":0,"max_hp_gain":0,"max_hp_loss":0,"event_name":"Beggar","floor":22,"gold_loss":75},{"damage_healed":0,"gold_gain":0,"player_choice":"Ignored","damage_taken":0,"max_hp_gain":0,"max_hp_loss":0,"event_name":"Ghosts","floor":28,"gold_loss":0},{"damage_healed":0,"gold_gain":0,"player_choice":"Fight","damage_taken":0,"max_hp_gain":0,"max_hp_loss":0,"event_name":"Mysterious Sphere","floor":37,"gold_loss":0},{"damage_healed":0,"gold_gain":0,"player_choice":"Memory 3","damage_taken":10,"max_hp_gain":0,"max_hp_loss":0,"event_name":"SensoryStone","floor":38,"gold_loss":0}],"is_beta":false,"boss_relics":[{"not_picked":["SacredBark","Snecko Scales"],"picked":"HoveringKite"},{"not_picked":["Runic Dome","Sozu"],"picked":"Black Star"}],"items_purged_floors":[29,47],"is_endless":false,"potions_floor_spawned":[2,3,5,8,14,19,24,25,31,35,44,46,48],"ascension_level":8}}