{"host":"k2x36244ucab5lxq","time":1608670796,"event":{"mods":["2.2 Compatiblity","AchievementEnabler","Act Like it!","Aspiration","BaseMod","Beaked The Cultist","Bestiary","Better Altar","Better Match","Better Note","Better Sensory Stone","Better Skull","Better Third Choice","Better Vampires","BetterRewards","Block Reminder","CatGirl Mod","Clawfect","Clockwork Mod","Colored Map","Conspire","Curses Come First","Downfall","Energized Spire","Gensokyo","GungeonMod","Halation","Hermit","Hubris","Infinite Spire","Jedi Mod","JesterMod","Jorbs\u0027s Wanderer Trilogy","Marisa????????","Marked Mod","Mimic Mod","Minty Spire (QoL Compilation)","Pale of the Ancients","Random Character Button","Rare Cards Sparkle","Relic Sorter","Relic Stats","Replay The Spire","SCP261 Mod","Shop Mod","StSLib","The Administrix","The Alterego","The Blackbeard","The Bladedancer","The Construct","The Cursed","The Disciple","The Judge","The Necromancer","The Problem Sleuth","The Sage","The Servant 0.9.4","The Showman","Transform Curses","Unceasing Turn Reminder","Virulent Crown","egg","everything is the same but u backflip on backflip","slay the spire mod where everything is the same but ironclad has a cowboy hat","thorton"],"gold_per_floor":[99,113,98,112,112,37,37,57,57,70,70,81,115,115,127,228,228,228,245,257,269,269,289,323,323,349,349,349,349,349,349],"floor_reached":29,"playtime":1385,"items_purged":[],"score":319,"play_id":"7fbc90a4-6c65-4022-8b50-6c49e8a93305","local_time":"20201222155956","is_ascension_mode":true,"campfire_choices":[{"floor":1,"key":"RECALL"},{"data":"champ:Taunt","floor":6,"key":"SMITH"},{"data":"champ:FlashCut","floor":9,"key":"SMITH"},{"data":"champ:RageSigil","floor":11,"key":"SMITH"},{"data":"champ:EnchantCrown","floor":18,"key":"SMITH"}],"circlet_count":0,"master_deck":["champ:Strike","champ:Strike","champ:Strike","champ:Defend","champ:Defend","champ:Defend","champ:Defend","champ:Execute","champ:Taunt+1","champ:CrownThrow","champ:FlashCut+1","champ:Haymaker","champ:RageSigil+1","champ:RisingSlash","champ:Balance","champ:EnchantCrown+1","champ:Circumvent+1","champ:SkillfulDodge","champ:CrookedStrike"],"relics":["champ:ChampionCrown","downfall:HeartBlessingRed","infinitespire:ShieldingShard","hubris:OldNail","jedi:hotpepper","hubris:Towel","hubris:DeckOfHolding","White Beast Statue","Bag of Preparation"],"acts_visited":["Exordium","TheCity"],"potions_floor_usage":[16,16,21,23],"damage_taken":[{"damage":11,"enemies":"Jaw Worm","floor":2,"turns":4},{"damage":0,"enemies":"downfall:FleeingMerchant","floor":3,"turns":4},{"damage":0,"enemies":"Cultist","floor":4,"turns":3},{"damage":2,"enemies":"Small Slimes","floor":8,"turns":3},{"damage":2,"enemies":"Blue Slaver","floor":10,"turns":4},{"damage":22,"enemies":"Exordium Wildlife","floor":12,"turns":5},{"damage":20,"enemies":"Lagavulin","floor":13,"turns":5},{"damage":12,"enemies":"Lots of Slimes","floor":15,"turns":4},{"damage":10,"enemies":"downfall:Silent","floor":16,"turns":12},{"damage":2,"enemies":"conspire:FuzzyDice","floor":19,"turns":5},{"damage":0,"enemies":"Shell Parasite","floor":20,"turns":5},{"damage":11,"enemies":"Snake Plant","floor":21,"turns":4},{"damage":32,"enemies":"Shelled Parasite and Fungi","floor":23,"turns":4},{"damage":6,"enemies":"Sentry and Sphere","floor":24,"turns":9},{"damage":11,"enemies":"Replay:Snechameleon","floor":26,"turns":6},{"damage":20,"enemies":"Sentry and Sphere","floor":29,"turns":5}],"seed_played":"7651463285758578305","potions_obtained":[{"floor":8,"key":"SCP261:EnergyGasPotion"},{"floor":10,"key":"Weak Potion"},{"floor":12,"key":"BlessingOfTheForge"},{"floor":16,"key":"BlessingOfTheForge"}],"is_trial":false,"path_per_floor":["R","M","$","M","?","R","T","M","R","M","R","M","E","?","M","B",null,"R","M","M","M","?","M","MIM","?","E","PTL","PTL","M"],"character_chosen":"THE_CHAMP","items_purchased":[],"campfire_rested":0,"item_purchase_floors":[],"current_hp_per_floor":[81,75,75,75,75,75,75,78,78,76,76,59,39,39,27,17,55,55,53,53,47,47,20,22,22,16,16,16,0,0,0],"gold":349,"neow_bonus":"ONE_RANDOM_RARE_CARD","is_daily":false,"chose_seed":false,"campfire_upgraded":4,"win_rate":0.0,"timestamp":1608670796,"path_taken":["R","M","$","M","?","R","T","M","R","M","R","?","E","?","M","BOSS","R","M","M","M","?","M","MIM","?","E","PTL","PTL","M"],"items_purchased_type":[],"build_version":"2020-12-13","purchased_purges":0,"victory":false,"max_hp_per_floor":[90,90,90,90,90,90,90,90,90,90,90,90,90,90,90,90,67,67,67,67,67,67,67,67,67,67,67,67,67,67,67],"relic_stats":{"counters":[16,82],"Bag of Preparation":[2],"obtain_stats":[{"infinitespire:ShieldingShard":7,"downfall:HeartBlessingRed":6,"jedi:hotpepper":17,"champ:ChampionCrown":0,"hubris:DeckOfHolding":24,"DemoMod:GlassGuonStoneRelic":4,"Bag of Preparation":26,"hubris:Towel":22,"hubris:OldNail":13,"White Beast Statue":24},{"infinitespire:ShieldingShard":3,"downfall:HeartBlessingRed":3,"jedi:hotpepper":9,"champ:ChampionCrown":0,"hubris:DeckOfHolding":14,"DemoMod:GlassGuonStoneRelic":3,"Bag of Preparation":15,"hubris:Towel":12,"hubris:OldNail":7,"White Beast Statue":14},{"infinitespire:ShieldingShard":11,"downfall:HeartBlessingRed":11,"jedi:hotpepper":44,"champ:ChampionCrown":0,"hubris:DeckOfHolding":71,"DemoMod:GlassGuonStoneRelic":11,"Bag of Preparation":77,"hubris:Towel":58,"hubris:OldNail":28,"White Beast Statue":71}]},"card_choices":[{"not_picked":["champ:Circumvent","champ:AdrenalArmor"],"picked":"champ:FlashCut","floor":2},{"not_picked":["champ:CalledShot","champ:TornadoPunch"],"picked":"champ:Haymaker","floor":3},{"not_picked":["champ:Circumvent","champ:Encircle","champ:Backstep"],"picked":"SKIP","floor":4},{"not_picked":["champ:ShieldThrow","champ:DefensiveShout","champ:Control"],"picked":"SKIP","floor":8},{"not_picked":["champ:DefensiveStyle","champ:Encircle"],"picked":"champ:RageSigil","floor":10},{"not_picked":["champ:StanceDance","champ:CheapShot"],"picked":"champ:RisingSlash","floor":12},{"not_picked":["champ:BerserkersShout","champ:Encircle","champ:BringItOn"],"picked":"SKIP","floor":13},{"not_picked":["champ:FocusedDefense","champ:PerfectedStrike"],"picked":"champ:Balance","floor":15},{"not_picked":["champ:EnchantSword","champ:DancingMaster"],"picked":"champ:EnchantCrown","floor":16},{"not_picked":["champ:EnragedBash","champ:DefensiveShout","champ:FanOfKnives"],"picked":"SKIP","floor":19},{"not_picked":["champ:ShieldSigil","champ:RageSigil"],"picked":"champ:Circumvent+1","floor":20},{"not_picked":["champ:CrookedStrike","champ:FocusedDefense","champ:Circumvent"],"picked":"SKIP","floor":21},{"not_picked":["champ:FocusedBerserking","champ:EnGarde","champ:DefensiveStyle"],"picked":"SKIP","floor":23},{"not_picked":["champ:FlashCut","champ:FanOfKnives"],"picked":"champ:SkillfulDodge","floor":24},{"not_picked":["champ:Encircle","champ:Backstep"],"picked":"champ:CrookedStrike","floor":26}],"player_experience":562386,"relics_obtained":[{"floor":7,"key":"infinitespire:ShieldingShard"},{"floor":13,"key":"hubris:OldNail"},{"floor":24,"key":"hubris:DeckOfHolding"},{"floor":24,"key":"White Beast Statue"},{"floor":26,"key":"Bag of Preparation"}],"event_choices":[{"cards_removed":["champ:Strike"],"damage_healed":0,"gold_gain":0,"player_choice":"Purged","damage_taken":0,"max_hp_gain":0,"max_hp_loss":0,"event_name":"Purifier","floor":5,"gold_loss":0},{"damage_healed":0,"gold_gain":0,"player_choice":"Leave","damage_taken":0,"max_hp_gain":0,"max_hp_loss":0,"event_name":"FaceTrader","floor":25,"gold_loss":0}],"is_beta":false,"boss_relics":[{"not_picked":["hubris:GrandSneckoEye","conspire:SeveredTorchhead"],"picked":"jedi:hotpepper"}],"items_purged_floors":[],"is_endless":false,"potions_floor_spawned":[8,10,12,16],"killed_by":"Sentry and Sphere","ascension_level":6}}