{"host":"njruw0b0uprlitpx","time":1608619116,"event":{"mods":["2.2 Compatiblity","Astrologer","Bartender","BaseMod","Better Altar","Better Match","Better Note","Better Sensory Stone","Better Skull","Better Third Choice","BetterRewards","Block Reminder","Colored Map","Colored Powertips","Jedi Mod","Keyboard Shortcuts","Magitek Elite","Minty Spire (QoL Compilation)","Quick Restart","Relic Stats","Replay The Spire","SacredBarkPlus","Spicy Shops","StSLib","SuperFastMode","The Bug Knight","The Mystic"],"gold_per_floor":[140,140,185,185,211,289,289,289,289,327,365,408,408,408,408,569,569,643,33,88,88,10,10,71,71,142,196,12,67,147,225,225,389,389,444,517,50,148,2,77,77,135,135,270,270,270,270,270,270,331,331,431],"floor_reached":53,"playtime":2287,"items_purged":["Sickly","Strike_L"],"score":1705,"play_id":"7f9814b7-c525-41ed-9676-881d682d85e3","local_time":"20201222003836","is_ascension_mode":true,"campfire_choices":[{"data":"Bravery","floor":7.0,"key":"SMITH"},{"data":"Discovery","floor":15.0,"key":"SMITH"},{"data":"Mayhem","floor":23,"key":"SMITH"},{"data":"Minerva_Bustier","floor":25,"key":"SMITH"},{"data":"Blood_Hilt","floor":32,"key":"SMITH"},{"data":"Thunder_P","floor":41,"key":"SMITH"},{"data":"Thunder_P","floor":45,"key":"SMITH"},{"data":"Slow","floor":49,"key":"SMITH"},{"data":"Remember","floor":51,"key":"SMITH"}],"circlet_count":0,"master_deck":["Strike_L","Strike_L","Strike_L","Defend_L","Defend_L","Defend_L","Defend_L","Defend_L","Fire2","Cure","Thunder_P+2","Slow+1","Mayhem+1","ReplayTheSpireMod:Private Reserves","Discovery+1","Esuna","Force_Armor","Blood_Hilt+1","Remember+1","Bravery+1","Shell","Magnus_Hat","Mirage_Vest","Icebrand+1","Minerva_Bustier+1","Rune_Blade+1","Thunder_Blade","Water","Reflect+1","AbeCurse","Flametongue","Crystal_Sword","Might+1","Barrier","Remember","Force_Armor+1","Tornado+1","Meteor+1","Lightbringer+1","Transfusion+1","Flametongue+1","Trance+1","Focus+1","Flametongue+1","Dispel+1","Aero+2","Float2_Spell+1","Falchion+1","Drain+1","Thunder_Blade+1","Gaia_Gear+1","Break+1","jedi:BattleThirst","Faith+1"],"relics":["Pendant","ReplayTheSpireMod:CursedCoin","Prayer Wheel","jedi:purplefairy","Thread and Needle","Happy Flower","Replay:Bandana","ReplayTheSpireMod:ShopPack","HornCleat","Golden Idol","Oddly Smooth Stone","Onion Ring","Frozen Egg 2","Abe\u0027s Treasure","jedi:heavyjacket","Replay:Mystery Machine","Replay:Rubber Ducky","Bag of Preparation","Replay:Baseball","Molten Egg 2","ReplayTheSpireMod:TigerMarble","Sozu","Golden Egg","Incense Burner","jedi:arcanewood","Choco_Feather","Whetstone","Singing Bowl","jedi:shrinkray","Counterbalance"],"acts_visited":["Exordium","TheCity","TheBeyond"],"potions_floor_usage":[33,33],"damage_taken":[{"damage":7.0,"enemies":"Small Slimes","floor":1.0,"turns":4.0},{"damage":0.0,"enemies":"Cultist","floor":3.0,"turns":4.0},{"damage":0.0,"enemies":"Jaw Worm","floor":5.0,"turns":4.0},{"damage":3.0,"enemies":"3 Sentries","floor":6.0,"turns":8.0},{"damage":2.0,"enemies":"2 Fungi Beasts","floor":10.0,"turns":4.0},{"damage":1.0,"enemies":"Gremlin Gang","floor":11.0,"turns":7.0},{"damage":0.0,"enemies":"Looter","floor":12.0,"turns":3.0},{"damage":11.0,"enemies":"The Guardian","floor":16.0,"turns":10.0},{"damage":2.0,"enemies":"Shell Parasite","floor":18.0,"turns":4.0},{"damage":0.0,"enemies":"Spheric Guardian","floor":20.0,"turns":4.0},{"damage":0,"enemies":"Gremlin Leader","floor":24,"turns":8},{"damage":0,"enemies":"Shelled Parasite and Fungi","floor":27,"turns":6},{"damage":0,"enemies":"Centurion and Healer","floor":29,"turns":5},{"damage":0,"enemies":"Book of Stabbing","floor":30,"turns":5},{"damage":0,"enemies":"Snake Plant","floor":31,"turns":2},{"damage":1,"enemies":"Automaton","floor":33,"turns":9},{"damage":0,"enemies":"Orb Walker","floor":35,"turns":3},{"damage":0,"enemies":"3 Shapes","floor":36,"turns":3},{"damage":0,"enemies":"2 Orb Walkers","floor":38,"turns":5},{"damage":0,"enemies":"Giant Head","floor":40,"turns":7},{"damage":0,"enemies":"Nemesis","floor":42,"turns":1},{"damage":0,"enemies":"Giant Head","floor":44,"turns":5},{"damage":0,"enemies":"Writhing Mass","floor":50,"turns":1},{"damage":0,"enemies":"Donu and Deca","floor":52,"turns":8}],"seed_played":"-5078036579205209243","potions_obtained":[{"floor":3.0,"key":"EssenceOfSteel"},{"floor":5.0,"key":"Energy Potion"},{"floor":6.0,"key":"EssenceOfSteel"},{"floor":12.0,"key":"Dexterity Potion"},{"floor":18.0,"key":"ColorlessPotion"},{"floor":27,"key":"Swift Potion"},{"floor":31,"key":"Dexterity Potion"},{"floor":33,"key":"Block Potion"}],"is_trial":false,"path_per_floor":["M","?","M","?","M","E","R","?","T","M","M","M","?","T","R","B",null,"M","$","M","?","$","R","E","R","T","M","$","M","E","M","R","B",null,"M","M","$","?","$","E","R","E","T","E","R","PTL","PTL","?","R","M","R","B",null],"character_chosen":"MAGITEKELITE","items_purchased":["ReplayTheSpireMod:CursedCoin","Prayer Wheel","Thunder_P","Thread and Needle","Happy Flower","Block Potion","Replay:Bandana","Slow","ReplayTheSpireMod:ShopPack","jedi:heavyjacket","Might+1","Replay:Mystery Machine","Replay:Rubber Ducky","Bag of Preparation","Tornado+1","Strength Potion","Golden Egg","Float2_Spell+1","Falchion+1","jedi:arcanewood"],"campfire_rested":0,"item_purchase_floors":[0,0,0,0,0,0,0,0,0,19,19,19,19,22,28,28,37,37,37,39],"current_hp_per_floor":[56,56,62,47,53,51,56,59,59,63,63,63,63,63,63,52,60,63,63,63,63,63,63,63,63,63,63,63,63,63,63,63,63,63,63,63,63,63,63,63,63,63,63,63,63,63,63,63,63,65,65,65],"gold":431,"neow_bonus":"","is_daily":false,"chose_seed":false,"campfire_upgraded":9,"win_rate":0.0,"timestamp":1608619116,"path_taken":["M","?","?","?","M","E","R","?","T","M","M","?","?","?","R","BOSS","M","$","M","?","$","R","E","R","T","M","$","M","E","M","R","BOSS","M","?","$","?","$","E","R","E","T","E","R","PTL","PTL","?","?","M","R","BOSS"],"items_purchased_type":["Relic","Relic","Card","Relic","Relic","Potion","Relic","Card","Relic","Relic","Card","Relic","Relic","Relic","Card","Potion","Relic","Card","Card","Relic"],"build_version":"2020-12-13","purchased_purges":2,"victory":true,"max_hp_per_floor":[63,63,63,63,63,63,63,63,63,63,63,63,63,63,63,63,63,63,63,63,63,63,63,63,63,63,63,63,63,63,63,63,63,63,63,63,63,63,63,63,63,63,63,63,63,63,63,63,63,65,65,65],"relic_stats":{"Sozu":4,"Happy Flower":[68],"Singing Bowl":6,"counters":[136,626],"Golden Idol":178,"Prayer Wheel":14,"Bag of Preparation":[74],"Whetstone":["Icebrand","Rune_Blade"],"obtain_stats":[{"Golden Egg":3,"Ginger":11,"Whetstone":42,"jedi:shrinkray":0,"Ring of Searing":3,"Sundial":26,"MealTicket":24,"Replay:Bottled Flurry":43,"Replay:Wax Seal":3,"Blue Candle":40,"Counterbalance":48,"Eternal Feather":8,"Pen Nib":14,"sagemod:Flying_Carpet":27,"Akabeko":29,"Snecko Eye":17,"Kintsugi":34,"Abe\u0027s Treasure":17,"Regal Pillow":9,"Singing Bowl":37,"StoneCalendar":27,"Bag of Preparation":0,"Mythril_Glove":44,"Smiling Mask":24,"White_Cape":7,"Replay:Rubber Ducky":19,"aspiration:AnachronicSnailShell":0,"Chemical X":0,"Golden Idol":4,"energizedSpire:EnergizedDie":17,"jedi:purplefairy":0,"Thread and Needle":0,"PreservedInsect":26,"Ring of Greed":3,"Frozen Egg 2":7,"Garlic":26,"Art of War":9,"ReplayTheSpireMod:Lightbulb":46,"Toy Ornithopter":11,"Calipers":41,"Gremlin Horn":11,"sagemod:Falmels_Amulet":17,"CeramicFish":25,"Vajra":0,"jedi:command_rare":48,"Sozu":17,"HornCleat":2,"FaceOfCleric":30,"DollysMirror":42,"Strawberry":39,"Philosopher\u0027s Stone":17,"Prayer Wheel":0,"Happy Flower":0,"aspiration:Nostalgia":27,"ReplayTheSpireMod:CursedCoin":0,"Replay:Grab Bag":17,"Choco_Feather":40,"Oddly Smooth Stone":0,"Letter Opener":9,"jedi:heavyjacket":19,"Bottled Flame":48,"Replay:Baseball":43,"ReplayTheSpireMod:Shallot":29,"energizedSpire:NeverEndingSparkler":34,"Onion Ring":9,"Molten Egg 2":26,"ReplayTheSpireMod:TigerMarble":30,"Mirror":7,"ReplayTheSpireMod:DimensionalGlitch":17,"Pocketwatch":0,"Replay:PocketPolymizer":11,"Incense Burner":0,"jedi:command_boss":20,"Replay:Mystery Machine":9,"jedi:Pinwheel":3,"Dream Catcher":43,"Replay:Bandana":0,"Chameleon Ring":26,"jedi:cryingmask":23,"jedi:matchstick":47,"Runic Pyramid":17,"BargainBundle":0,"ReplayTheSpireMod:Ninjato":0,"HollowMod:LifeEnderRelic":41,"Replay:Towering Pillar of Hats":0,"Guide Book":30,"Odd Mushroom":11,"White Beast Statue":6,"Peace Pipe":3,"jedi:fakemustache":38,"CaptainsWheel":36,"Anchor":30,"Pendant":0,"jedi:ominousloannote":0,"ChewingGum":34,"Snack Pack":38,"Gem_Box":34,"Membership Card":14,"jedi:arcanewood":0,"FossilizedHelix":0,"TungstenRod":0,"ReplayTheSpireMod:ShopPack":0},{"Golden Egg":90,"Ginger":68,"Whetstone":133,"jedi:shrinkray":23,"Ring of Searing":90,"Sundial":52,"MealTicket":52,"Replay:Bottled Flurry":20,"Replay:Wax Seal":90,"Blue Candle":60,"Counterbalance":134,"Eternal Feather":27,"Pen Nib":29,"sagemod:Flying_Carpet":35,"Akabeko":14,"Snecko Eye":30,"Kintsugi":104,"Abe\u0027s Treasure":96,"Regal Pillow":2,"Singing Bowl":105,"StoneCalendar":53,"Bag of Preparation":23,"Mythril_Glove":85,"Smiling Mask":34,"White_Cape":92,"Replay:Rubber Ducky":121,"aspiration:AnachronicSnailShell":41,"Chemical X":65,"Golden Idol":114,"energizedSpire:EnergizedDie":30,"jedi:purplefairy":41,"Thread and Needle":112,"PreservedInsect":34,"Ring of Greed":90,"Frozen Egg 2":26,"Garlic":12,"Art of War":68,"ReplayTheSpireMod:Lightbulb":21,"Toy Ornithopter":28,"Calipers":85,"Gremlin Horn":46,"sagemod:Falmels_Amulet":7,"CeramicFish":12,"Vajra":23,"jedi:command_rare":134,"Sozu":30,"HornCleat":113,"FaceOfCleric":79,"DollysMirror":61,"Strawberry":59,"Philosopher\u0027s Stone":49,"Prayer Wheel":112,"Happy Flower":89,"aspiration:Nostalgia":35,"ReplayTheSpireMod:CursedCoin":89,"Replay:Grab Bag":30,"Choco_Feather":132,"Oddly Smooth Stone":65,"Letter Opener":27,"jedi:heavyjacket":121,"Bottled Flame":64,"Replay:Baseball":85,"ReplayTheSpireMod:Shallot":54,"energizedSpire:NeverEndingSparkler":38,"Onion Ring":116,"Molten Egg 2":123,"ReplayTheSpireMod:TigerMarble":126,"Mirror":68,"ReplayTheSpireMod:DimensionalGlitch":73,"Pocketwatch":89,"Replay:PocketPolymizer":4,"Incense Burner":0,"jedi:command_boss":75,"Replay:Mystery Machine":45,"jedi:Pinwheel":67,"Dream Catcher":61,"Replay:Bandana":65,"Chameleon Ring":100,"jedi:cryingmask":100,"jedi:matchstick":110,"Runic Pyramid":30,"BargainBundle":41,"ReplayTheSpireMod:Ninjato":65,"HollowMod:LifeEnderRelic":107,"Replay:Towering Pillar of Hats":23,"Guide Book":14,"Odd Mushroom":94,"White Beast Statue":2,"Peace Pipe":1,"jedi:fakemustache":83,"CaptainsWheel":18,"Anchor":37,"Pendant":0,"jedi:ominousloannote":23,"ChewingGum":56,"Snack Pack":83,"Gem_Box":16,"Membership Card":95,"jedi:arcanewood":41,"FossilizedHelix":23,"TungstenRod":89,"ReplayTheSpireMod:ShopPack":112},{"Golden Egg":426,"Ginger":318,"Whetstone":612,"jedi:shrinkray":110,"Ring of Searing":426,"Sundial":235,"MealTicket":235,"Replay:Bottled Flurry":93,"Replay:Wax Seal":426,"Blue Candle":278,"Counterbalance":617,"Eternal Feather":129,"Pen Nib":141,"sagemod:Flying_Carpet":163,"Akabeko":57,"Snecko Eye":149,"Kintsugi":472,"Abe\u0027s Treasure":442,"Regal Pillow":9,"Singing Bowl":475,"StoneCalendar":240,"Bag of Preparation":110,"Mythril_Glove":401,"Smiling Mask":161,"White_Cape":432,"Replay:Rubber Ducky":554,"aspiration:AnachronicSnailShell":185,"Chemical X":306,"Golden Idol":514,"energizedSpire:EnergizedDie":149,"jedi:purplefairy":185,"Thread and Needle":506,"PreservedInsect":161,"Ring of Greed":426,"Frozen Egg 2":122,"Garlic":48,"Art of War":318,"ReplayTheSpireMod:Lightbulb":98,"Toy Ornithopter":133,"Calipers":401,"Gremlin Horn":208,"sagemod:Falmels_Amulet":26,"CeramicFish":48,"Vajra":110,"jedi:command_rare":617,"Sozu":149,"HornCleat":510,"FaceOfCleric":371,"DollysMirror":283,"Strawberry":271,"Philosopher\u0027s Stone":225,"Prayer Wheel":506,"Happy Flower":422,"aspiration:Nostalgia":163,"ReplayTheSpireMod:CursedCoin":422,"Replay:Grab Bag":149,"Choco_Feather":611,"Oddly Smooth Stone":306,"Letter Opener":129,"jedi:heavyjacket":554,"Bottled Flame":299,"Replay:Baseball":401,"ReplayTheSpireMod:Shallot":245,"energizedSpire:NeverEndingSparkler":176,"Onion Ring":526,"Molten Egg 2":566,"ReplayTheSpireMod:TigerMarble":582,"Mirror":318,"ReplayTheSpireMod:DimensionalGlitch":345,"Pocketwatch":422,"Replay:PocketPolymizer":17,"Incense Burner":0,"jedi:command_boss":355,"Replay:Mystery Machine":198,"jedi:Pinwheel":314,"Dream Catcher":283,"Replay:Bandana":306,"Chameleon Ring":456,"jedi:cryingmask":456,"jedi:matchstick":497,"Runic Pyramid":149,"BargainBundle":185,"ReplayTheSpireMod:Ninjato":306,"HollowMod:LifeEnderRelic":482,"Replay:Towering Pillar of Hats":110,"Guide Book":57,"Odd Mushroom":436,"White Beast Statue":9,"Peace Pipe":2,"jedi:fakemustache":393,"CaptainsWheel":79,"Anchor":169,"Pendant":0,"jedi:ominousloannote":110,"ChewingGum":259,"Snack Pack":393,"Gem_Box":69,"Membership Card":438,"jedi:arcanewood":185,"FossilizedHelix":110,"TungstenRod":422,"ReplayTheSpireMod:ShopPack":506}]},"card_choices":[{"not_picked":["ReplayUltimateDefense","ReplayTheSpireMod:Brewmster"],"picked":"Mayhem","floor":0.0},{"not_picked":["Swift Strike","Jack Of All Trades"],"picked":"ReplayTheSpireMod:Private Reserves","floor":0.0},{"not_picked":["ReplayTheSpireMod:Trickstab","Flash of Steel"],"picked":"Discovery","floor":0.0},{"not_picked":["Circlet","Gladius"],"picked":"Esuna","floor":1.0},{"not_picked":["Quake","Astra"],"picked":"Force_Armor","floor":1.0},{"not_picked":["Crystal_Sword","Thunder_P"],"picked":"Blood_Hilt","floor":3.0},{"not_picked":["Gladius","Bravery"],"picked":"Remember","floor":3.0},{"not_picked":["Cursed_Shield","Mythril_Knife"],"picked":"Bravery","floor":5.0},{"not_picked":["Bravery","Gaia_Gear"],"picked":"Shell","floor":5.0},{"not_picked":["Man_Eater","Remember"],"picked":"Magnus_Hat","floor":6.0},{"not_picked":["Thunder_P","Circlet"],"picked":"Mirage_Vest","floor":10.0},{"not_picked":["Flare","Magnus_Hat"],"picked":"Icebrand","floor":10.0},{"not_picked":["Icebrand","Gladius"],"picked":"Minerva_Bustier","floor":11.0},{"not_picked":["Astra","Dark"],"picked":"Rune_Blade","floor":11.0},{"not_picked":["Barrier","Vox"],"picked":"Thunder_Blade","floor":12.0},{"not_picked":["Cursed_Shield","Haste"],"picked":"Water","floor":12.0},{"not_picked":["Stop","Mama"],"picked":"Reflect+1","floor":16.0},{"not_picked":["Rasp","Slow+1"],"picked":"Flametongue","floor":18.0},{"not_picked":["Flametongue","Balance+1"],"picked":"Crystal_Sword","floor":18.0},{"not_picked":["Vox+1","Falchion"],"picked":"Barrier","floor":20.0},{"not_picked":["Circlet","Water","Force_Armor"],"picked":"SKIP","floor":20.0},{"not_picked":["Magus_Robe+1","Protect_M+1"],"picked":"Remember","floor":24},{"not_picked":["Mythril_Knife+1","Bravery+1"],"picked":"Force_Armor+1","floor":27},{"not_picked":["Man_Eater+1","Heavy_Shield","Vox+1"],"picked":"SKIP","floor":27},{"not_picked":["Shell+1","Vox+1"],"picked":"Meteor+1","floor":29},{"not_picked":["Quake+1","Circlet","Magnus_Hat"],"picked":"SKIP","floor":29},{"not_picked":["Crystal_Sword+1","Blood_Hilt+1"],"picked":"Lightbringer+1","floor":30},{"not_picked":["Dispel+1","Water"],"picked":"Transfusion+1","floor":31},{"not_picked":["Break+1","Circlet"],"picked":"Flametongue+1","floor":31},{"not_picked":["Fake_Moustache+1","Might+1"],"picked":"Trance+1","floor":33},{"not_picked":["Holy+1","Magus_Robe"],"picked":"Focus+1","floor":35},{"not_picked":["Heavy_Shield+1","Poisona"],"picked":"Flametongue+1","floor":35},{"not_picked":["Heavy_Shield+1","Circlet+1"],"picked":"Dispel+1","floor":36},{"not_picked":["Minerva_Bustier","Cursed_Shield"],"picked":"Aero","floor":36},{"not_picked":["Meteor+1","Mythril_Knife+1"],"picked":"Drain+1","floor":38},{"not_picked":["Gaia_Gear","Circlet+1"],"picked":"Thunder_Blade+1","floor":40},{"not_picked":["Heavy_Shield+1","Water"],"picked":"Gaia_Gear+1","floor":42},{"not_picked":["Protect_M+1","Heavy_Shield+1"],"picked":"Break+1","floor":44},{"not_picked":["Cursed_Shield+1","Gladius+1","Dark"],"picked":"Singing Bowl","floor":50},{"not_picked":["Crystal_Sword+1","Diamond_Shield2"],"picked":"Faith+1","floor":50}],"player_experience":1434063,"relics_obtained":[{"floor":6.0,"key":"Oddly Smooth Stone"},{"floor":9.0,"key":"Onion Ring"},{"floor":14.0,"key":"Frozen Egg 2"},{"floor":24,"key":"Replay:Baseball"},{"floor":26,"key":"Molten Egg 2"},{"floor":30,"key":"ReplayTheSpireMod:TigerMarble"},{"floor":38,"key":"Incense Burner"},{"floor":40,"key":"Choco_Feather"},{"floor":42,"key":"Whetstone"},{"floor":43,"key":"Singing Bowl"},{"floor":44,"key":"jedi:shrinkray"}],"event_choices":[{"cards_removed":["Slow"],"damage_healed":0.0,"max_hp_gain":0.0,"max_hp_loss":0.0,"gold_gain":0.0,"event_name":"WeMeetAgain","player_choice":"Gave Card","floor":2.0,"gold_loss":0.0,"damage_taken":0.0,"relics_obtained":["HornCleat"]},{"damage_healed":0.0,"max_hp_gain":0.0,"max_hp_loss":0.0,"gold_gain":0.0,"event_name":"Golden Idol","player_choice":"Take Damage","floor":4.0,"gold_loss":0.0,"damage_taken":15.0,"relics_obtained":["Golden Idol"]},{"damage_healed":3.0,"max_hp_gain":0.0,"max_hp_loss":0.0,"gold_gain":0.0,"event_name":"betterSkull:BetterSkull","player_choice":"LEAVE ","floor":8.0,"gold_loss":0.0,"damage_taken":0.0,"cards_upgraded":[],"relics_obtained":[]},{"damage_healed":0.0,"max_hp_gain":0.0,"max_hp_loss":0.0,"gold_gain":0.0,"event_name":"betterThird:BetterSerpent","player_choice":"Ignored","floor":13.0,"gold_loss":0.0,"damage_taken":408.0},{"cards_removed":["Discovery"],"damage_healed":0,"gold_gain":0,"player_choice":"Give","damage_taken":0,"max_hp_gain":0,"max_hp_loss":0,"event_name":"betterNote:BetterNote","floor":21,"gold_loss":0,"cards_obtained":["None"]},{"damage_healed":0,"gold_gain":0,"player_choice":"Fight","damage_taken":0,"max_hp_gain":0,"max_hp_loss":0,"event_name":"Mysterious Sphere","floor":38,"gold_loss":0}],"is_beta":false,"boss_relics":[{"not_picked":["Empty Cage","jedi:battlestandard"],"picked":"Abe\u0027s Treasure"},{"not_picked":["SlaversCollar","Silver_Glasses"],"picked":"Sozu"}],"items_purged_floors":[0,37],"is_endless":false,"potions_floor_spawned":[3,5,6,12,18,27,31,33,36,40,42,50],"ascension_level":7}}