{"host":"69rply1jf2d1wbmp","time":1608669403,"event":{"mods":["BaseMod","Minty Spire (QoL Compilation)","Quick Restart"],"gold_per_floor":[363,374,389,7,0,0,16,16,42,69,69,86,86,2,2,98,98,111,123,137,137,7,41,41,74,74,92,92,124,138,38,38,142,142,159,34,34,34],"floor_reached":37,"playtime":1312,"items_purged":["Strike_B","Defend_B"],"score":427,"play_id":"31c47462-b8b7-46c2-b786-45fe1728a1b0","local_time":"20201222153643","is_ascension_mode":false,"campfire_choices":[{"data":"Apotheosis","floor":6,"key":"SMITH"},{"floor":11,"key":"RECALL"},{"data":"Defragment","floor":13,"key":"SMITH"},{"data":"Defragment","floor":15,"key":"SMITH"},{"floor":24,"key":"REST"},{"floor":28,"key":"REST"},{"data":"Defragment","floor":32,"key":"SMITH"}],"circlet_count":0,"master_deck":["Strike_B","Strike_B","Defend_B+1","Defend_B+1","Zap","Dualcast","Conserve Battery","Streamline+1","Self Repair","Defragment+1","Melter+1","Apotheosis+1","Leap","Self Repair","Defragment+1","Defragment+1","Machine Learning","Loop","Capacitor","Chill","Storm","Streamline","Creative AI","Loop","Loop"],"relics":["Cracked Core","Omamori","MealTicket","Cursed Key","Dream Catcher","Whetstone","War Paint","Mercury Hourglass"],"acts_visited":["Exordium","TheCity","TheBeyond"],"potions_floor_usage":[7,18,19,23,25,25,25,29,37,37,37],"damage_taken":[{"damage":0,"enemies":"2 Louse","floor":1,"turns":3},{"damage":0,"enemies":"Small Slimes","floor":2,"turns":2},{"damage":0,"enemies":"Cultist","floor":3,"turns":3},{"damage":7,"enemies":"Gremlin Gang","floor":7,"turns":5},{"damage":1,"enemies":"3 Sentries","floor":10,"turns":6},{"damage":4,"enemies":"Blue Slaver","floor":12,"turns":3},{"damage":23,"enemies":"Slime Boss","floor":16,"turns":8},{"damage":32,"enemies":"2 Thieves","floor":18,"turns":4},{"damage":12,"enemies":"3 Byrds","floor":19,"turns":5},{"damage":15,"enemies":"Snake Plant","floor":20,"turns":4},{"damage":59,"enemies":"Slavers","floor":23,"turns":5},{"damage":9,"enemies":"Gremlin Leader","floor":25,"turns":8},{"damage":20,"enemies":"Shelled Parasite and Fungi","floor":27,"turns":4},{"damage":11,"enemies":"Slavers","floor":29,"turns":8},{"damage":4,"enemies":"Centurion and Healer","floor":30,"turns":6},{"damage":46,"enemies":"Automaton","floor":33,"turns":7},{"damage":25,"enemies":"Orb Walker","floor":35,"turns":4},{"damage":99,"enemies":"2 Orb Walkers","floor":37,"turns":4}],"seed_played":"661185937838647185","potions_obtained":[{"floor":1,"key":"Energy Potion"},{"floor":7,"key":"BlessingOfTheForge"},{"floor":12,"key":"GamblersBrew"},{"floor":16,"key":"LiquidMemories"},{"floor":20,"key":"EssenceOfSteel"},{"floor":25,"key":"Fruit Juice"},{"floor":27,"key":"GamblersBrew"},{"floor":30,"key":"Explosive Potion"},{"floor":35,"key":"FearPotion"}],"is_trial":false,"path_per_floor":["M","M","M","$","?","R","M","?","T","E","R","M","R","$","R","B",null,"M","M","M","?","$","E","R","E","T","M","R","E","M","$","R","B",null,"M","$","?"],"character_chosen":"DEFECT","items_purchased":["Defragment","Melter","Apotheosis","Defragment","AttackPotion","Capacitor","FocusPotion","Loop","Block Potion"],"campfire_rested":2,"item_purchase_floors":[4,4,4,14,14,22,22,36,36],"current_hp_per_floor":[54,54,54,54,54,54,57,57,57,66,66,72,72,75,75,66,75,60,68,73,73,75,36,58,68,68,68,80,80,80,80,80,48,80,72,80,0,0],"gold":34,"neow_bonus":"TWO_FIFTY_GOLD","is_daily":false,"chose_seed":false,"campfire_upgraded":4,"win_rate":0.0,"timestamp":1608669403,"path_taken":["M","M","M","$","?","R","M","?","T","E","R","M","R","$","R","BOSS","M","?","?","?","$","E","R","E","T","M","R","E","M","?","R","BOSS","M","$","?"],"items_purchased_type":["Card","Card","Card","Card","Potion","Card","Potion","Card","Potion"],"build_version":"2020-12-13","purchased_purges":2,"victory":false,"max_hp_per_floor":[75,75,75,75,75,75,75,75,75,75,75,75,75,75,75,75,75,75,75,75,75,75,75,75,80,80,80,80,80,80,80,80,80,80,80,80,80,80],"card_choices":[{"not_picked":["Scrape","Sweeping Beam"],"picked":"Conserve Battery","floor":1},{"not_picked":["Conserve Battery","Stack"],"picked":"Streamline","floor":2},{"not_picked":["Coolheaded","Ball Lightning"],"picked":"Self Repair","floor":3},{"not_picked":["Rebound","Seek"],"picked":"Leap","floor":7},{"not_picked":["Auto Shields","Buffer"],"picked":"Self Repair","floor":10},{"not_picked":["Genetic Algorithm","Darkness"],"picked":"Defragment","floor":12},{"not_picked":["Meteor Strike","Rainbow"],"picked":"Machine Learning","floor":16},{"not_picked":["Cold Snap","Rip and Tear","Streamline"],"picked":"SKIP","floor":18},{"not_picked":["Go for the Eyes","Rip and Tear","Hologram"],"picked":"SKIP","floor":19},{"not_picked":["Conserve Battery","Steam+1"],"picked":"Loop","floor":20},{"not_picked":["Coolheaded","Undo"],"picked":"Chill","floor":23},{"not_picked":["Steam Power","Rebound"],"picked":"Storm","floor":25},{"not_picked":["Heatsinks+1","Coolheaded","Undo"],"picked":"SKIP","floor":27},{"not_picked":["Thunder Strike","Conserve Battery","Aggregate"],"picked":"SKIP","floor":29},{"not_picked":["Barrage+1","Sweeping Beam"],"picked":"Streamline","floor":30},{"not_picked":["All For One","Buffer"],"picked":"Creative AI","floor":33},{"not_picked":["Ball Lightning","Sweeping Beam+1"],"picked":"Loop","floor":35}],"player_experience":385153,"relics_obtained":[{"floor":9,"key":"Omamori"},{"floor":10,"key":"MealTicket"},{"floor":23,"key":"Dream Catcher"},{"floor":25,"key":"Whetstone"},{"floor":26,"key":"War Paint"},{"floor":29,"key":"Mercury Hourglass"}],"event_choices":[{"damage_healed":0,"gold_gain":0,"player_choice":"Left Gold","damage_taken":0,"max_hp_gain":0,"max_hp_loss":0,"event_name":"World of Goop","floor":5,"gold_loss":7},{"cards_removed":["Defend_B"],"damage_healed":0,"gold_gain":0,"player_choice":"Card Removal","damage_taken":0,"max_hp_gain":0,"max_hp_loss":0,"event_name":"Wheel of Change","floor":8,"gold_loss":0},{"cards_removed":["Strike_B"],"damage_healed":0,"gold_gain":0,"player_choice":"Offered Basic","damage_taken":0,"max_hp_gain":0,"max_hp_loss":0,"event_name":"Bonfire Elementals","floor":21,"gold_loss":0},{"damage_healed":0,"gold_gain":0,"player_choice":"Fight","damage_taken":0,"max_hp_gain":0,"max_hp_loss":0,"event_name":"Mysterious Sphere","floor":37,"gold_loss":0}],"is_beta":false,"boss_relics":[{"not_picked":["Tiny House","SacredBark"],"picked":"Cursed Key"},{"not_picked":["Sozu","Fusion Hammer","Velvet Choker"]}],"items_purged_floors":[4,31],"is_endless":false,"potions_floor_spawned":[1,7,12,16,20,25,27,30,35],"killed_by":"2 Orb Walkers","ascension_level":0}}