{"host":"f14d6hm2349s9jse","time":1608615982,"event":{"mods":["2.2 Compatiblity","BaseMod","Minty Spire (QoL Compilation)","StSLib","The Necromancer"],"gold_per_floor":[119,134,134,62,237,237,277,302,326,350,363,372,372,416,416,546,609,630,235,253,277,277,322,322,345,345,345,359,388,418,118,118,258,312,327,300,300,320,357,406,429,429,429,429,429],"floor_reached":44,"playtime":3269,"items_purged":[],"score":520,"play_id":"5aabba11-5de3-48c4-ad1c-c09f0ffdf724","local_time":"20201222004622","is_ascension_mode":false,"campfire_choices":[{"data":"Slay_Living","floor":6.0,"key":"SMITH"},{"floor":13.0,"key":"REST"},{"data":"Regret","floor":15.0,"key":"PURGE"},{"floor":24.0,"key":"REST"},{"floor":32,"key":"REST"},{"floor":42,"key":"REST"}],"circlet_count":0,"master_deck":["Negative_Energy_Arrows","Bone_Wall","Slay_Living+1","Consume_Illness","Plague_Bolt","Doubt","Negative_Energy_Burst","Shade_Step","Summon_Vampire_Lady","Summon_Death_Knight","Corrupt","Summon_Undead_Army","Thousand_Bone_Knives","Strike_from_Beyond","Corrupt+1","Summon_Undead+1","Requiem+1","Skeleton_Dragon","Slay_Living+1","Blood_Whip+1","Vampiric_Strike+1","Shade_Step","Blood_Is_Power","Summon_Undead_Army","Parasite","Summon_Lich+1","Cloudkill"],"relics":["Velvet Choker","Golden Idol","Orichalcum","CeramicFish","Peace Pipe","Tiny House","Mummified Hand","Nilry\u0027s Codex","Molten Egg 2","Ginger","Kunai","Torii","Pandora\u0027s Box","InkBottle","Toxic Egg 2"],"acts_visited":["Exordium","TheCity","TheBeyond"],"potions_floor_usage":[33,33,41,41],"damage_taken":[{"damage":0.0,"enemies":"Jaw Worm","floor":1.0,"turns":4.0},{"damage":0.0,"enemies":"Small Slimes","floor":2.0,"turns":3.0},{"damage":25.0,"enemies":"Lagavulin","floor":7.0,"turns":6.0},{"damage":0.0,"enemies":"Cultist","floor":8.0,"turns":3.0},{"damage":0.0,"enemies":"Red Slaver","floor":10.0,"turns":3.0},{"damage":0.0,"enemies":"3 Louse","floor":11.0,"turns":3.0},{"damage":22.0,"enemies":"3 Sentries","floor":14.0,"turns":8.0},{"damage":13.0,"enemies":"Hexaghost","floor":16.0,"turns":10.0},{"damage":10.0,"enemies":"Shell Parasite","floor":18.0,"turns":7.0},{"damage":14.0,"enemies":"2 Thieves","floor":21.0,"turns":4.0},{"damage":39.0,"enemies":"Slavers","floor":23.0,"turns":7.0},{"damage":1,"enemies":"Snecko","floor":25,"turns":4},{"damage":15,"enemies":"Cultist and Chosen","floor":28,"turns":5},{"damage":10,"enemies":"Chosen and Byrds","floor":29,"turns":6},{"damage":19,"enemies":"Shelled Parasite and Fungi","floor":30,"turns":5},{"damage":53,"enemies":"Collector","floor":33,"turns":9},{"damage":2,"enemies":"Orb Walker","floor":35,"turns":4},{"damage":16,"enemies":"3 Darklings","floor":38,"turns":8},{"damage":23,"enemies":"Writhing Mass","floor":39,"turns":7},{"damage":65,"enemies":"Nemesis","floor":40,"turns":7},{"damage":34,"enemies":"Transient","floor":41,"turns":5},{"damage":44,"enemies":"Giant Head","floor":44,"turns":6}],"seed_played":"-5254221237833047648","potions_obtained":[{"floor":1.0,"key":"FearPotion"},{"floor":2.0,"key":"AttackPotion"},{"floor":14.0,"key":"SteroidPotion"},{"floor":17.0,"key":"BlessingOfTheForge"},{"floor":18.0,"key":"Block Potion"},{"floor":25,"key":"SteroidPotion"},{"floor":28,"key":"Energy Potion"},{"floor":38,"key":"SteroidPotion"},{"floor":40,"key":"SneckoOil"}],"is_trial":false,"path_per_floor":["M","M","?","$","?","R","E","M","T","M","M","?","R","E","R","B",null,"M","$","?","M","?","E","R","M","T","?","M","M","M","$","R","B",null,"M","$","?","M","M","E","M","R","T","E"],"character_chosen":"NECROMANCER","items_purchased":["Plague_Bolt","Mummified Hand","Corrupt","Summon_Undead_Army","Torii","Summon_Undead_Army"],"campfire_rested":4,"item_purchase_floors":[4,19,19,19,31,36],"current_hp_per_floor":[75,75,57,57,57,57,35,38,38,41,41,41,63,44,44,55,80,80,80,80,75,59,26,50,58,58,58,55,60,47,47,71,42,80,80,80,80,73,68,25,11,35,35,0,0],"gold":429,"neow_bonus":"BOSS_RELIC","is_daily":false,"chose_seed":false,"campfire_upgraded":1,"win_rate":0.0,"timestamp":1608615982,"path_taken":["M","M","?","$","?","R","E","M","T","M","M","?","R","E","R","BOSS","M","$","?","M","?","E","R","M","T","?","?","M","?","$","R","BOSS","M","?","?","?","M","E","M","R","T","E"],"items_purchased_type":["Card","Relic","Card","Card","Relic","Card"],"build_version":"2020-12-13","purchased_purges":0,"victory":false,"max_hp_per_floor":[75,75,75,75,75,75,75,75,75,75,75,75,75,75,75,75,80,80,80,80,80,80,80,80,80,80,80,80,80,80,80,80,80,80,80,80,80,80,80,80,80,80,80,80,80],"card_choices":[{"not_picked":["Pandemic","Negative_Energy_Sphere"],"picked":"Slay_Living","floor":1.0},{"not_picked":["Shackles_Of_Pain","Life_Tap"],"picked":"Consume_Illness","floor":2.0},{"not_picked":["Blood_Whip","Negative_Energy_Bomb"],"picked":"Negative_Energy_Burst","floor":7.0},{"not_picked":["Blood_Curse","Bone_Shift","Consume_Illness"],"picked":"SKIP","floor":8.0},{"not_picked":["Bone_Shift","Necrotic_Claws"],"picked":"Shade_Step","floor":10.0},{"not_picked":["Death_Coil","Chill_Blood","Finger_Of_Death"],"picked":"SKIP","floor":11.0},{"not_picked":["Finger_Of_Death","Death_March_Dance"],"picked":"Summon_Vampire_Lady","floor":14.0},{"not_picked":["Reap_The_Weak","Hellfire"],"picked":"Summon_Death_Knight","floor":16.0},{"not_picked":["Blood_Whip","Negative_Energy_Mist+1","Necrotic_Claws+1"],"picked":"SKIP","floor":18.0},{"not_picked":["Bone_Armor","Death_March_Dance","Necromantic_Selection"],"picked":"SKIP","floor":21.0},{"not_picked":["Blood_Whip+1","Consume_Illness+1"],"picked":"Corrupt+1","floor":23.0},{"not_picked":["Bone_Spikes+1","Bone_Bullets+1","Bone_Armor"],"picked":"SKIP","floor":25},{"not_picked":["Bone_Bullets+1","Death_Coil+1","Blood_for_Blood+1"],"picked":"SKIP","floor":28},{"not_picked":["Blood_Whip+1","Negative_Energy_Javelin+1"],"picked":"Summon_Undead+1","floor":29},{"not_picked":["Necromantic_Selection","Strike_from_Beyond+1"],"picked":"Requiem+1","floor":30},{"not_picked":["Blood_Magic","Detonate_Bones+1"],"picked":"Skeleton_Dragon","floor":33},{"not_picked":["Chill_Blood+1","Consume_Illness","Vampiric_Strike+1"],"picked":"SKIP","floor":35},{"not_picked":["Corrupt","Death_Coil+1","Life_Tap"],"picked":"SKIP","floor":38},{"not_picked":["Violent_Necrosis+1","Negative_Energy_Sphere+1"],"picked":"Summon_Lich+1","floor":39},{"not_picked":["Bones_to_Steel","Bone_Armor+1"],"picked":"Cloudkill","floor":40},{"not_picked":["Toxic_Smoke_Screen","Blood_Whip+1","Exploit+1"],"picked":"SKIP","floor":41}],"player_experience":2464759,"relics_obtained":[{"floor":7.0,"key":"Orichalcum"},{"floor":14.0,"key":"Peace Pipe"},{"floor":22.0,"key":"Nilry\u0027s Codex"},{"floor":23.0,"key":"Molten Egg 2"},{"floor":26,"key":"Ginger"},{"floor":40,"key":"InkBottle"},{"floor":43,"key":"Toxic Egg 2"}],"event_choices":[{"damage_healed":0.0,"max_hp_gain":0.0,"max_hp_loss":0.0,"gold_gain":0.0,"event_name":"Golden Idol","player_choice":"Take Damage","floor":3.0,"gold_loss":0.0,"damage_taken":18.0,"relics_obtained":["Golden Idol"]},{"damage_healed":0.0,"max_hp_gain":0.0,"max_hp_loss":0.0,"gold_gain":175.0,"event_name":"Liars Game","player_choice":"AGREE","floor":5.0,"gold_loss":0.0,"damage_taken":0.0,"cards_obtained":["Doubt"]},{"damage_healed":0.0,"max_hp_gain":0.0,"max_hp_loss":0.0,"gold_gain":0.0,"event_name":"Big Fish","player_choice":"Box","floor":12.0,"gold_loss":0.0,"damage_taken":0.0,"relics_obtained":["CeramicFish"],"cards_obtained":["Regret"]},{"damage_healed":0.0,"max_hp_gain":0.0,"max_hp_loss":0.0,"gold_gain":0.0,"cards_transformed":["Defend_W","Strike_W"],"event_name":"Drug Dealer","player_choice":"Became Test Subject","floor":20.0,"gold_loss":0.0,"damage_taken":0.0,"cards_obtained":["Thousand_Bone_Knives","Strike_from_Beyond"]},{"damage_healed":0.0,"max_hp_gain":0.0,"max_hp_loss":0.0,"gold_gain":0.0,"event_name":"Cursed Tome","player_choice":"Obtained Book","floor":22.0,"gold_loss":0.0,"damage_taken":16.0},{"damage_healed":0,"gold_gain":0,"player_choice":"Opened","damage_taken":0,"relics_obtained":["Kunai"],"max_hp_gain":0,"max_hp_loss":0,"event_name":"The Mausoleum","floor":27,"gold_loss":0},{"cards_removed":["Life_Tap"],"damage_healed":0,"gold_gain":0,"player_choice":"Offered Uncommon","damage_taken":0,"max_hp_gain":0,"max_hp_loss":0,"event_name":"Bonfire Elementals","floor":37,"gold_loss":0}],"is_beta":false,"boss_relics":[{"not_picked":["Ectoplasm","SlaversCollar"],"picked":"Tiny House"},{"not_picked":["SacredBark","Coffee Dripper"],"picked":"Pandora\u0027s Box"}],"items_purged_floors":[],"is_endless":false,"potions_floor_spawned":[1,2,14,18,25,28,38,40],"killed_by":"Giant Head","ascension_level":0}}