{"host":"99ad87xtd5ypi7ii","time":1608637776,"event":{"mods":["BaseMod","Hermit","Highlight Path","Marisa????????","Minty Spire (QoL Compilation)","Robot Space Explorer","StSLib","The Bladedancer","The Construct","The Cursed","The Disciple","The Gatherer","The Hierophant","The Runesmith","The Servant 0.9.4","TheVacant"],"gold_per_floor":[109,124,124,147,171,183,224,236,248,260,347,64,81,92,92,92,92],"floor_reached":16,"playtime":832,"items_purged":["hermit:Strike_Hermit"],"score":102,"play_id":"75e50ec6-41ed-4bec-87fb-405d42a8707f","local_time":"20201222124936","is_ascension_mode":false,"campfire_choices":[{"data":"hermit:EternalForm","floor":6,"key":"SMITH"},{"floor":8,"key":"REST"},{"data":"hermit:Determination","floor":10,"key":"SMITH"},{"floor":15,"key":"REST"}],"circlet_count":0,"master_deck":["hermit:Strike_Hermit","hermit:Strike_Hermit","hermit:Strike_Hermit","hermit:Defend_Hermit","hermit:Defend_Hermit","hermit:Defend_Hermit","hermit:Defend_Hermit","hermit:Snapshot","hermit:Covet","hermit:EternalForm+1","hermit:Brawl","hermit:Horror","hermit:Snipe","hermit:Determination+1","hermit:GoldenBullet","hermit:Glare","hermit:Malice"],"relics":["hermit:Momento","MawBank","construct:FoamFinger","Akabeko","Membership Card","Dream Catcher"],"acts_visited":["Exordium"],"potions_floor_usage":[7,13,13,16],"damage_taken":[{"damage":5,"enemies":"Small Slimes","floor":1,"turns":4},{"damage":5,"enemies":"2 Louse","floor":2,"turns":3},{"damage":0,"enemies":"Cultist","floor":4,"turns":3},{"damage":11,"enemies":"Blue Slaver","floor":5,"turns":5},{"damage":16,"enemies":"Lagavulin","floor":7,"turns":6},{"damage":11,"enemies":"Red Slaver","floor":13,"turns":4},{"damage":14,"enemies":"3 Louse","floor":14,"turns":4},{"damage":35,"enemies":"The Guardian","floor":16,"turns":5}],"seed_played":"-6541482924946838621","potions_obtained":[{"floor":1,"key":"SteroidPotion"},{"floor":2,"key":"GamblersBrew"},{"floor":4,"key":"SpeedPotion"},{"floor":7,"key":"PowerPotion"}],"is_trial":false,"path_per_floor":["M","M","?","M","M","R","E","R","T","R","?","$","M","M","R","B"],"character_chosen":"HERMIT","items_purchased":["Membership Card","Dream Catcher","hermit:GoldenBullet"],"campfire_rested":2,"item_purchase_floors":[12,12,12],"current_hp_per_floor":[63,58,55,55,44,44,28,48,48,48,37,37,26,12,32,0,0],"gold":92,"neow_bonus":"THREE_RARE_CARDS","is_daily":false,"chose_seed":false,"campfire_upgraded":2,"win_rate":0.0,"timestamp":1608637776,"path_taken":["M","M","?","M","M","R","E","R","T","R","?","$","M","M","R","BOSS"],"items_purchased_type":["Relic","Relic","Card"],"build_version":"2020-12-13","purchased_purges":1,"victory":false,"max_hp_per_floor":[68,68,68,68,68,68,68,68,68,68,68,68,68,68,68,68,68],"card_choices":[{"not_picked":["hermit:Gambit","hermit:DeadOrAlive"],"picked":"hermit:EternalForm","floor":0},{"not_picked":["hermit:Showdown","hermit:BodyArmor"],"picked":"hermit:Brawl","floor":1},{"not_picked":["hermit:BigShot","hermit:TrackingShot"],"picked":"hermit:Horror","floor":2},{"not_picked":["hermit:Vantage","hermit:DeadMansHand"],"picked":"hermit:Snipe","floor":4},{"not_picked":["hermit:Maintenance","hermit:Glare"],"picked":"hermit:Determination","floor":5},{"not_picked":["hermit:ItchyTrigger","hermit:DeadOrAlive","hermit:LowProfile"],"picked":"SKIP","floor":7},{"not_picked":["hermit:LowProfile","hermit:Combo"],"picked":"hermit:Glare","floor":13},{"not_picked":["hermit:CalledShot","hermit:Gestalt"],"picked":"hermit:Malice","floor":14}],"player_experience":816403,"relics_obtained":[{"floor":7,"key":"construct:FoamFinger"},{"floor":9,"key":"Akabeko"}],"event_choices":[{"damage_healed":0,"gold_gain":0,"player_choice":"Success","damage_taken":3,"relics_obtained":["MawBank"],"max_hp_gain":0,"max_hp_loss":0,"event_name":"Scrap Ooze","floor":3,"gold_loss":0},{"damage_healed":0,"gold_gain":75,"player_choice":"Gather Gold","damage_taken":11,"max_hp_gain":0,"max_hp_loss":0,"event_name":"World of Goop","floor":11,"gold_loss":0}],"is_beta":false,"boss_relics":[],"items_purged_floors":[12],"is_endless":false,"potions_floor_spawned":[1,2,4,7],"killed_by":"The Guardian","ascension_level":0}}