{"host":"j4y09klmuede05ga","time":1608673750,"event":{"mods":["BaseMod","Downfall","Minty Spire (QoL Compilation)","StSLib"],"gold_per_floor":[99,99,99,164,164,174,199,215,240,240,1,11,11,44,58,58,58,58],"floor_reached":16,"playtime":807,"items_purged":[],"score":108,"play_id":"51e864ad-2de1-4710-a382-b97752a2084e","local_time":"20201222164910","is_ascension_mode":false,"campfire_choices":[{"data":"hexamod:Sear","floor":1,"key":"SMITH"}],"circlet_count":0,"master_deck":["hexamod:Strike","hexamod:Strike","hexamod:Strike","hexamod:Defend","hexamod:Defend","hexamod:Defend","hexamod:Defend","hexamod:Sear+1","hexamod:Float","hexamod:Incineration","hexamod:PhantomFireball","hexamod:RetreatToShadows","hexamod:GhostShield","hexamod:WildfireWeapon","hexamod:ShieldOfDarkness","hexamod:ChargedBarrage","hexamod:BurningTouch","hexamod:RadiantFlame","hexamod:HeatMetal","hexamod:ThermalTransfer","hexamod:FastForward","hexamod:Firestarter","hexamod:GhostflameInferno"],"relics":["hexamod:SpiritBrand","downfall:HeartsMalice","Pear","Orichalcum","Akabeko","Mercury Hourglass"],"acts_visited":["Exordium"],"potions_floor_usage":[16,16,16],"damage_taken":[{"damage":0,"enemies":"2 Louse","floor":2,"turns":1},{"damage":0,"enemies":"Jaw Worm","floor":3,"turns":1},{"damage":0,"enemies":"Lagavulin Event","floor":4,"turns":1},{"damage":6,"enemies":"Small Slimes","floor":6,"turns":3},{"damage":8,"enemies":"Blue Slaver","floor":8,"turns":4},{"damage":8,"enemies":"Lagavulin","floor":9,"turns":7},{"damage":6,"enemies":"downfall:FleeingMerchant","floor":11,"turns":4},{"damage":3,"enemies":"Red Slaver","floor":12,"turns":3},{"damage":15,"enemies":"Gremlin Nob","floor":14,"turns":4},{"damage":0,"enemies":"Exordium Wildlife","floor":15,"turns":3},{"damage":38,"enemies":"downfall:Silent","floor":16,"turns":6}],"seed_played":"-6088539390799133820","potions_obtained":[{"floor":4,"key":"Block Potion"},{"floor":8,"key":"hexamod:EctoCoolerPotion"},{"floor":14,"key":"Swift Potion"},{"floor":15,"key":"Fire Potion"}],"is_trial":false,"path_per_floor":["R","M","M","?","T","M","T","M","E","?","$","M","?","E","M","B"],"character_chosen":"THE_SPIRIT","items_purchased":["hexamod:BurningTouch","hexamod:RadiantFlame","hexamod:HeatMetal","hexamod:ThermalTransfer"],"campfire_rested":0,"item_purchase_floors":[11,11,11,11],"current_hp_per_floor":[70,70,70,80,80,74,74,66,58,58,52,49,49,34,34,0,0,0],"gold":58,"neow_bonus":"THREE_ENEMY_KILL","is_daily":false,"chose_seed":false,"campfire_upgraded":1,"win_rate":0.0,"timestamp":1608673750,"path_taken":["R","M","M","?","?","M","T","M","E","?","?","?","?","E","M","BOSS"],"items_purchased_type":["Card","Card","Card","Card"],"build_version":"2020-12-13","purchased_purges":0,"victory":false,"max_hp_per_floor":[70,70,70,80,80,80,80,80,80,80,80,80,80,80,80,80,80,80],"card_choices":[{"not_picked":["hexamod:FastForward","hexamod:RainOfEmbers"],"picked":"hexamod:Incineration","floor":2},{"not_picked":["hexamod:NightmareStrike","hexamod:ShieldOfDarkness"],"picked":"hexamod:PhantomFireball","floor":3},{"not_picked":["hexamod:Haunt","hexamod:Hexaguard"],"picked":"hexamod:RetreatToShadows","floor":4},{"not_picked":["hexamod:Haunt","hexamod:GhostOfSpirePast"],"picked":"hexamod:GhostShield","floor":6},{"not_picked":["hexamod:NightmareGuise","hexamod:GhostLash"],"picked":"hexamod:WildfireWeapon","floor":8},{"not_picked":["hexamod:FourthSeal","hexamod:GhostShield"],"picked":"hexamod:ShieldOfDarkness","floor":9},{"not_picked":["hexamod:GhostShield","hexamod:NightmareStrike"],"picked":"hexamod:ChargedBarrage","floor":11},{"not_picked":["hexamod:AdvancingGuard","hexamod:SpectersWail"],"picked":"hexamod:FastForward","floor":12},{"not_picked":["hexamod:HauntingEcho","hexamod:SwordOfDarkness"],"picked":"hexamod:Firestarter","floor":14},{"not_picked":["hexamod:FastForward","hexamod:InspiringFlames"],"picked":"hexamod:GhostflameInferno","floor":15}],"player_experience":202768,"relics_obtained":[{"floor":4,"key":"Pear"},{"floor":5,"key":"Orichalcum"},{"floor":9,"key":"Akabeko"},{"floor":14,"key":"Mercury Hourglass"}],"event_choices":[],"is_beta":false,"boss_relics":[],"items_purged_floors":[],"is_endless":false,"potions_floor_spawned":[4,8,14,15],"killed_by":"downfall:Silent","ascension_level":0}}