{"host":"1zjc08c6hob33401","time":1608674885,"event":{"mods":["AchievementEnabler","Act Like it!","Aspiration","BaseMod","Downfall","Energized Spire","GifTheSpireLib","Hermit","Hubris","Infinite Spire","Jedi Mod","Jorbs\u0027s Wanderer Trilogy","Minty Spire (QoL Compilation)","Pale of the Ancients","Quick Restart","Replay The Spire","Retaliation","Shop Mod","StSLib","Stuff the Spire","Swap Starting Deck Mod","The Blue Laboratory","The Gatherer","The Poker Player","The Runesmith","Wandering Minibosses"],"gold_per_floor":[109,124,124,49,60,89,100,100,100],"floor_reached":8,"playtime":689,"items_purged":["Defend_R"],"score":73,"play_id":"fe29508d-6436-4d31-b3f0-e0a1b4fad90f","local_time":"20201223000805","is_ascension_mode":true,"campfire_choices":[],"circlet_count":0,"master_deck":["Strike_R","Strike_R","Strike_R","Strike_R","Strike_R","Defend_R","Defend_R","Defend_R","Bash","Sever Soul","DDmod:RapidStrikeAttack","ReplayTheSpireMod:Stacked","DDmod:SpikedSkill","ReplayTheSpireMod:Corrosion Curse"],"relics":["Burning Blood","Art of War","Question Card"],"acts_visited":["Exordium"],"potions_floor_usage":[6,8],"damage_taken":[{"damage":8,"enemies":"Jaw Worm","floor":1,"turns":5},{"damage":6,"enemies":"Cultist","floor":2,"turns":3},{"damage":0,"enemies":"Small Slimes","floor":5,"turns":3},{"damage":55,"enemies":"Lagavulin","floor":6,"turns":7},{"damage":15,"enemies":"Blue Slaver","floor":7,"turns":3},{"damage":34,"enemies":"Gremlin Nob","floor":8,"turns":4}],"seed_played":"-3644153386619693013","potions_obtained":[{"floor":2,"key":"Fire Potion"},{"floor":7,"key":"Guardian:BlockOnCardUsePotion"}],"is_trial":false,"path_per_floor":["M","M","?","$","M","E","M","E"],"character_chosen":"IRONCLAD","items_purchased":[],"campfire_rested":0,"item_purchase_floors":[],"current_hp_per_floor":[86,86,86,86,88,39,30,0,0],"gold":100,"neow_bonus":"TEN_PERCENT_HP_BONUS","is_daily":false,"chose_seed":false,"campfire_upgraded":0,"win_rate":0.0,"timestamp":1608674885,"path_taken":["M","M","?","$","M","E","M","E"],"items_purchased_type":[],"build_version":"2020-12-13","purchased_purges":1,"victory":false,"max_hp_per_floor":[88,88,88,88,88,88,88,88,88],"card_choices":[{"not_picked":["Cleave","jedi:controlledanger"],"picked":"Sever Soul","floor":1},{"not_picked":["Thunderclap","hubris:ReadiedAction"],"picked":"DDmod:RapidStrikeAttack","floor":2},{"not_picked":["StuffTheSpire:RockThrow","Fire Breathing"],"picked":"ReplayTheSpireMod:Stacked","floor":5},{"not_picked":["Headbutt","Shrug It Off"],"picked":"DDmod:SpikedSkill","floor":6},{"not_picked":["Twin Strike","Headbutt","Shrug It Off"],"picked":"ReplayTheSpireMod:Corrosion Curse","floor":7}],"player_experience":478789,"relics_obtained":[{"floor":3,"key":"Art of War"},{"floor":6,"key":"Question Card"}],"event_choices":[{"damage_healed":0,"gold_gain":0,"player_choice":"Relic","damage_taken":0,"max_hp_gain":0,"max_hp_loss":0,"event_name":"Wheel of Change","floor":3,"gold_loss":0}],"is_beta":false,"boss_relics":[],"items_purged_floors":[4],"is_endless":false,"potions_floor_spawned":[2,7],"killed_by":"Gremlin Nob","ascension_level":5}}