{"host":"ds3v42j7tpaaz1mg","time":1608604871,"event":{"mods":["AchievementEnabler","Aspiration","BaseMod","Bestiary","Better Altar","Better Note","Better Sensory Stone","BetterRewards","Block Reminder","Colored Powertips","Conspire","Downfall","Energized Spire","Halation","Hermit","Highlight Path","Hubris","Infinite Spire","Jorbs\u0027s Wanderer Trilogy","Minty Spire (QoL Compilation)","Relic Stats","Replay The Spire","StSLib","The Death Knight","The Elementalist","The Servant 0.9.4","vexMod"],"gold_per_floor":[111,126,45,45,64,64,81,93,118,127,127,127,9,42,42,42,42],"floor_reached":16,"playtime":808,"items_purged":[],"score":100,"play_id":"9439c7c2-57ac-4b2b-a301-1437006e7405","local_time":"20201221214111","is_ascension_mode":false,"campfire_choices":[{"data":"hermit:Cheat","floor":6,"key":"SMITH"},{"floor":15,"key":"REST"}],"circlet_count":0,"master_deck":["hermit:Strike_Hermit","hermit:Strike_Hermit","hermit:Strike_Hermit","hermit:Defend_Hermit","hermit:Defend_Hermit","hermit:Defend_Hermit","hermit:Defend_Hermit","hermit:Snapshot","hermit:Covet","hermit:FinalCanter","hermit:Manifest","hermit:Cheat+1","hermit:ShadowCloak","hermit:Quickdraw","hermit:Shortfuse","expansioncontent:ChargeUp","hermit:Determination"],"relics":["hermit:Momento","CeramicFish","halation:EternalFortune","Ring of Peace","ReplayTheSpireMod:Ring of Exchange","Replay:Wax Seal"],"acts_visited":["Exordium"],"potions_floor_usage":[14,14],"damage_taken":[{"damage":0,"enemies":"Small Slimes","floor":1,"turns":4},{"damage":6,"enemies":"Cultist","floor":2,"turns":4},{"damage":7,"enemies":"2 Louse","floor":5,"turns":3},{"damage":14,"enemies":"Large Slime","floor":7,"turns":9},{"damage":0,"enemies":"Looter","floor":8,"turns":2},{"damage":32,"enemies":"3 Sentries","floor":14,"turns":14},{"damage":33,"enemies":"Hexaghost","floor":16,"turns":11}],"seed_played":"-50741304448369044","potions_obtained":[{"floor":1,"key":"Fruit Juice"}],"is_trial":false,"path_per_floor":["M","M","$","?","M","R","M","M","T","?","?","?","$","E","R","B"],"character_chosen":"HERMIT","items_purchased":["hermit:ShadowCloak","hermit:Determination","hermit:Tonic"],"campfire_rested":1,"item_purchase_floors":[3,13,13],"current_hp_per_floor":[54,48,48,48,41,41,27,27,27,27,30,30,30,3,27,0,0],"gold":42,"neow_bonus":"THREE_RARE_CARDS","is_daily":false,"chose_seed":false,"campfire_upgraded":1,"win_rate":0.0,"timestamp":1608604871,"path_taken":["M","M","$","?","?","R","M","M","T","?","?","?","?","E","R","BOSS"],"items_purchased_type":["Card","Card","Potion"],"build_version":"2020-12-13","purchased_purges":0,"victory":false,"max_hp_per_floor":[75,75,75,75,75,75,75,75,75,75,78,78,78,83,83,83,83],"relic_stats":{"counters":[7,47],"CeramicFish":18,"obtain_stats":[{"ReplayTheSpireMod:Ring of Exchange":12,"CeramicFish":9,"Ring of Peace":12,"halation:EternalFortune":11,"Replay:Wax Seal":14,"hermit:Momento":0},{"ReplayTheSpireMod:Ring of Exchange":5,"CeramicFish":5,"Ring of Peace":5,"halation:EternalFortune":5,"Replay:Wax Seal":6,"hermit:Momento":0},{"ReplayTheSpireMod:Ring of Exchange":22,"CeramicFish":22,"Ring of Peace":22,"halation:EternalFortune":22,"Replay:Wax Seal":36,"hermit:Momento":0}]},"card_choices":[{"not_picked":["hermit:HeroicBravado","hermit:Purgatory"],"picked":"hermit:FinalCanter","floor":0},{"not_picked":["hermit:CalledShot","hermit:ItchyTrigger"],"picked":"hermit:Manifest","floor":1},{"not_picked":["hermit:LowProfile","hermit:DeadMansHand"],"picked":"hermit:Cheat","floor":2},{"not_picked":["hermit:Desperado","hermit:LowProfile"],"picked":"hermit:Quickdraw","floor":5},{"not_picked":["hermit:HighCaliber","hermit:CalledShot"],"picked":"hermit:Shortfuse","floor":7},{"not_picked":["hermit:Dive","hermit:DeadMansHand","hermit:Vantage"],"picked":"SKIP","floor":8},{"not_picked":["Flash of Steel","Replay:Parry"],"picked":"expansioncontent:ChargeUp","floor":10},{"not_picked":["hermit:TrackingShot","hermit:Snipe","hermit:HighCaliber"],"picked":"SKIP","floor":14}],"player_experience":563320,"relics_obtained":[{"floor":9,"key":"CeramicFish"},{"floor":12,"key":"Ring of Peace"},{"floor":12,"key":"ReplayTheSpireMod:Ring of Exchange"},{"floor":14,"key":"Replay:Wax Seal"}],"event_choices":[{"cards_removed":["hermit:Strike_Hermit"],"damage_healed":0,"gold_gain":0,"player_choice":"Purged","damage_taken":0,"max_hp_gain":0,"max_hp_loss":0,"event_name":"Purifier","floor":4,"gold_loss":0},{"damage_healed":0,"gold_gain":1,"player_choice":"1","damage_taken":0,"max_hp_gain":0,"max_hp_loss":0,"event_name":"betterStone:BetterStone","floor":10,"gold_loss":0}],"is_beta":false,"boss_relics":[],"items_purged_floors":[],"is_endless":false,"potions_floor_spawned":[1],"killed_by":"Hexaghost","ascension_level":0}}