{"host":"Jinnai","time":1608610836,"event":{"mods":["BaseMod","Bestiary","Block Reminder","Colored Map","Colored Powertips","Highlight Path","Keyboard Shortcuts","Minty Spire (QoL Compilation)","Quick Restart","Relic Stats"],"gold_per_floor":[115,134,134,134,90,118,118,43,43,43,53,78,90,117,117,194,244,284,284,209,222,264,264,7,54,78,78,78,2,43,43,43],"floor_reached":31,"playtime":1146,"items_purged":[],"score":542,"play_id":"8b264a45-3af8-4678-9270-5454ec585aa4","local_time":"20201221232036","is_ascension_mode":true,"campfire_choices":[{"data":"Adaptation","floor":7.0,"key":"SMITH"},{"data":"Judgement","floor":10.0,"key":"SMITH"},{"data":"Worship","floor":15.0,"key":"SMITH"},{"data":"Wish","floor":23,"key":"SMITH"},{"floor":28,"key":"REST"}],"circlet_count":0,"master_deck":["AscendersBane","Strike_P","Strike_P","Strike_P","Defend_P","Defend_P","Defend_P","Defend_P","Eruption+1","Vigilance","WaveOfTheHand","Adaptation+1","Judgement+1","Wireheading","Worship+1","FearNoEvil","Wish+1","LikeWater","MentalFortress","Prostrate","EmptyFist+1","Devotion","WheelKick","FlurryOfBlows+1","Study"],"relics":["PureWater","NeowsBlessing","Mummified Hand","Singing Bowl","Damaru","Bag of Marbles","Bottled Tornado","Tiny House","Centennial Puzzle"],"acts_visited":["Exordium","TheCity"],"potions_floor_usage":[18,25],"damage_taken":[{"damage":0.0,"enemies":"Small Slimes","floor":1.0,"turns":1.0},{"damage":0.0,"enemies":"2 Louse","floor":2.0,"turns":2.0},{"damage":0.0,"enemies":"3 Sentries","floor":6.0,"turns":2.0},{"damage":4.0,"enemies":"Jaw Worm","floor":11.0,"turns":3.0},{"damage":22.0,"enemies":"Lagavulin","floor":12.0,"turns":6.0},{"damage":0.0,"enemies":"Lots of Slimes","floor":13.0,"turns":3.0},{"damage":2.0,"enemies":"3 Sentries","floor":14.0,"turns":5.0},{"damage":6.0,"enemies":"Hexaghost","floor":16.0,"turns":6.0},{"damage":12,"enemies":"2 Thieves","floor":18,"turns":3},{"damage":1,"enemies":"Spheric Guardian","floor":21,"turns":3},{"damage":21,"enemies":"Shelled Parasite and Fungi","floor":22,"turns":5},{"damage":24,"enemies":"Centurion and Healer","floor":25,"turns":6},{"damage":16,"enemies":"Snecko","floor":30,"turns":5},{"damage":21,"enemies":"Snake Plant","floor":31,"turns":2}],"seed_played":"6072374596043189403","potions_obtained":[{"floor":2.0,"key":"Explosive Potion"},{"floor":12.0,"key":"AttackPotion"},{"floor":14.0,"key":"AttackPotion"},{"floor":17.0,"key":"SteroidPotion"},{"floor":18,"key":"GamblersBrew"},{"floor":25,"key":"Explosive Potion"}],"is_trial":false,"path_per_floor":["M","M","?","?","?","E","R","$","T","R","M","E","M","E","R","B",null,"M","?","?","M","M","R","$","M","T","?","R","$","M","M"],"character_chosen":"WATCHER","items_purchased":["Wireheading","Devotion","WheelKick","Study"],"campfire_rested":1,"item_purchase_floors":[8,24,24,29],"current_hp_per_floor":[61,61,66,31,31,31,31,31,31,31,27,7,9,7,7,1,65,53,53,53,52,31,31,31,7,7,7,32,32,18,0,0],"gold":43,"neow_bonus":"THREE_ENEMY_KILL","is_daily":false,"chose_seed":false,"campfire_upgraded":4,"win_rate":0.0,"timestamp":1608610836,"path_taken":["M","M","?","?","?","E","R","?","T","R","?","E","M","E","R","BOSS","M","?","?","?","M","R","$","M","T","?","R","$","M","M"],"items_purchased_type":["Card","Card","Card","Card"],"build_version":"2020-12-18","purchased_purges":0,"victory":false,"max_hp_per_floor":[68,68,73,73,73,73,73,73,73,73,73,75,77,77,77,77,84,84,84,84,84,84,84,84,84,84,84,84,84,86,86,86],"relic_stats":{"Centennial Puzzle":[6],"Singing Bowl":8,"counters":[14,52],"Mummified Hand":[48],"obtain_stats":[{"Centennial Puzzle":26,"Tiny House":17,"NeowsBlessing":0,"Singing Bowl":6,"Mummified Hand":4,"Damaru":9,"Bag of Marbles":12,"PureWater":0,"Bottled Tornado":14},{"Centennial Puzzle":12,"Tiny House":8,"NeowsBlessing":0,"Singing Bowl":3,"Mummified Hand":2,"Damaru":3,"Bag of Marbles":5,"PureWater":0,"Bottled Tornado":7},{"Centennial Puzzle":45,"Tiny House":28,"NeowsBlessing":0,"Singing Bowl":5,"Mummified Hand":3,"Damaru":5,"Bag of Marbles":14,"PureWater":0,"Bottled Tornado":22}]},"card_choices":[{"not_picked":["SashWhip","Halt"],"picked":"WaveOfTheHand","floor":1.0},{"not_picked":["LikeWater","SashWhip"],"picked":"Adaptation","floor":2.0},{"not_picked":["PathToVictory","Weave"],"picked":"Judgement","floor":6.0},{"not_picked":["Evaluate","FollowUp"],"picked":"Worship","floor":11.0},{"not_picked":["CrushJoints","FollowUp","EmptyFist"],"picked":"Singing Bowl","floor":12.0},{"not_picked":["ThirdEye","Crescendo","Establishment"],"picked":"Singing Bowl","floor":13.0},{"not_picked":["Evaluate","FollowUp"],"picked":"FearNoEvil","floor":14.0},{"not_picked":["Ragnarok","DevaForm"],"picked":"Wish","floor":16.0},{"not_picked":["JustLucky","CarveReality","ClearTheMind"],"picked":"Singing Bowl","floor":17.0},{"not_picked":["JustLucky","Crescendo+1"],"picked":"LikeWater","floor":18},{"not_picked":["FollowUp","Perseverance"],"picked":"Prostrate","floor":21},{"not_picked":["CarveReality","FearNoEvil"],"picked":"EmptyFist+1","floor":22},{"not_picked":["Swivel","DeceiveReality"],"picked":"FlurryOfBlows+1","floor":25},{"not_picked":["Protect","Consecrate","DeceiveReality"],"picked":"Singing Bowl","floor":30}],"player_experience":1482815,"relics_obtained":[{"floor":6.0,"key":"Singing Bowl"},{"floor":9.0,"key":"Damaru"},{"floor":12.0,"key":"Bag of Marbles"},{"floor":14.0,"key":"Bottled Tornado"},{"floor":26,"key":"Centennial Puzzle"}],"event_choices":[{"damage_healed":0.0,"max_hp_gain":5.0,"max_hp_loss":0.0,"gold_gain":0.0,"event_name":"Big Fish","player_choice":"Donut","floor":3.0,"gold_loss":0.0,"damage_taken":0.0},{"damage_healed":0.0,"max_hp_gain":0.0,"max_hp_loss":0.0,"gold_gain":0.0,"event_name":"Scrap Ooze","player_choice":"Success","floor":4.0,"gold_loss":0.0,"damage_taken":35.0,"relics_obtained":["Mummified Hand"]},{"damage_healed":0.0,"max_hp_gain":0.0,"max_hp_loss":0.0,"gold_gain":0.0,"event_name":"World of Goop","player_choice":"Left Gold","floor":5.0,"gold_loss":44.0,"damage_taken":0.0},{"damage_healed":0,"gold_gain":0,"player_choice":"Read","damage_taken":0,"max_hp_gain":0,"max_hp_loss":0,"event_name":"The Library","floor":19,"gold_loss":0,"cards_obtained":["MentalFortress"]},{"cards_removed":["Strike_P"],"damage_healed":0,"gold_gain":0,"player_choice":"Gave Gold","damage_taken":0,"max_hp_gain":0,"max_hp_loss":0,"event_name":"Beggar","floor":20,"gold_loss":75},{"damage_healed":0,"gold_gain":0,"player_choice":"Ignored","damage_taken":0,"max_hp_gain":0,"max_hp_loss":0,"event_name":"Cursed Tome","floor":27,"gold_loss":0}],"is_beta":true,"boss_relics":[{"not_picked":["HolyWater","Cursed Key"],"picked":"Tiny House"}],"items_purged_floors":[],"is_endless":false,"potions_floor_spawned":[2,12,14,18,25],"killed_by":"Snake Plant","ascension_level":19}}