{"host":"i4eavuqabbk5mi94","time":1608672472,"event":{"mods":["BaseMod","Googly Eyes","Minty Spire (QoL Compilation)","Replay The Spire","Shop Mod","StSLib"],"gold_per_floor":[363,381,40,51,62,62,75,95,95,20,33,33,67,67,67,67,67],"floor_reached":16,"playtime":871,"items_purged":["Strike_G"],"score":120,"play_id":"29a15d75-dc0a-4161-a3b0-1de0812e3024","local_time":"20201222212752","is_ascension_mode":true,"campfire_choices":[{"data":"Neutralize","floor":6.0,"key":"SMITH"},{"floor":12,"key":"REST"},{"floor":15,"key":"REST"}],"circlet_count":0,"master_deck":["Strike_G","Strike_G+1","Strike_G","Strike_G","Defend_G","Defend_G","Defend_G","Defend_G","Defend_G","Survivor","Neutralize+1","Terror","Heel Hook","ReplayTheSpireMod:Scrap Shanks","Bandage Up","Dagger Throw","Tactician","Prepared","Underhanded Strike","Footwork","Outmaneuver+1","Pot Of Greed","Pot Of Greed"],"relics":["Ring of the Snake","Strange Spoon","Gremlin Food","Grinning Jar"],"acts_visited":["Exordium"],"potions_floor_usage":[13,13,16],"damage_taken":[{"damage":2.0,"enemies":"Cultist","floor":1.0,"turns":5.0},{"damage":1.0,"enemies":"Small Slimes","floor":2.0,"turns":4.0},{"damage":7.0,"enemies":"Jaw Worm","floor":4.0,"turns":5.0},{"damage":5.0,"enemies":"Large Slime","floor":5.0,"turns":8.0},{"damage":20.0,"enemies":"Exordium Thugs","floor":7.0,"turns":7.0},{"damage":3.0,"enemies":"Blue Slaver","floor":8.0,"turns":5.0},{"damage":14,"enemies":"Large Slime","floor":11,"turns":5},{"damage":42,"enemies":"Gremlin Nob","floor":13,"turns":5},{"damage":40,"enemies":"The Guardian","floor":16,"turns":5}],"seed_played":"-8853966265488841822","potions_obtained":[{"floor":5.0,"key":"Regen Potion"},{"floor":7.0,"key":"SteroidPotion"},{"floor":11,"key":"Poison Potion"},{"floor":13,"key":"Milkshake"}],"is_trial":false,"path_per_floor":["M","M","$","M","M","R","M","M","T","$","M","R","E","$","R","B"],"character_chosen":"THE_SILENT","items_purchased":["Strange Spoon","ReplayTheSpireMod:Scrap Shanks","Bandage Up","Footwork"],"campfire_rested":2,"item_purchase_floors":[3,3,3,10],"current_hp_per_floor":[47,46,46,43,42,42,45,46,46,46,36,57,15,15,36,0,0],"gold":67,"neow_bonus":"TWO_FIFTY_GOLD","is_daily":false,"chose_seed":false,"campfire_upgraded":1,"win_rate":0.0,"timestamp":1608672472,"path_taken":["M","?","$","M","M","R","M","M","T","$","M","R","E","?","R","BOSS"],"items_purchased_type":["Relic","Card","Card","Card"],"build_version":"2020-12-13","purchased_purges":1,"victory":false,"max_hp_per_floor":[70,70,70,70,70,70,70,70,70,70,70,70,70,70,70,70,70],"card_choices":[{"not_picked":["Quick Slash","Blade Dance"],"picked":"Terror","floor":1.0},{"not_picked":["ReplayTheSpireMod:The Works","Concentrate"],"picked":"Heel Hook","floor":2.0},{"not_picked":["Choke","Bane"],"picked":"Dagger Throw","floor":4.0},{"not_picked":["Deflect","Flying Knee"],"picked":"Tactician","floor":5.0},{"not_picked":["Cloak And Dagger","Eviscerate"],"picked":"Prepared","floor":7.0},{"not_picked":["Cloak And Dagger","Riddle With Holes"],"picked":"Underhanded Strike","floor":8.0},{"not_picked":["Backflip","Slice"],"picked":"Outmaneuver","floor":11},{"not_picked":["Escape Plan","Burst","Masterful Stab"],"picked":"SKIP","floor":13}],"player_experience":356377,"relics_obtained":[{"floor":9.0,"key":"Gremlin Food"},{"floor":13,"key":"Grinning Jar"}],"event_choices":[],"is_beta":false,"boss_relics":[],"items_purged_floors":[3],"is_endless":false,"potions_floor_spawned":[5,7,11,13],"killed_by":"The Guardian","ascension_level":3}}