{"host":"f1miojwxaupu79sp","time":1608610647,"event":{"mods":["BaseMod","Better Vampires","Minty Spire (QoL Compilation)","Shop Mod"],"gold_per_floor":[110,124,14,26,45,45,59,85,137,137,137,137,37,37,37,37,37],"floor_reached":16,"playtime":3702,"items_purged":["Strike_G","Strike_G"],"score":165,"play_id":"d8da41ec-05a4-4f30-b0cc-a42d5dfb5a3f","local_time":"20201221231727","is_ascension_mode":true,"campfire_choices":[{"data":"Crippling Poison","floor":6,"key":"SMITH"},{"data":"After Image","floor":12,"key":"SMITH"},{"data":"All Out Attack","floor":15,"key":"SMITH"}],"circlet_count":0,"master_deck":["AscendersBane","Strike_G","Strike_G","Strike_G","Defend_G","Defend_G","Defend_G","Defend_G","Defend_G","Survivor","Neutralize","Grand Finale","All Out Attack+1","PiercingWail","Crippling Poison+1","Bouncing Flask+1","After Image+1","Prepared"],"relics":["Ring of the Snake","Juzu Bracelet","Happy Flower","Kunai"],"acts_visited":["Exordium"],"potions_floor_usage":[5,5,8,8],"damage_taken":[{"damage":5,"enemies":"Small Slimes","floor":1,"turns":4},{"damage":1,"enemies":"2 Louse","floor":2,"turns":3},{"damage":4,"enemies":"Jaw Worm","floor":4,"turns":5},{"damage":20,"enemies":"Exordium Thugs","floor":5,"turns":4},{"damage":6,"enemies":"Blue Slaver","floor":7,"turns":7},{"damage":8,"enemies":"3 Sentries","floor":8,"turns":6},{"damage":35,"enemies":"Slime Boss","floor":16,"turns":10}],"seed_played":"-5179298436793049656","potions_obtained":[{"floor":2,"key":"ColorlessPotion"},{"floor":4,"key":"DuplicationPotion"},{"floor":5,"key":"AttackPotion"},{"floor":7,"key":"AttackPotion"}],"is_trial":false,"path_per_floor":["M","M","$","M","M","R","M","E","T","?","?","R","$","?","R","B"],"character_chosen":"THE_SILENT","items_purchased":["Crippling Poison"],"campfire_rested":0,"item_purchase_floors":[3],"current_hp_per_floor":[58,57,57,53,33,33,27,19,19,19,42,42,42,42,42,7,7],"gold":37,"neow_bonus":"ONE_RANDOM_RARE_CARD","is_daily":false,"chose_seed":false,"campfire_upgraded":3,"win_rate":0.0,"timestamp":1608610647,"path_taken":["M","M","$","M","M","R","M","E","T","?","?","R","$","?","R","BOSS"],"items_purchased_type":["Card"],"build_version":"2020-12-13","purchased_purges":2,"victory":false,"max_hp_per_floor":[70,70,70,70,70,70,70,70,70,70,70,70,70,70,70,70,70],"card_choices":[{"not_picked":["Acrobatics","Cloak And Dagger"],"picked":"All Out Attack","floor":1},{"not_picked":["Deadly Poison","Dagger Throw"],"picked":"PiercingWail","floor":2},{"not_picked":["Bane","Flechettes"],"picked":"Bouncing Flask","floor":4},{"not_picked":["Outmaneuver","Acrobatics","Sucker Punch"],"picked":"SKIP","floor":5},{"not_picked":["Deflect","Concentrate"],"picked":"After Image","floor":7},{"not_picked":["Accuracy","Backflip"],"picked":"Prepared","floor":8}],"player_experience":680709,"relics_obtained":[{"floor":8,"key":"Juzu Bracelet"},{"floor":9,"key":"Happy Flower"}],"event_choices":[{"damage_healed":0,"gold_gain":0,"player_choice":"Searched \u00271\u0027 times","damage_taken":0,"relics_obtained":["Kunai"],"max_hp_gain":0,"max_hp_loss":0,"event_name":"Dead Adventurer","floor":10,"gold_loss":0},{"damage_healed":23,"gold_gain":0,"player_choice":"Banana","damage_taken":0,"max_hp_gain":0,"max_hp_loss":0,"event_name":"Big Fish","floor":11,"gold_loss":0},{"damage_healed":0,"gold_gain":0,"player_choice":"Upgraded","damage_taken":0,"max_hp_gain":0,"max_hp_loss":0,"event_name":"Upgrade Shrine","floor":14,"gold_loss":0,"cards_upgraded":["Bouncing Flask"]}],"is_beta":false,"boss_relics":[],"items_purged_floors":[3,13],"is_endless":false,"potions_floor_spawned":[2,4,5,7],"killed_by":"Slime Boss","ascension_level":13}}