{"host":"v4tuy5ykrbdcm9o9","time":1608620913,"event":{"mods":["BaseMod","Duelist Mod","Minty Spire (QoL Compilation)","Replay The Spire","StSLib"],"gold_per_floor":[112,123,135,105,123,154,154,168,194,204,204,223,223,249,249,350,350,368,385,300,300,300],"floor_reached":21,"playtime":1268,"items_purged":[],"score":222,"play_id":"6a051e19-ee31-4ee0-9408-da1b6d3313ae","local_time":"20201222020833","is_ascension_mode":true,"campfire_choices":[{"data":"Armaments","floor":7,"key":"SMITH"},{"data":"Run Through","floor":11,"key":"SMITH"},{"data":"Anger","floor":13,"key":"SMITH"},{"floor":15,"key":"REST"}],"circlet_count":0,"master_deck":["Strike_R","Strike_R","Strike_R","Strike_R","Strike_R","Defend_R","Defend_R","Defend_R","Defend_R","Bash","Exhume","Run Through+1","Body Slam","Bloodletting","Armaments+1","Combust","Replay:Undeath\u0027s Touch","Inflame","Anger+1","Blood for Blood","Demon Form","Run Through","Clash"],"relics":["Burning Blood","Matryoshka","Omamori","Bag of Marbles","PreservedInsect","Philosopher\u0027s Stone","Gremlin Horn"],"acts_visited":["Exordium","TheCity"],"potions_floor_usage":[6,6,14,16,19],"damage_taken":[{"damage":9,"enemies":"Jaw Worm","floor":1,"turns":5},{"damage":0,"enemies":"Cultist","floor":2,"turns":4},{"damage":20,"enemies":"Small Slimes","floor":3,"turns":4},{"damage":9,"enemies":"Blue Slaver","floor":5,"turns":3},{"damage":22,"enemies":"Replay:BlueRogue","floor":6,"turns":5},{"damage":2,"enemies":"2 Fungi Beasts","floor":8,"turns":3},{"damage":0,"enemies":"3 Louse","floor":10,"turns":3},{"damage":6,"enemies":"Looter","floor":12,"turns":3},{"damage":16,"enemies":"Gremlin Nob","floor":14,"turns":3},{"damage":38,"enemies":"Slime Boss","floor":16,"turns":11},{"damage":11,"enemies":"Chosen","floor":18,"turns":4},{"damage":42,"enemies":"Shell Parasite","floor":19,"turns":5},{"damage":52,"enemies":"Centurion and Healer","floor":21,"turns":4}],"seed_played":"6424378979531625396","potions_obtained":[{"floor":1,"key":"SpeedPotion"},{"floor":4,"key":"Block Potion"},{"floor":4,"key":"DuplicationPotion"},{"floor":10,"key":"Energy Potion"},{"floor":12,"key":"EssenceOfSteel"},{"floor":14,"key":"Ancient Potion"},{"floor":18,"key":"Energy Potion"}],"is_trial":false,"path_per_floor":["M","M","M","?","M","E","R","M","T","M","R","M","R","E","R","B",null,"M","M","?","M"],"character_chosen":"IRONCLAD","items_purchased":[],"campfire_rested":1,"item_purchase_floors":[],"current_hp_per_floor":[77,80,66,66,63,47,47,51,51,57,57,57,57,47,71,39,80,75,39,39,0,0],"gold":300,"neow_bonus":"ONE_RANDOM_RARE_CARD","is_daily":false,"chose_seed":false,"campfire_upgraded":3,"win_rate":0.0,"timestamp":1608620913,"path_taken":["M","M","M","?","M","E","R","M","T","M","R","?","R","E","R","BOSS","M","M","?","M"],"items_purchased_type":[],"build_version":"2020-12-13","purchased_purges":0,"victory":false,"max_hp_per_floor":[80,80,80,80,80,80,80,80,80,80,80,80,80,80,80,80,80,80,80,80,80,80],"card_choices":[{"not_picked":["Wild Strike","Havoc"],"picked":"Run Through","floor":1},{"not_picked":["Disarm","Sever Soul"],"picked":"Body Slam","floor":2},{"not_picked":["Warcry","Havoc"],"picked":"Bloodletting","floor":3},{"not_picked":["ReplayTheSpireMod:Strike From Hell","Warcry"],"picked":"Armaments","floor":5},{"not_picked":["Armaments","Intimidate"],"picked":"Combust","floor":6},{"not_picked":["Intimidate","Havoc"],"picked":"Replay:Undeath\u0027s Touch","floor":8},{"not_picked":["Perfected Strike","Offering"],"picked":"Inflame","floor":10},{"not_picked":["True Grit","Hemokinesis"],"picked":"Anger","floor":12},{"not_picked":["Flame Barrier","Feel No Pain"],"picked":"Blood for Blood","floor":14},{"not_picked":["Limit Break","Exhume"],"picked":"Demon Form","floor":16},{"not_picked":["Body Slam","True Grit"],"picked":"Run Through","floor":18},{"not_picked":["Wild Strike","Sword Boomerang"],"picked":"Clash","floor":19}],"player_experience":411576,"relics_obtained":[{"floor":6,"key":"Matryoshka"},{"floor":9,"key":"Omamori"},{"floor":9,"key":"Bag of Marbles"},{"floor":14,"key":"PreservedInsect"}],"event_choices":[{"damage_healed":0,"gold_gain":0,"player_choice":"Bought 2 Potions","damage_taken":0,"max_hp_gain":0,"max_hp_loss":0,"event_name":"The Woman in Blue","floor":4,"gold_loss":0},{"damage_healed":0,"gold_gain":0,"player_choice":"Obtained Relic","damage_taken":0,"relics_obtained":["Gremlin Horn"],"max_hp_gain":0,"max_hp_loss":0,"event_name":"Addict","floor":20,"gold_loss":85}],"is_beta":false,"boss_relics":[{"not_picked":["Replay:Grab Bag","Pandora\u0027s Box"],"picked":"Philosopher\u0027s Stone"}],"items_purged_floors":[],"is_endless":false,"potions_floor_spawned":[1,10,12,14,18],"killed_by":"Centurion and Healer","ascension_level":3}}