{"host":"63o2iqaaus9jfjk5","time":1608630515,"event":{"mods":["AchievementEnabler","BaseMod","Bestiary","Better Altar","Better Match","Better Note","Better Sensory Stone","Better Skull","Better Third Choice","Better Vampires","Better-Laid Plans","BetterRewards","Block Reminder","Colored Powertips","Displayed Cursed Tome","GifTheSpireLib","Lobotomy","Minty Spire (QoL Compilation)","RNG Fix","Random Character Button","Red Circlet Mod","Relic Stats","StSLib","Unceasing Turn Reminder"],"gold_per_floor":[112,112,123,141,141,175,175,187,187,207,223,31,31,42,42,139,189,201,212,212,226,226,226],"floor_reached":22,"playtime":3024,"items_purged":[],"score":190,"play_id":"3030d100-f3f9-4991-92da-af400d5d8555","local_time":"20201222034835","is_ascension_mode":false,"campfire_choices":[{"floor":7,"key":"REST"},{"floor":15,"key":"REST"}],"circlet_count":0,"master_deck":["Strike_G","Strike_G","Strike_G","Strike_G","Defend_G","Defend_G","Defend_G","Defend_G","Defend_G","Survivor+1","Neutralize","VoidDream","Bouncing Flask","Spot Weakness","ShyLook","Deadly Poison","Scarecrow","Adrenaline","OldLady","MHz","Blur","BigBadWolf","Flying Knee","Outmaneuver","Well Laid Plans","LaLuna","Bullet Time","Heel Hook","Poisoned Stab","NakedNest","Underhanded Strike","Bouncing Flask","Wellcheers","Tactician"],"relics":["Ring of the Snake","CogitoBucket","Ancient Tea Set","Eternal Feather","Mercury Hourglass","BackwardClock","Strange Spoon","Tiny House","SkinProphecy"],"acts_visited":["Exordium","TheCity"],"potions_floor_usage":[16,16,21,22,22,22],"damage_taken":[{"damage":0.0,"enemies":"Cultist","floor":1.0,"turns":4.0},{"damage":5.0,"enemies":"2 Louse","floor":3.0,"turns":3.0},{"damage":3.0,"enemies":"Jaw Worm","floor":4.0,"turns":3.0},{"damage":27,"enemies":"3 Sentries","floor":6,"turns":9},{"damage":20,"enemies":"Large Slime","floor":8,"turns":8},{"damage":7,"enemies":"Blue Slaver","floor":10,"turns":4},{"damage":2,"enemies":"Red Slaver","floor":11,"turns":3},{"damage":18,"enemies":"Lots of Slimes","floor":14,"turns":3},{"damage":32,"enemies":"Slime Boss","floor":16,"turns":12},{"damage":7,"enemies":"Shell Parasite","floor":18,"turns":4},{"damage":37,"enemies":"Spheric Guardian","floor":19,"turns":8},{"damage":14,"enemies":"Centurion and Healer","floor":21,"turns":9},{"damage":14,"enemies":"Shelled Parasite and Fungi","floor":22,"turns":5}],"seed_played":"1946598036903360291","potions_obtained":[{"floor":8,"key":"Strength Potion"},{"floor":14,"key":"SkillPotion"},{"floor":16,"key":"BlessingOfTheForge"},{"floor":17,"key":"Ancient Potion"},{"floor":19,"key":"EntropicBrew"}],"is_trial":false,"path_per_floor":["M","?","M","M","?","E","R","M","T","M","M","$","?","M","R","B",null,"M","M","?","M","M"],"character_chosen":"THE_SILENT","items_purchased":["Strange Spoon","Outmaneuver"],"campfire_rested":2,"item_purchase_floors":[12,12],"current_hp_per_floor":[70,56,51,48,48,21,54,34,34,27,25,25,48,30,66,68,75,68,31,31,17,0,0],"gold":226,"neow_bonus":"","is_daily":false,"chose_seed":false,"campfire_upgraded":0,"win_rate":0.0,"timestamp":1608630515,"path_taken":["M","?","M","M","?","E","R","M","T","?","M","$","?","?","R","BOSS","M","M","?","M","M"],"items_purchased_type":["Relic","Card"],"build_version":"2020-12-13","purchased_purges":0,"victory":false,"max_hp_per_floor":[70,70,70,70,70,70,70,70,70,70,70,70,70,70,70,70,75,75,75,75,77,79,79],"relic_stats":{"Strange Spoon":[2],"counters":[15,77],"Eternal Feather":27,"obtain_stats":[{"BackwardClock":10,"Strange Spoon":12,"CogitoBucket":0,"Tiny House":17,"Eternal Feather":6,"SkinProphecy":19,"Ancient Tea Set":2,"Ring of the Snake":0,"Mercury Hourglass":9},{"BackwardClock":7,"Strange Spoon":8,"CogitoBucket":0,"Tiny House":10,"Eternal Feather":4,"SkinProphecy":13,"Ancient Tea Set":1,"Ring of the Snake":0,"Mercury Hourglass":5},{"BackwardClock":32,"Strange Spoon":35,"CogitoBucket":0,"Tiny House":50,"Eternal Feather":19,"SkinProphecy":63,"Ancient Tea Set":4,"Ring of the Snake":0,"Mercury Hourglass":27}],"Ring of the Snake":[30],"Mercury Hourglass":[247]},"card_choices":[{"not_picked":["SpiderBud","OSAHOGD"],"picked":"VoidDream","floor":1.0},{"not_picked":["Poisoned Stab","Predator"],"picked":"Bouncing Flask","floor":1.0},{"not_picked":["OSAHOGD","WallGazer"],"picked":"ShyLook","floor":3.0},{"not_picked":["Accuracy","Prepared"],"picked":"Deadly Poison","floor":3.0},{"not_picked":["OSAHOGD","CherryBlossoms"],"picked":"Scarecrow","floor":4.0},{"not_picked":["Dagger Throw","Well Laid Plans"],"picked":"Backflip","floor":4.0},{"not_picked":["Bloodbath","WallGazer"],"picked":"CherryBlossoms","floor":6},{"not_picked":["Bouncing Flask","Quick Slash"],"picked":"Adrenaline","floor":6},{"not_picked":["Scorched","LittlePrince"],"picked":"OldLady","floor":8},{"not_picked":["Accuracy","Backflip"],"picked":"Poisoned Stab","floor":8},{"not_picked":["WallGazer","BeautyBeast"],"picked":"MHz","floor":10},{"not_picked":["Dagger Spray","Cloak And Dagger"],"picked":"Blur","floor":10},{"not_picked":["OSAHOGD","FairyFestival"],"picked":"BigBadWolf","floor":11},{"not_picked":["Bouncing Flask","Blade Dance"],"picked":"Flying Knee","floor":11},{"not_picked":["FairyFestival","BeautyBeast"],"picked":"Porccubus","floor":14},{"not_picked":["Flechettes","Underhanded Strike"],"picked":"Well Laid Plans","floor":14},{"not_picked":["QueenOfHatred","SpiderBud"],"picked":"LaLuna","floor":16},{"not_picked":["Night Terror","Tools of the Trade"],"picked":"Bullet Time","floor":16},{"not_picked":["Outmaneuver","Dagger Spray"],"picked":"Heel Hook","floor":17},{"not_picked":["SpiderBud","Yin"],"picked":"BigBird","floor":18},{"not_picked":["Outmaneuver","Sucker Punch"],"picked":"Poisoned Stab","floor":18},{"not_picked":["SnowQueen","BeautyBeast"],"picked":"NakedNest","floor":19},{"not_picked":["Blade Dance","Poisoned Stab+1"],"picked":"Underhanded Strike","floor":19},{"not_picked":["BigBird","SpiderBud"],"picked":"Wellcheers","floor":21},{"not_picked":["Malaise","Underhanded Strike"],"picked":"Tactician","floor":21}],"player_experience":103037,"relics_obtained":[{"floor":6,"key":"Eternal Feather"},{"floor":9,"key":"Mercury Hourglass"}],"event_choices":[{"damage_healed":0.0,"max_hp_gain":0.0,"max_hp_loss":0.0,"gold_gain":0.0,"event_name":"Golden Wing","player_choice":"Ignored","floor":5.0,"gold_loss":0.0,"damage_taken":0.0},{"damage_healed":23,"gold_gain":0,"player_choice":"Banana","damage_taken":0,"max_hp_gain":0,"max_hp_loss":0,"event_name":"Big Fish","floor":13,"gold_loss":0},{"damage_healed":0,"gold_gain":0,"cards_transformed":["Porccubus"],"player_choice":"Transformed","damage_taken":0,"max_hp_gain":0,"max_hp_loss":0,"event_name":"Transmorgrifier","floor":20,"gold_loss":0,"cards_obtained":["Bouncing Flask"]}],"is_beta":false,"boss_relics":[{"not_picked":["HoveringKite","Busted Crown"],"picked":"Tiny House"}],"items_purged_floors":[],"is_endless":false,"potions_floor_spawned":[8,14,16,19],"killed_by":"Shelled Parasite and Fungi","ascension_level":0}}