{"host":"dh4nu8nelr2izibb","time":1608600627,"event":{"mods":["Act Like it!","BaseMod","Better Third Choice","Card Forge","Displayed Cursed Tome","HololiveMod","Marisa????????","Minty Spire (QoL Compilation)","Puzzle Mod","Quick Restart","Relic Filter","StSLib","The Marked","The Poker Player","The Servant 0.9.4","WarShipGirlsR/????R mod","???????????mod"],"gold_per_floor":[211,228,228,29,49,49,39,83,83,83,83,107,107,132,132,225,225,250,250,120,141,141,141,185,185,185,208,229,253,297,297,297,297,297],"floor_reached":33,"playtime":969,"items_purged":["Strike_G"],"score":620,"play_id":"ee53af1f-c4bf-4e09-b2a5-9677659d4d0e","local_time":"20201221203027","is_ascension_mode":true,"campfire_choices":[{"floor":6.0,"key":"REST"},{"data":"Glass Knife","floor":10.0,"key":"SMITH"},{"data":"Blade Dance","floor":13.0,"key":"SMITH"},{"data":"All Out Attack","floor":15.0,"key":"SMITH"},{"data":"Acrobatics","floor":23.0,"key":"SMITH"},{"data":"Underhanded Strike","floor":25.0,"key":"SMITH"},{"data":"Predator","floor":32,"key":"SMITH"}],"circlet_count":0,"master_deck":["AscendersBane","Strike_G","Strike_G","Defend_G","Defend_G","Defend_G","Defend_G","Survivor","Neutralize+1","Quick Slash","Cloak And Dagger+1","Dagger Throw","Blade Dance+1","All Out Attack+1","Prepared","Glass Knife+1","Dagger Spray","Escape Plan","Tools of the Trade+1","Backflip","Acrobatics+1","Underhanded Strike+1","Predator+1","Sucker Punch+1"],"relics":["Ring of the Snake","Hammer of Thor","Seething Fire","Anvil of the Gods","Golden Idol","Vajra","Tiny Chest","Frozen Egg 2","Busted Crown","Question Card","WingedGreaves","Letter Opener","Dream Catcher"],"acts_visited":["Exordium","TheCity"],"potions_floor_usage":[33,33],"damage_taken":[{"damage":4.0,"enemies":"Jaw Worm","floor":1.0,"turns":7.0},{"damage":0.0,"enemies":"Small Slimes","floor":2.0,"turns":3.0},{"damage":0.0,"enemies":"2 Louse","floor":5.0,"turns":3.0},{"damage":19.0,"enemies":"3 Sentries","floor":8.0,"turns":6.0},{"damage":0.0,"enemies":"Red Slaver","floor":12.0,"turns":2.0},{"damage":8.0,"enemies":"Blue Slaver","floor":14.0,"turns":2.0},{"damage":14.0,"enemies":"Hexaghost","floor":16.0,"turns":7.0},{"damage":2.0,"enemies":"Shell Parasite","floor":18.0,"turns":2.0},{"damage":4.0,"enemies":"Chosen","floor":21.0,"turns":4.0},{"damage":26.0,"enemies":"Slavers","floor":24.0,"turns":6.0},{"damage":0,"enemies":"3 Cultists","floor":27,"turns":3},{"damage":0,"enemies":"Chosen and Byrds","floor":28,"turns":3},{"damage":0,"enemies":"Centurion and Healer","floor":29,"turns":3},{"damage":0,"enemies":"Gremlin Leader","floor":30,"turns":5},{"damage":52,"enemies":"Automaton","floor":33,"turns":6}],"seed_played":"-799711029497547026","potions_obtained":[{"floor":8.0,"key":"Fire Potion"},{"floor":12.0,"key":"FearPotion"},{"floor":16.0,"key":"FearPotion"},{"floor":24.0,"key":"AttackPotion"},{"floor":28,"key":"LiquidBronze"},{"floor":30,"key":"Explosive Potion"}],"is_trial":false,"path_per_floor":["M","M","?","$","M","R","?","E","T","R","?","M","R","M","R","B",null,"M","?","$","M","T","R","E","R","T","M","M","M","E","?","R","B"],"character_chosen":"THE_SILENT","items_purchased":["Vajra","Dagger Throw","Acrobatics"],"campfire_rested":1,"item_purchase_floors":[4,4,20],"current_hp_per_floor":[55,55,32,32,32,51,51,32,32,32,54,54,54,46,46,32,58,56,76,76,72,72,72,46,46,46,46,46,46,46,46,46,0,0],"gold":297,"neow_bonus":"HUNDRED_GOLD","is_daily":false,"chose_seed":false,"campfire_upgraded":6,"win_rate":0.0,"timestamp":1608600627,"path_taken":["M","M","?","$","M","R","?","E","T","R","?","M","R","M","R","BOSS","M","?","$","?","?","R","E","R","T","M","M","?","E","?","R","BOSS"],"items_purchased_type":["Relic","Card","Card"],"build_version":"2020-12-13","purchased_purges":1,"victory":false,"max_hp_per_floor":[66,66,66,66,66,66,66,66,66,66,66,66,66,66,66,66,66,66,76,76,76,76,76,76,76,76,76,76,76,76,76,76,76,76],"card_choices":[{"not_picked":["Dodge and Roll","Slice"],"picked":"Quick Slash","floor":1.0},{"not_picked":["Outmaneuver","Poisoned Stab"],"picked":"Cloak And Dagger","floor":2.0},{"not_picked":["Sucker Punch","Cloak And Dagger"],"picked":"All Out Attack","floor":5.0},{"not_picked":[],"picked":"Prepared","floor":7.0},{"not_picked":[],"picked":"Storm of Steel","floor":7.0},{"not_picked":["Predator","Slice"],"picked":"Glass Knife","floor":8.0},{"not_picked":["Outmaneuver","Dodge and Roll"],"picked":"Dagger Spray","floor":12.0},{"not_picked":["Concentrate","Predator"],"picked":"Escape Plan","floor":14.0},{"not_picked":["Storm of Steel","Night Terror"],"picked":"Tools of the Trade+1","floor":16.0},{"not_picked":[],"picked":"Backflip","floor":18.0},{"not_picked":["Caltrops+1"],"picked":"SKIP","floor":21.0},{"not_picked":["Dodge and Roll+1"],"picked":"Underhanded Strike","floor":24.0},{"not_picked":["Caltrops+1"],"picked":"Predator","floor":27},{"not_picked":["Deadly Poison","Escape Plan"],"picked":"SKIP","floor":28},{"not_picked":["Dagger Throw"],"picked":"Sucker Punch","floor":29},{"not_picked":["Deadly Poison","Sucker Punch"],"picked":"SKIP","floor":30}],"player_experience":1109027,"relics_obtained":[{"floor":8.0,"key":"Tiny Chest"},{"floor":9.0,"key":"Frozen Egg 2"},{"floor":22.0,"key":"Question Card"},{"floor":24.0,"key":"WingedGreaves"},{"floor":26.0,"key":"Letter Opener"},{"floor":30,"key":"Dream Catcher"}],"event_choices":[{"damage_healed":0.0,"max_hp_gain":0.0,"max_hp_loss":0.0,"gold_gain":0.0,"event_name":"Golden Idol","player_choice":"Take Damage","floor":3.0,"gold_loss":0.0,"damage_taken":23.0,"relics_obtained":["Golden Idol"]},{"damage_healed":22.0,"max_hp_gain":0.0,"max_hp_loss":0.0,"gold_gain":0.0,"event_name":"Big Fish","player_choice":"Banana","floor":11.0,"gold_loss":0.0,"damage_taken":0.0},{"cards_removed":["Storm of Steel"],"damage_healed":10.0,"max_hp_gain":10.0,"max_hp_loss":0.0,"gold_gain":0.0,"event_name":"Bonfire Elementals","player_choice":"Offered Rare","floor":19.0,"gold_loss":0.0,"damage_taken":0.0},{"damage_healed":0,"gold_gain":0,"player_choice":"Cursed","damage_taken":0,"max_hp_gain":0,"max_hp_loss":0,"event_name":"Wheel of Change","floor":31,"gold_loss":0,"cards_obtained":["Decay"]}],"is_beta":false,"boss_relics":[{"not_picked":["Black Star","Ectoplasm"],"picked":"Busted Crown"}],"items_purged_floors":[20],"is_endless":false,"potions_floor_spawned":[8,12,14,16,24,28,30],"killed_by":"Automaton","ascension_level":20}}