{"host":"5jn3rki867005t18","time":1608636330,"event":{"mods":["2.2 Compatiblity","AchievementEnabler","BaseMod","Colored Map","DeckTracker","Minty Spire (QoL Compilation)","Permanent Neow","Rare Cards Sparkle","StSLib","SuperFastMode"],"gold_per_floor":[109,37,48,60,79,79,92,92,92,92,107,119,119,132,132,235,235,216,216,227,246,246,246,263,263,263,263,263,274,43,43,43],"floor_reached":31,"playtime":1327,"items_purged":["Strike_G"],"score":233,"play_id":"1f3b3576-d972-40d6-b790-270530ffea4b","local_time":"20201222202530","is_ascension_mode":false,"campfire_choices":[{"floor":6,"key":"REST"},{"floor":8,"key":"REST"},{"floor":15,"key":"REST"},{"floor":23,"key":"REST"},{"floor":27,"key":"REST"}],"circlet_count":0,"master_deck":["Strike_G","Strike_G","Strike_G","Defend_G","Defend_G","Defend_G","Defend_G","Defend_G","Survivor+1","Neutralize","Deadly Poison","Deadly Poison","Quick Slash","Bane","Poisoned Stab","Acrobatics","Slice","Flying Knee","A Thousand Cuts","Footwork","Poisoned Stab","Burst","Quick Slash+1","Poisoned Stab","Backflip+1","Bane+1","Clumsy","Flying Knee","Die Die Die"],"relics":["Ring of the Snake","TungstenRod","Pantograph","Cursed Key","Nilry\u0027s Codex","Sundial"],"acts_visited":["Exordium","TheCity"],"potions_floor_usage":[16,18,20,21,25],"damage_taken":[{"damage":1,"enemies":"Cultist","floor":1,"turns":4},{"damage":20,"enemies":"Jaw Worm","floor":3,"turns":4},{"damage":9,"enemies":"2 Louse","floor":4,"turns":3},{"damage":7,"enemies":"Blue Slaver","floor":5,"turns":3},{"damage":9,"enemies":"Large Slime","floor":7,"turns":6},{"damage":8,"enemies":"Gremlin Gang","floor":11,"turns":6},{"damage":23,"enemies":"Exordium Thugs","floor":12,"turns":5},{"damage":4,"enemies":"3 Louse","floor":14,"turns":4},{"damage":11,"enemies":"Hexaghost","floor":16,"turns":9},{"damage":7,"enemies":"2 Thieves","floor":18,"turns":4},{"damage":22,"enemies":"Spheric Guardian","floor":20,"turns":4},{"damage":4,"enemies":"Snecko","floor":21,"turns":5},{"damage":22,"enemies":"Sentry and Sphere","floor":24,"turns":7},{"damage":0,"enemies":"Cultist and Chosen","floor":25,"turns":1},{"damage":17,"enemies":"3 Cultists","floor":29,"turns":7},{"damage":44,"enemies":"Slavers","floor":31,"turns":4}],"seed_played":"6451988465397816333","potions_obtained":[{"floor":3,"key":"Block Potion"},{"floor":4,"key":"SmokeBomb"},{"floor":5,"key":"PowerPotion"},{"floor":16,"key":"Weak Potion"},{"floor":18,"key":"SkillPotion"},{"floor":29,"key":"FearPotion"}],"is_trial":false,"path_per_floor":["M","$","M","M","M","R","M","R","T","T","M","M","?","M","R","B",null,"M","?","M","M","?","R","M","M","T","R","?","M","$","E"],"character_chosen":"THE_SILENT","items_purchased":["Deadly Poison","Quick Slash","Die Die Die"],"campfire_rested":5,"item_purchase_floors":[2,2,30],"current_hp_per_floor":[69,69,49,40,33,54,45,66,66,66,58,35,35,31,52,59,70,63,51,29,25,13,35,13,13,13,35,60,43,43,0,0],"gold":43,"neow_bonus":"UPGRADE_CARD","is_daily":false,"chose_seed":false,"campfire_upgraded":0,"win_rate":0.0,"timestamp":1608636330,"path_taken":["M","?","M","M","M","R","?","R","T","?","M","M","?","M","R","BOSS","M","?","M","M","?","R","M","M","T","R","?","M","$","E"],"items_purchased_type":["Card","Card","Card"],"build_version":"2020-12-13","purchased_purges":1,"victory":false,"max_hp_per_floor":[70,70,70,70,70,70,70,70,70,70,70,70,70,70,70,70,70,70,75,75,75,75,75,75,75,75,75,75,75,75,75,75],"card_choices":[{"not_picked":["Well Laid Plans","PiercingWail"],"picked":"Deadly Poison","floor":1},{"not_picked":["Backflip","Leg Sweep"],"picked":"Bane","floor":3},{"not_picked":["Backflip","Heel Hook"],"picked":"Poisoned Stab","floor":4},{"not_picked":["Outmaneuver","Tactician"],"picked":"Acrobatics","floor":5},{"not_picked":["Skewer","Well Laid Plans"],"picked":"Slice","floor":7},{"not_picked":["Prepared","Endless Agony"],"picked":"Flying Knee","floor":11},{"not_picked":["Outmaneuver","Poisoned Stab"],"picked":"A Thousand Cuts","floor":12},{"not_picked":["Dodge and Roll","Footwork"],"picked":"Poisoned Stab","floor":14},{"not_picked":["Adrenaline","Malaise"],"picked":"Burst","floor":16},{"not_picked":["Predator","Leg Sweep"],"picked":"Quick Slash+1","floor":18},{"not_picked":["Deflect","Bane"],"picked":"Poisoned Stab","floor":20},{"not_picked":["Leg Sweep+1","Well Laid Plans"],"picked":"Backflip+1","floor":21},{"not_picked":["Blade Dance","Expertise"],"picked":"Bane+1","floor":24},{"not_picked":["Calculated Gamble","Slice"],"picked":"Flying Knee","floor":29}],"player_experience":61513,"relics_obtained":[{"floor":9,"key":"TungstenRod"},{"floor":10,"key":"Pantograph"},{"floor":22,"key":"Nilry\u0027s Codex"},{"floor":26,"key":"Sundial"}],"event_choices":[{"damage_healed":0,"gold_gain":0,"cards_transformed":["Strike_G"],"player_choice":"Change","damage_taken":0,"max_hp_gain":0,"max_hp_loss":0,"event_name":"Living Wall","floor":13,"gold_loss":0,"cards_obtained":["Footwork"]},{"damage_healed":0,"gold_gain":0,"player_choice":"Shed Blood","damage_taken":18,"max_hp_gain":5,"max_hp_loss":0,"event_name":"Forgotten Altar","floor":19,"gold_loss":0},{"damage_healed":0,"gold_gain":0,"player_choice":"Obtained Book","damage_taken":16,"max_hp_gain":0,"max_hp_loss":0,"event_name":"Cursed Tome","floor":22,"gold_loss":0},{"damage_healed":25,"gold_gain":0,"player_choice":"Heal","damage_taken":0,"max_hp_gain":0,"max_hp_loss":0,"event_name":"The Library","floor":28,"gold_loss":0}],"is_beta":false,"boss_relics":[{"not_picked":["Ring of the Serpent","WristBlade"],"picked":"Cursed Key"}],"items_purged_floors":[30],"is_endless":false,"potions_floor_spawned":[3,4,5,16,18,29],"killed_by":"Slavers","ascension_level":0}}