{"host":"ffm36ba59us8r0su","time":1608678628,"event":{"mods":["AchievementEnabler","BaseMod","Curses Come First","DeckTracker","Minty Spire (QoL Compilation)","Relic Stats","StSLib"],"gold_per_floor":[118,68,68,68,79,114,127,127,173,192,206,61,61,39,39,144,144,154,168,168,181,201,201,228,228,228],"floor_reached":25,"playtime":1609,"items_purged":[],"score":346,"play_id":"896a063a-c54f-4126-8795-1a972f30f16b","local_time":"20201222151028","is_ascension_mode":true,"campfire_choices":[{"floor":8,"key":"REST"},{"floor":13,"key":"REST"},{"floor":15,"key":"REST"},{"floor":23,"key":"REST"}],"circlet_count":0,"master_deck":["AscendersBane","Strike_B","Strike_B","Strike_B","Defend_B","Defend_B","Defend_B","Zap","Dualcast","Defragment","Conserve Battery","Stack","Cold Snap","Ball Lightning","Capacitor","Cold Snap","Creative AI","Ball Lightning+1","Hologram","Genetic Algorithm+1"],"relics":["Cracked Core","Bag of Preparation","Toy Ornithopter","Lantern","Bronze Scales","Inserter","Orichalcum"],"acts_visited":["Exordium","TheCity"],"potions_floor_usage":[6,16,16,21,24],"damage_taken":[{"damage":8,"enemies":"Jaw Worm","floor":1,"turns":4},{"damage":5,"enemies":"Small Slimes","floor":5,"turns":3},{"damage":38,"enemies":"3 Sentries","floor":6,"turns":9},{"damage":0,"enemies":"Cultist","floor":7,"turns":5},{"damage":16,"enemies":"Exordium Thugs","floor":10,"turns":5},{"damage":2,"enemies":"Exordium Wildlife","floor":11,"turns":6},{"damage":21,"enemies":"Hexaghost","floor":16,"turns":9},{"damage":9,"enemies":"Shell Parasite","floor":18,"turns":6},{"damage":3,"enemies":"3 Byrds","floor":19,"turns":2},{"damage":24,"enemies":"Snake Plant","floor":21,"turns":5},{"damage":21,"enemies":"Cultist and Chosen","floor":22,"turns":6},{"damage":46,"enemies":"Gremlin Leader","floor":24,"turns":7},{"damage":7,"enemies":"Snecko","floor":25,"turns":2}],"seed_played":"-6276737750902441330","potions_obtained":[{"floor":1,"key":"Weak Potion"},{"floor":7,"key":"Dexterity Potion"},{"floor":11,"key":"LiquidBronze"},{"floor":18,"key":"PowerPotion"},{"floor":20,"key":"Energy Potion"},{"floor":21,"key":"GamblersBrew"}],"is_trial":false,"path_per_floor":["M","?","?","?","M","E","M","R","T","M","M","$","R","$","R","B",null,"M","M","?","M","M","R","E","M"],"character_chosen":"DEFECT","items_purchased":["Bronze Scales","Cold Snap"],"campfire_rested":4,"item_purchase_floors":[12,14],"current_hp_per_floor":[67,67,49,49,44,6,6,30,30,14,12,12,36,36,60,49,74,65,62,62,43,22,46,5,0,0],"gold":228,"neow_bonus":"TEN_PERCENT_HP_BONUS","is_daily":false,"chose_seed":false,"campfire_upgraded":0,"win_rate":0.0,"timestamp":1608678628,"path_taken":["M","?","?","?","M","E","M","R","T","M","?","?","R","$","R","BOSS","M","M","?","?","M","R","E","M"],"items_purchased_type":["Relic","Card"],"build_version":"2020-12-13","purchased_purges":0,"victory":false,"max_hp_per_floor":[82,82,82,82,82,82,82,82,82,82,82,82,82,82,82,82,82,82,82,82,82,82,82,82,82,82],"relic_stats":{"Inserter":[14],"counters":[13,69],"Bronze Scales":[196],"Bag of Preparation":[24],"Orichalcum":[6],"obtain_stats":[{"Lantern":9,"Inserter":17,"Bronze Scales":12,"Bag of Preparation":3,"Orichalcum":24,"Cracked Core":0,"Toy Ornithopter":6},{"Lantern":4,"Inserter":7,"Bronze Scales":6,"Bag of Preparation":1,"Orichalcum":12,"Cracked Core":0,"Toy Ornithopter":3},{"Lantern":21,"Inserter":41,"Bronze Scales":32,"Bag of Preparation":4,"Orichalcum":67,"Cracked Core":0,"Toy Ornithopter":16}],"Toy Ornithopter":20},"card_choices":[{"not_picked":["Melter","Barrage"],"picked":"Defragment","floor":1},{"not_picked":["Go for the Eyes","Streamline"],"picked":"Conserve Battery","floor":5},{"not_picked":["Aggregate","Chaos"],"picked":"Stack","floor":6},{"not_picked":["Coolheaded","Beam Cell"],"picked":"Cold Snap","floor":7},{"not_picked":["Multi-Cast","Barrage"],"picked":"Ball Lightning","floor":10},{"not_picked":["Hologram","FTL"],"picked":"Capacitor","floor":11},{"not_picked":["Hyperbeam","Machine Learning"],"picked":"Creative AI","floor":16},{"not_picked":["Conserve Battery","Heatsinks+1"],"picked":"Ball Lightning+1","floor":18},{"not_picked":["Leap","Recycle+1"],"picked":"Hologram","floor":19},{"not_picked":["Compile Driver","Conserve Battery+1","Stack"],"picked":"SKIP","floor":21},{"not_picked":["Force Field","Rip and Tear","Beam Cell"],"picked":"SKIP","floor":22},{"not_picked":["Rebound","Double Energy+1"],"picked":"Genetic Algorithm+1","floor":24}],"player_experience":850699,"relics_obtained":[{"floor":6,"key":"Toy Ornithopter"},{"floor":9,"key":"Lantern"},{"floor":24,"key":"Orichalcum"}],"event_choices":[{"cards_removed":["Strike_B"],"damage_healed":0,"gold_gain":0,"player_choice":"Card Removal","damage_taken":0,"max_hp_gain":0,"max_hp_loss":0,"event_name":"The Cleric","floor":2,"gold_loss":50},{"damage_healed":0,"gold_gain":0,"player_choice":"Success","damage_taken":18,"relics_obtained":["Bag of Preparation"],"max_hp_gain":0,"max_hp_loss":0,"event_name":"Scrap Ooze","floor":3,"gold_loss":0},{"cards_removed":["Defend_B"],"damage_healed":0,"gold_gain":0,"player_choice":"Purged","damage_taken":0,"max_hp_gain":0,"max_hp_loss":0,"event_name":"Purifier","floor":4,"gold_loss":0},{"damage_healed":0,"gold_gain":0,"player_choice":"Got Potions","damage_taken":0,"max_hp_gain":0,"max_hp_loss":0,"event_name":"Lab","floor":20,"gold_loss":0}],"is_beta":false,"boss_relics":[{"not_picked":["Philosopher\u0027s Stone","Calling Bell"],"picked":"Inserter"}],"items_purged_floors":[],"is_endless":false,"potions_floor_spawned":[1,7,11,18,21],"killed_by":"Snecko","ascension_level":11}}