{"host":"wghdsg8ym2wc7ov9","time":1608595599,"event":{"mods":["AchievementEnabler","BaseMod","Better Altar","Better Note","Colored Map","Hermit","Highlight Path","Jorbs\u0027s Wanderer Trilogy","Minty Spire (QoL Compilation)","Random Character Button","Relic Stats","Shop Mod","StSLib","The Bug Knight","The Cursed","The Hierophant","The Servant 0.9.4"],"gold_per_floor":[118,130,140,140,153,153,165,192,218,238,238,256,290,290,290,290,290],"floor_reached":16,"playtime":2032,"items_purged":[],"score":116,"play_id":"a5465b1c-46cc-4804-a867-04b905f194a4","local_time":"20201221160639","is_ascension_mode":false,"campfire_choices":[{"floor":6,"key":"REST"},{"floor":15,"key":"REST"}],"circlet_count":0,"master_deck":["HollowMod:NailStrikeStart","HollowMod:NailStrikeStart","HollowMod:NailStrikeStart","HollowMod:NailStrikeStart","HollowMod:QuickDashStart","HollowMod:QuickDashStart","HollowMod:QuickDashStart","HollowMod:QuickDashStart","HollowMod:FocusHealStart","HollowMod:PogoStrike","HollowMod:MidwifesHunger","HollowMod:TaintedHusks","HollowMod:NewGlowingWomb","HollowMod:InfectedCysts","HollowMod:DescendingDark","HollowMod:CrystalDash","HollowMod:InfectionAssault","HollowMod:BlackTendrils","HollowMod:CycloneSlash","HollowMod:WraithStrike","HollowMod:CycloneSlash"],"relics":["HollowMod:VesselMask","Singing Bowl","Dream Catcher","MealTicket"],"acts_visited":["Exordium"],"potions_floor_usage":[12,14,16],"damage_taken":[{"damage":0,"enemies":"2 Louse","floor":1,"turns":2},{"damage":5,"enemies":"Cultist","floor":2,"turns":3},{"damage":11,"enemies":"Small Slimes","floor":3,"turns":4},{"damage":22,"enemies":"Blue Slaver","floor":5,"turns":4},{"damage":24,"enemies":"Exordium Wildlife","floor":7,"turns":4},{"damage":27,"enemies":"HollowMod:MossKnight","floor":8,"turns":12},{"damage":5,"enemies":"3 Louse","floor":10,"turns":2},{"damage":0,"enemies":"Looter","floor":12,"turns":2},{"damage":45,"enemies":"Lagavulin","floor":13,"turns":8},{"damage":0,"enemies":"2 Fungi Beasts","floor":14,"turns":1},{"damage":31,"enemies":"Hexaghost","floor":16,"turns":5}],"seed_played":"1291463248262398238","potions_obtained":[{"floor":8,"key":"Fire Potion"},{"floor":10,"key":"SmokeBomb"},{"floor":12,"key":"CultistPotion"},{"floor":13,"key":"Ancient Potion"}],"is_trial":false,"path_per_floor":["M","M","M","?","M","R","M","E","T","M","?","M","E","M","R","B"],"character_chosen":"THE_BUGKNIGHT","items_purchased":[],"campfire_rested":2,"item_purchase_floors":[],"current_hp_per_floor":[75,70,65,70,54,78,60,45,45,40,40,40,2,2,26,0,0],"gold":290,"neow_bonus":"ONE_RANDOM_RARE_CARD","is_daily":false,"chose_seed":false,"campfire_upgraded":0,"win_rate":0.0,"timestamp":1608595599,"path_taken":["M","M","M","?","M","R","M","E","T","M","?","?","E","M","R","BOSS"],"items_purchased_type":[],"build_version":"2020-12-13","purchased_purges":0,"victory":false,"max_hp_per_floor":[75,75,75,80,80,80,80,80,80,80,80,80,80,80,80,80,80],"relic_stats":{"Dream Catcher":1,"Singing Bowl":0,"counters":[11,47],"MealTicket":0,"obtain_stats":[{"Dream Catcher":9,"Singing Bowl":8,"HollowMod:VesselMask":0,"MealTicket":13},{"Dream Catcher":6,"Singing Bowl":6,"HollowMod:VesselMask":0,"MealTicket":9},{"Dream Catcher":29,"Singing Bowl":29,"HollowMod:VesselMask":0,"MealTicket":41}]},"card_choices":[{"not_picked":["HollowMod:LifebloodCocoon","HollowMod:NewLittleFool"],"picked":"HollowMod:TaintedHusks","floor":1},{"not_picked":["HollowMod:DoubleDash","HollowMod:NewLittleFool"],"picked":"HollowMod:NewGlowingWomb","floor":2},{"not_picked":["HollowMod:LifebloodCocoon","HollowMod:CloakDash"],"picked":"HollowMod:InfectedCysts","floor":3},{"not_picked":["HollowMod:SiblingsSouls","HollowMod:DreamGate"],"picked":"HollowMod:DescendingDark","floor":5},{"not_picked":["HollowMod:CornifersMapStart","HollowMod:SharpenedNail"],"picked":"HollowMod:CrystalDash","floor":7},{"not_picked":["HollowMod:DreamGate","HollowMod:CloakDash"],"picked":"HollowMod:InfectionAssault","floor":8},{"not_picked":["HollowMod:HowlingWraiths","HollowMod:DescendingDark"],"picked":"HollowMod:BlackTendrils","floor":10},{"not_picked":["HollowMod:DreamGate","HollowMod:HeavyBlow"],"picked":"HollowMod:CycloneSlash","floor":12},{"not_picked":["HollowMod:HeavyBlow","HollowMod:MidwifesHunger"],"picked":"HollowMod:WraithStrike","floor":13},{"not_picked":["HollowMod:VengefulVoid","HollowMod:DoubleDash"],"picked":"HollowMod:CycloneSlash","floor":15}],"player_experience":499517,"relics_obtained":[{"floor":8,"key":"Singing Bowl"},{"floor":9,"key":"Dream Catcher"},{"floor":13,"key":"MealTicket"}],"event_choices":[{"damage_healed":0,"gold_gain":0,"player_choice":"Donut","damage_taken":0,"max_hp_gain":5,"max_hp_loss":0,"event_name":"Big Fish","floor":4,"gold_loss":0},{"damage_healed":0,"gold_gain":0,"player_choice":"Ignored","damage_taken":0,"max_hp_gain":0,"max_hp_loss":0,"event_name":"Purifier","floor":11,"gold_loss":0}],"is_beta":false,"boss_relics":[],"items_purged_floors":[],"is_endless":false,"potions_floor_spawned":[8,10,12,13],"killed_by":"Hexaghost","ascension_level":0}}