{"host":"aioitfzuz1h9wkvz","time":1608609348,"event":{"mods":["AchievementEnabler","BaseMod","Colored Map","Minty Spire (QoL Compilation)","Quick Restart","Relic Stats","Spicy Shops","StSLib"],"gold_per_floor":[109,127,202,107,127,127,154,154,154,154,173,173,183,212,212,309,609,620,11,11,11,11,44,44,78,78,78,110,110,110,127,127,232,232,232,232],"floor_reached":35,"playtime":1283,"items_purged":[],"score":528,"play_id":"cfee4b6e-511c-40d1-ad11-d608a39de1a6","local_time":"20201222135548","is_ascension_mode":true,"campfire_choices":[{"data":"Rampage","floor":6,"key":"SMITH"},{"data":"Double Tap","floor":8,"key":"SMITH"},{"data":"1","floor":12,"key":"LIFT"},{"floor":15,"key":"REST"},{"data":"2","floor":24,"key":"LIFT"},{"floor":27,"key":"REST"},{"data":"3","floor":29,"key":"LIFT"},{"floor":32,"key":"REST"}],"circlet_count":0,"master_deck":["Defend_R","Defend_R","Defend_R","Defend_R","Bash","Iron Wave","Thunderclap","Pommel Strike","Dropkick","Rampage+1","Double Tap+1","Clash","CurseOfTheBell","Bite","Bite","Bite","Bite","Bite","Armaments+1"],"relics":["Black Blood","TungstenRod","Girya","Bottled Flame","Calling Bell","Anchor","InkBottle","Old Coin","Prayer Wheel","Akabeko","TheAbacus","CeramicFish","Paper Frog","StrikeDummy","Peace Pipe"],"acts_visited":["Exordium","TheCity","TheBeyond"],"potions_floor_usage":[14,18,25,33,33],"damage_taken":[{"damage":12,"enemies":"Jaw Worm","floor":1,"turns":3},{"damage":4,"enemies":"Small Slimes","floor":2,"turns":4},{"damage":9,"enemies":"2 Louse","floor":5,"turns":2},{"damage":19,"enemies":"Gremlin Nob","floor":7,"turns":4},{"damage":0,"enemies":"2 Fungi Beasts","floor":11,"turns":3},{"damage":8,"enemies":"Lots of Slimes","floor":13,"turns":3},{"damage":18,"enemies":"3 Sentries","floor":14,"turns":10},{"damage":28,"enemies":"Slime Boss","floor":16,"turns":9},{"damage":36,"enemies":"Shell Parasite","floor":18,"turns":5},{"damage":33,"enemies":"Gremlin Leader","floor":23,"turns":8},{"damage":38,"enemies":"Slavers","floor":25,"turns":6},{"damage":28,"enemies":"Gremlin Leader","floor":28,"turns":6},{"damage":16,"enemies":"2 Thieves","floor":31,"turns":4},{"damage":54,"enemies":"Champ","floor":33,"turns":9},{"damage":83,"enemies":"3 Darklings","floor":35,"turns":8}],"seed_played":"2477768100733381971","potions_obtained":[{"floor":2,"key":"SkillPotion"},{"floor":7,"key":"Block Potion"},{"floor":13,"key":"SpeedPotion"},{"floor":14,"key":"Weak Potion"},{"floor":23,"key":"PowerPotion"},{"floor":33,"key":"FearPotion"}],"is_trial":false,"path_per_floor":["M","M","?","$","M","R","E","R","T","$","M","R","M","E","R","B",null,"M","$","?","$","?","E","R","E","T","R","E","R","?","M","R","B",null,"M"],"character_chosen":"IRONCLAD","items_purchased":["Pommel Strike","Dropkick","Prayer Wheel","Akabeko","Blood Vial","TheAbacus"],"campfire_rested":3,"item_purchase_floors":[4,4,19,19,19,19],"current_hp_per_floor":[82,84,73,73,70,70,57,57,57,57,63,63,61,49,75,53,88,58,58,58,58,87,71,71,49,49,75,61,61,56,52,78,46,88,18,18],"gold":232,"neow_bonus":"TEN_PERCENT_HP_BONUS","is_daily":false,"chose_seed":false,"campfire_upgraded":2,"win_rate":0.0,"timestamp":1608609348,"path_taken":["M","M","?","?","M","R","E","R","T","$","M","R","M","E","R","BOSS","M","$","?","$","?","E","R","E","T","R","E","R","?","?","R","BOSS","M"],"items_purchased_type":["Card","Card","Relic","Relic","Relic","Relic"],"build_version":"2020-12-13","purchased_purges":0,"victory":false,"max_hp_per_floor":[88,88,88,88,88,88,88,88,88,88,88,88,88,88,88,88,88,88,88,88,88,88,88,88,88,88,88,88,88,88,88,88,88,88,88,88],"relic_stats":{"Peace Pipe":1,"TheAbacus":[54],"counters":[15,84],"CeramicFish":9,"Black Blood":84,"Prayer Wheel":1,"obtain_stats":[{"Girya":9,"CeramicFish":23,"Black Blood":34,"Burning Blood":0,"Akabeko":19,"Old Coin":17,"Calling Bell":17,"Blood Vial":19,"Peace Pipe":28,"Bottled Flame":14,"Anchor":17,"TheAbacus":19,"Prayer Wheel":19,"StrikeDummy":26,"TungstenRod":7,"InkBottle":17,"Paper Frog":25},{"Girya":4,"CeramicFish":10,"Black Blood":14,"Burning Blood":0,"Akabeko":9,"Old Coin":8,"Calling Bell":8,"Blood Vial":9,"Peace Pipe":12,"Bottled Flame":7,"Anchor":8,"TheAbacus":9,"Prayer Wheel":9,"StrikeDummy":11,"TungstenRod":4,"InkBottle":8,"Paper Frog":11},{"Girya":13,"CeramicFish":51,"Black Blood":76,"Burning Blood":0,"Akabeko":43,"Old Coin":38,"Calling Bell":38,"Blood Vial":43,"Peace Pipe":63,"Bottled Flame":29,"Anchor":38,"TheAbacus":43,"Prayer Wheel":43,"StrikeDummy":57,"TungstenRod":13,"InkBottle":38,"Paper Frog":57}],"TungstenRod":48,"InkBottle":[15]},"card_choices":[{"not_picked":["Havoc","Perfected Strike"],"picked":"Iron Wave","floor":1},{"not_picked":["Pummel","Warcry"],"picked":"Thunderclap","floor":2},{"not_picked":["Body Slam","Clash"],"picked":"Rampage","floor":5},{"not_picked":["Burning Pact","Metallicize"],"picked":"Double Tap","floor":7},{"not_picked":["Havoc","Reckless Charge"],"picked":"Clash","floor":11},{"not_picked":["Infernal Blade","Combust","Second Wind"],"picked":"SKIP","floor":13},{"not_picked":["Battle Trance","Double Tap","Clothesline"],"picked":"SKIP","floor":14},{"not_picked":["Dark Embrace+1","Thunderclap","Warcry+1"],"picked":"SKIP","floor":18},{"not_picked":["Combust+1","Clothesline","Intimidate"],"picked":"SKIP","floor":23},{"not_picked":["Sever Soul","Twin Strike"],"picked":"Armaments+1","floor":25},{"not_picked":["True Grit","Offering","Dual Wield"],"picked":"SKIP","floor":28},{"not_picked":["Burning Pact+1","Headbutt","Intimidate"],"picked":"SKIP","floor":31},{"not_picked":["Shockwave","Dual Wield","Wild Strike+1"],"picked":"SKIP","floor":31}],"player_experience":689452,"relics_obtained":[{"floor":7,"key":"TungstenRod"},{"floor":9,"key":"Girya"},{"floor":14,"key":"Bottled Flame"},{"floor":17,"key":"Anchor"},{"floor":17,"key":"InkBottle"},{"floor":17,"key":"Old Coin"},{"floor":23,"key":"CeramicFish"},{"floor":25,"key":"Paper Frog"},{"floor":26,"key":"StrikeDummy"},{"floor":28,"key":"Peace Pipe"}],"event_choices":[{"damage_healed":0,"gold_gain":75,"player_choice":"Gather Gold","damage_taken":11,"max_hp_gain":0,"max_hp_loss":0,"event_name":"World of Goop","floor":3,"gold_loss":0},{"damage_healed":0,"gold_gain":0,"player_choice":"Became a vampire (Vial)","damage_taken":0,"max_hp_gain":0,"max_hp_loss":0,"event_name":"Vampires","floor":20,"relics_lost":["Blood Vial"],"gold_loss":0,"cards_obtained":["Bite","Bite","Bite","Bite","Bite"]},{"damage_healed":29,"gold_gain":0,"player_choice":"Heal","damage_taken":0,"max_hp_gain":0,"max_hp_loss":0,"event_name":"The Library","floor":22,"gold_loss":0},{"damage_healed":0,"gold_gain":0,"player_choice":"","damage_taken":6,"max_hp_gain":0,"max_hp_loss":0,"event_name":"Knowing Skull","floor":30,"potions_obtained":[],"gold_loss":0,"cards_obtained":[]}],"is_beta":false,"boss_relics":[{"not_picked":["Runic Dome","Cursed Key"],"picked":"Calling Bell"},{"not_picked":["Runic Pyramid","Runic Cube"],"picked":"Black Blood"}],"items_purged_floors":[],"is_endless":false,"potions_floor_spawned":[2,7,13,14,23,33],"killed_by":"3 Darklings","ascension_level":4}}