{"host":"auv68s8i97pkmhwr","time":1608628067,"event":{"mods":["AchievementEnabler","BaseMod","Best Route Mod","Bestiary","Better Altar","Better Match","Better Note","Better Sensory Stone","Better Skull","Better Third Choice","Better Vampires","BetterRewards","Block Reminder","Colored Map","Colored Powertips","Displayed Cursed Tome","Minty Spire (QoL Compilation)","StSLib","SuperFastMode","Uncapped","Unceasing Turn Reminder"],"gold_per_floor":[139,170,209,223,264,314,351,385,467,521,521,521,537,565,565,663,663,728,764,825,825,825,856,856,906,980,1015,1075,1117,1117,1167,1167,1263,1263,1281,1281,1345,1407,1446,1506,1581,1147,1171,1171,1196,1196,1250,1285,1285,1310,1310,1310,481,536,536],"floor_reached":56,"playtime":2265,"items_purged":["Strike_B","Strike_B","Strike_B","Strike_B+1","Defend_B"],"score":2603,"play_id":"b2b1a9ce-d6a1-4991-9a42-b4674704d3fc","local_time":"20201222170747","is_ascension_mode":true,"campfire_choices":[{"data":"Apotheosis","floor":12.0,"key":"SMITH"},{"data":"Defragment","floor":15.0,"key":"SMITH"},{"data":"1","floor":24.0,"key":"LIFT"},{"data":"2","floor":32.0,"key":"LIFT"},{"data":"3","floor":46,"key":"LIFT"},{"floor":49,"key":"RECALL"},{"data":"Creative AI","floor":52,"key":"SMITH"}],"circlet_count":0,"master_deck":["AscendersBane","Defend_B","Defend_B","Defend_B+1","Zap","Dualcast","Glacier","Apotheosis+1","Rip and Tear","Ball Lightning","HandOfGreed+1","Self Repair","Ball Lightning","Conserve Battery","Defragment+1","Chill+1","Coolheaded","Loop+1","Creative AI+1","White Noise","Coolheaded","Hologram","Force Field"],"relics":["Cracked Core","Bird Faced Urn","StoneCalendar","Du-Vu Doll","Girya","Matryoshka","Symbiotic Virus","Eternal Feather","Gremlin Horn","War Paint","Lizard Tail","Whetstone","Black Star","Singing Bowl","Mango","MealTicket","Peace Pipe","betterAltar:BloodRelic","Art of War","Mummified Hand","Bag of Preparation","Akabeko","Ginger","WingedGreaves","Coffee Dripper","Anchor","Ancient Tea Set","Turnip","InkBottle","Incense Burner","Bottled Tornado","Calipers","Vajra","Sundial","Bottled Lightning","Oddly Smooth Stone","Frozen Eye","Boot","Orichalcum","Thread and Needle"],"acts_visited":["Exordium","TheCity","TheBeyond","TheEnding"],"potions_floor_usage":[40,45,47,50,54],"damage_taken":[{"damage":0.0,"enemies":"Cultist","floor":1.0,"turns":5.0},{"damage":0.0,"enemies":"2 Louse","floor":2.0,"turns":2.0},{"damage":12.0,"enemies":"Small Slimes","floor":3.0,"turns":5.0},{"damage":10.0,"enemies":"Blue Slaver","floor":4.0,"turns":4.0},{"damage":12.0,"enemies":"Exordium Thugs","floor":5.0,"turns":3.0},{"damage":22.0,"enemies":"3 Sentries","floor":6.0,"turns":7.0},{"damage":0.0,"enemies":"Looter","floor":7.0,"turns":4.0},{"damage":0.0,"enemies":"Lagavulin","floor":8.0,"turns":5.0},{"damage":11.0,"enemies":"3 Sentries","floor":10.0,"turns":7.0},{"damage":0.0,"enemies":"Blue Slaver","floor":13.0,"turns":3.0},{"damage":10.0,"enemies":"Lagavulin","floor":14.0,"turns":7.0},{"damage":21.0,"enemies":"Hexaghost","floor":16.0,"turns":7.0},{"damage":14.0,"enemies":"2 Thieves","floor":18.0,"turns":4.0},{"damage":25.0,"enemies":"3 Byrds","floor":19.0,"turns":6.0},{"damage":8.0,"enemies":"Shelled Parasite and Fungi","floor":20.0,"turns":7.0},{"damage":18.0,"enemies":"Book of Stabbing","floor":23.0,"turns":7.0},{"damage":67.0,"enemies":"Slavers","floor":25.0,"turns":7.0},{"damage":20.0,"enemies":"Book of Stabbing","floor":27.0,"turns":5.0},{"damage":0.0,"enemies":"Centurion and Healer","floor":28.0,"turns":6.0},{"damage":11.0,"enemies":"Snake Plant","floor":29.0,"turns":2.0},{"damage":19.0,"enemies":"Slavers","floor":31.0,"turns":7.0},{"damage":5.0,"enemies":"Champ","floor":33.0,"turns":7.0},{"damage":16,"enemies":"3 Darklings","floor":35,"turns":5},{"damage":0,"enemies":"3 Shapes","floor":37,"turns":5},{"damage":0,"enemies":"Sphere and 2 Shapes","floor":38,"turns":4},{"damage":0,"enemies":"Maw","floor":39,"turns":7},{"damage":16,"enemies":"Reptomancer","floor":40,"turns":5},{"damage":27,"enemies":"Mind Bloom Boss Battle","floor":41,"turns":5},{"damage":0,"enemies":"Nemesis","floor":45,"turns":5},{"damage":0,"enemies":"Reptomancer","floor":47,"turns":4},{"damage":0,"enemies":"Nemesis","floor":48,"turns":7},{"damage":0,"enemies":"Awakened One","floor":50,"turns":14},{"damage":18,"enemies":"Shield and Spear","floor":54,"turns":6},{"damage":40,"enemies":"The Heart","floor":55,"turns":15}],"seed_played":"-4449415391624242920","potions_obtained":[{"floor":2.0,"key":"Ancient Potion"},{"floor":3.0,"key":"AttackPotion"},{"floor":7.0,"key":"BlessingOfTheForge"},{"floor":10.0,"key":"SkillPotion"},{"floor":16.0,"key":"Energy Potion"},{"floor":18.0,"key":"SpeedPotion"},{"floor":27.0,"key":"PowerPotion"},{"floor":33.0,"key":"PowerPotion"},{"floor":37,"key":"PotionOfCapacity"},{"floor":38,"key":"Dexterity Potion"},{"floor":40,"key":"DistilledChaos"},{"floor":44,"key":"Swift Potion"},{"floor":47,"key":"SmokeBomb"}],"is_trial":false,"path_per_floor":["M","M","M","M","M","E","M","E","T","E","?","R","M","E","R","B",null,"M","M","M","?","?","E","R","E","T","E","M","M","?","E","R","B",null,"M","?","M","M","M","E","?","$","T","?","E","R","E","E","R","B",null,"R","$","E","B",null],"character_chosen":"DEFECT","items_purchased":["Glacier","Apotheosis","Rip and Tear","Ball Lightning","HandOfGreed","Matryoshka","Coolheaded","InkBottle","Oddly Smooth Stone","Frozen Eye","PowerPotion","Swift Potion","Boot","Hologram","Force Field"],"campfire_rested":0,"item_purchase_floors":[0,0,0,0,0,0,42,42,53,53,53,53,53,53,53],"current_hp_per_floor":[68,68,68,70,58,50,61,75,75,75,80,80,80,72,80,73,78,66,55,61,61,61,73,82,31,31,27,43,48,43,47,59,89,99,104,108,110,112,112,114,107,116,116,116,118,118,120,122,122,122,122,122,122,124,94],"gold":536,"neow_bonus":"","is_daily":false,"chose_seed":false,"campfire_upgraded":3,"win_rate":0.0,"timestamp":1608628067,"path_taken":["M","M","M","M","M","E","M","E","T","E","?","R","M","E","R","BOSS","M","M","M","?","?","E","R","E","T","E","M","M","?","E","R","BOSS","M","?","M","M","M","E","?","$","T","?","E","R","E","E","R","BOSS","R","$","E","BOSS"],"items_purchased_type":["Card","Card","Card","Card","Card","Relic","Card","Relic","Relic","Relic","Potion","Potion","Relic","Card","Card"],"build_version":"2020-12-13","purchased_purges":5,"victory":true,"max_hp_per_floor":[75,75,75,75,75,75,75,75,75,75,80,80,80,80,80,80,80,80,80,80,80,80,96,96,98,98,98,98,100,100,102,102,102,102,104,108,110,112,112,114,116,116,116,116,118,118,120,122,122,122,122,122,122,124,124],"card_choices":[{"not_picked":["Go for the Eyes","Chill"],"picked":"Self Repair","floor":1.0},{"not_picked":["Chill","Lockon"],"picked":"Ball Lightning","floor":2.0},{"not_picked":["Steam","Reinforced Body","Recycle"],"picked":"SKIP","floor":3.0},{"not_picked":["BootSequence","Conserve Battery","Stack"],"picked":"SKIP","floor":4.0},{"not_picked":["BootSequence","Stack"],"picked":"Conserve Battery","floor":4.0},{"not_picked":["Auto Shields","Chill"],"picked":"Defragment","floor":5.0},{"not_picked":["Go for the Eyes","Streamline"],"picked":"Chill","floor":6.0},{"not_picked":["Glacier","Static Discharge","Redo"],"picked":"SKIP","floor":7.0},{"not_picked":["Gash","Stack","BootSequence"],"picked":"SKIP","floor":8.0},{"not_picked":["Undo","Double Energy","Heatsinks"],"picked":"SKIP","floor":10.0},{"not_picked":["Hello World","Ball Lightning","Leap"],"picked":"SKIP","floor":13.0},{"not_picked":["Redo","Barrage","Darkness"],"picked":"SKIP","floor":14.0},{"not_picked":["Barrage+1","Leap","Static Discharge"],"picked":"SKIP","floor":18.0},{"not_picked":["Barrage","Rip and Tear","Cold Snap+1"],"picked":"SKIP","floor":19.0},{"not_picked":["Genetic Algorithm","Go for the Eyes+1","Leap"],"picked":"SKIP","floor":20.0},{"not_picked":["Echo Form","Storm","Hologram"],"picked":"Singing Bowl","floor":23.0},{"not_picked":["Thunder Strike","Cold Snap","Go for the Eyes"],"picked":"Singing Bowl","floor":25.0},{"not_picked":["Ball Lightning","Recycle"],"picked":"Coolheaded","floor":27.0},{"not_picked":["Stack","Gash+1"],"picked":"Loop+1","floor":28.0},{"not_picked":["Beam Cell","Machine Learning","Loop"],"picked":"Singing Bowl","floor":29.0},{"not_picked":["Sunder","Leap","Rebound"],"picked":"Singing Bowl","floor":31.0},{"not_picked":["Buffer","Machine Learning"],"picked":"Creative AI","floor":33.0},{"not_picked":["Sunder","Gash","Cold Snap"],"picked":"Singing Bowl","floor":35},{"not_picked":["Chrysalis","Mayhem","Impatience"],"picked":"Singing Bowl","floor":36},{"not_picked":["Violence","Apotheosis","Forethought"],"picked":"Singing Bowl","floor":36},{"not_picked":["Chaos+1","Hologram","Streamline"],"picked":"Singing Bowl","floor":37},{"not_picked":["Recycle+1","Barrage","Gash"],"picked":"Singing Bowl","floor":38},{"not_picked":["Rebound+1","Barrage"],"picked":"White Noise","floor":39},{"not_picked":["Coolheaded","Self Repair+1","Gash"],"picked":"Singing Bowl","floor":40},{"not_picked":["Leap","Gash+1","BootSequence"],"picked":"Singing Bowl","floor":41},{"not_picked":["Redo","Multi-Cast","Heatsinks"],"picked":"Singing Bowl","floor":45},{"not_picked":["Hologram","Force Field","Streamline"],"picked":"Singing Bowl","floor":47},{"not_picked":["BootSequence","Leap+1","Compile Driver+1"],"picked":"Singing Bowl","floor":48},{"not_picked":["Beam Cell","Stack","Rebound+1"],"picked":"Singing Bowl","floor":54}],"player_experience":1239905,"relics_obtained":[{"floor":6.0,"key":"Symbiotic Virus"},{"floor":8.0,"key":"Eternal Feather"},{"floor":9.0,"key":"Gremlin Horn"},{"floor":9.0,"key":"War Paint"},{"floor":10.0,"key":"Lizard Tail"},{"floor":14.0,"key":"Whetstone"},{"floor":21.0,"key":"Singing Bowl"},{"floor":23.0,"key":"Mango"},{"floor":23.0,"key":"MealTicket"},{"floor":25.0,"key":"Peace Pipe"},{"floor":25.0,"key":"Blood Vial"},{"floor":26.0,"key":"Art of War"},{"floor":26.0,"key":"Mummified Hand"},{"floor":27.0,"key":"Bag of Preparation"},{"floor":27.0,"key":"Akabeko"},{"floor":31.0,"key":"Ginger"},{"floor":31.0,"key":"WingedGreaves"},{"floor":40,"key":"Anchor"},{"floor":40,"key":"Ancient Tea Set"},{"floor":41,"key":"Turnip"},{"floor":45,"key":"Incense Burner"},{"floor":45,"key":"Bottled Tornado"},{"floor":47,"key":"Calipers"},{"floor":47,"key":"Vajra"},{"floor":48,"key":"Sundial"},{"floor":48,"key":"Bottled Lightning"},{"floor":54,"key":"Orichalcum"},{"floor":54,"key":"Thread and Needle"}],"event_choices":[{"damage_healed":0.0,"max_hp_gain":5.0,"max_hp_loss":0.0,"gold_gain":0.0,"event_name":"Big Fish","player_choice":"Donut","floor":11.0,"gold_loss":0.0,"damage_taken":0.0},{"damage_healed":0.0,"max_hp_gain":0.0,"max_hp_loss":0.0,"gold_gain":0.0,"event_name":"Wheel of Change","player_choice":"Relic","floor":21.0,"gold_loss":0.0,"damage_taken":0.0},{"damage_healed":0.0,"max_hp_gain":0.0,"max_hp_loss":0.0,"gold_gain":0.0,"event_name":"betterNote:BetterNote","player_choice":"Ignored","floor":22.0,"gold_loss":0.0,"damage_taken":0.0,"cards_obtained":["Ball Lightning"]},{"damage_healed":0.0,"max_hp_gain":48.0,"max_hp_loss":43.0,"gold_gain":0.0,"event_name":"betterAltar:BetterAltar","player_choice":" RottenVial ","floor":30.0,"potions_obtained":[],"relics_lost":["Blood Vial"],"gold_loss":0.0,"damage_taken":5.0,"relics_obtained":["betterAltar:BloodRelic"]},{"damage_healed":0,"gold_gain":3,"player_choice":"1","damage_taken":0,"max_hp_gain":0,"max_hp_loss":0,"event_name":"betterStone:BetterStone","floor":36,"gold_loss":0},{"damage_healed":0,"gold_gain":0,"player_choice":"Fight","damage_taken":0,"max_hp_gain":0,"max_hp_loss":0,"event_name":"MindBloom","floor":41,"gold_loss":0},{"damage_healed":0,"gold_gain":0,"player_choice":"Got Potions","damage_taken":0,"max_hp_gain":0,"max_hp_loss":0,"event_name":"Lab","floor":44,"gold_loss":0}],"is_beta":false,"boss_relics":[{"not_picked":["Tiny House","Nuclear Battery"],"picked":"Black Star"},{"not_picked":["Cursed Key","FrozenCore"],"picked":"Coffee Dripper"}],"items_purged_floors":[0,0,0,42,53],"is_endless":false,"potions_floor_spawned":[2,3,7,10,13,16,18,25,27,28,33,37,38,40,47],"ascension_level":10}}