{"host":"pew4fjlaqz7m1maf","time":1608611515,"event":{"mods":["AchievementEnabler","Act Like it!","Bartender","BaseMod","Bestiary","Better Match","Better Note","Block Reminder","Booster Modes","Colored Map","Colored Powertips","Curses Come First","DeckTracker","Duelist Mod","GifTheSpireLib","GungeonMod","Hallownest","Hero for Fun","Hyrulean Relics","Jedi Mod","LagranYue(ùfäiòNÅEåé)","Magitek Elite","MarisaÅiñ∂âJÅ@ñÇóùçπÅj","Melee Mod","Minty Spire (QoL Compilation)","Prisma Mod","Quick Restart","Random Character Button","Rare Cards Sparkle","Relic Stats","Replay The Spire","SOSÅiézîb?îVéqÅj","StSLib","Td1madao Mod","The Animator","The Blue Laboratory","The Bug Knight","The Mystic","The Servant 0.9.4","The Wild Card","TheHero","TheWitcher","Uncapped","Waifu the Spire","Åyå˜î\ModÅz?ñæìIç≈?Boss"],"gold_per_floor":[136,136,151,151,170,204,215,246,246,276,276,288,302,302,302,405,405,423,439,452,470,470,500,513,527,527,19,119,74,93,123,123,227,227,242,256,272,272,272,272,286,306,330,330,2,2,52,89,101,113,125,137,16,16,16],"floor_reached":54,"playtime":8398,"items_purged":["animator:Curse_Nutcracker"],"score":703,"play_id":"babe04f4-ad63-4f36-880f-1d847c684e5f","local_time":"20201221213155","is_ascension_mode":false,"campfire_choices":[{"data":"theDuelist:GiantTrunade","floor":11,"key":"SMITH"},{"data":"theDuelist:Illusionist","floor":15,"key":"SMITH"},{"floor":32,"key":"REST"},{"data":"theDuelist:CosmoBrain","floor":40,"key":"SMITH"},{"floor":44,"key":"REST"},{"floor":49,"key":"RECALL"}],"circlet_count":0,"master_deck":["theDuelist:CastleWalls","theDuelist:DarkMagician","theDuelist:MysticalElf","theDuelist:MysticalElf","theDuelist:NeoMagic","theDuelist:NeoMagic+1","theDuelist:Sparks","theDuelist:Sparks","theDuelist:Sparks","theDuelist:BlizzardWarrior","theDuelist:HellfireOrbCard","theDuelist:SilentDoom","theDuelist:BlizzardWarrior","theDuelist:SpellShatteringArrow","theDuelist:DarkPaladin","theDuelist:GiantTrunade+1","theDuelist:InjectionFairy","theDuelist:InjectionFairy","theDuelist:Sparks","theDuelist:Sparks","theDuelist:Sparks","theDuelist:SilentDoom","theDuelist:SpellShatteringArrow","theDuelist:GiantTrunade+1","jedi:thedog","theDuelist:IrisEarthMother","theDuelist:GeminiElf","theDuelist:LightningDarts","theDuelist:SpiritHarp+1","theDuelist:InjectionFairy","theDuelist:InfernoFireBlast+1","theDuelist:SkilledDarkMagician+1","theDuelist:RainbowMagician+1","theDuelist:GeminiElf","theDuelist:InjectionFairy","theDuelist:CallAtlanteans+1","theDuelist:OnslaughtFireKings","theDuelist:InjectionFairy","theDuelist:RainbowMagician","theDuelist:BlizzardWarrior","theDuelist:PowerKaishin+1","theDuelist:CosmoBrain+1","theDuelist:RainbowMagician+1","theDuelist:Illusionist","Amnesia","theDuelist:BlizzardWarrior","theDuelist:HarpieFeather"],"relics":["theDuelist:MillenniumPuzzle","theDuelist:CardPoolRelic","theDuelist:CardPoolBasicRelic","theDuelist:BoosterPackPoolRelic","theDuelist:CardPoolAddRelic","theDuelist:CardPoolMinusRelic","theDuelist:CardPoolSaveRelic","theDuelist:CardPoolOptionsRelic","LagranYue:RandomDrawCardRelic","NeowsBlessing","HollowMod:PaleOreRelic","Nunchaku","jedi:Pinwheel","Chameleon Ring","Runic Pyramid","theDuelist:DuelistTeaSet","Ice Cream","CaptainsWheel","Ring of Chaos","PreservedInsect","Lizard Tail","Ring of Greed","Golden Idol","MawBank","Ring of Peace"],"acts_visited":["Exordium","TheCity","TheBeyond","TheEnding"],"potions_floor_usage":[10,16,16,20,23,33,33,36,41,42,50,50,54,54,54],"damage_taken":[{"damage":0,"enemies":"2 Louse","floor":1,"turns":1},{"damage":0,"enemies":"Small Slimes","floor":3,"turns":1},{"damage":0,"enemies":"Cultist","floor":5,"turns":1},{"damage":8,"enemies":"Replay:BlueRogue","floor":6,"turns":5},{"damage":0,"enemies":"2 Fungi Beasts","floor":7,"turns":4},{"damage":9,"enemies":"3 Sentries","floor":8,"turns":5},{"damage":0,"enemies":"Lagavulin","floor":10,"turns":5},{"damage":0,"enemies":"Gremlin Gang","floor":12,"turns":5},{"damage":0,"enemies":"Blue Slaver","floor":13,"turns":3},{"damage":18,"enemies":"The Guardian","floor":16,"turns":11},{"damage":0,"enemies":"3 Byrds","floor":18,"turns":9},{"damage":11,"enemies":"2 Thieves","floor":19,"turns":4},{"damage":2,"enemies":"Shelled Parasite and Fungi","floor":20,"turns":7},{"damage":0,"enemies":"Sentry and Sphere","floor":21,"turns":3},{"damage":28,"enemies":"Book of Stabbing","floor":23,"turns":9},{"damage":10,"enemies":"Snake Plant","floor":24,"turns":6},{"damage":0,"enemies":"Cultist and Chosen","floor":25,"turns":8},{"damage":9,"enemies":"3 Cultists","floor":30,"turns":5},{"damage":58,"enemies":"Slavers","floor":31,"turns":5},{"damage":22,"enemies":"Champ","floor":33,"turns":20},{"damage":20,"enemies":"Orb Walker","floor":35,"turns":5},{"damage":33,"enemies":"3 Darklings","floor":36,"turns":8},{"damage":21,"enemies":"4 Shapes","floor":37,"turns":4},{"damage":56,"enemies":"Maw","floor":41,"turns":11},{"damage":27,"enemies":"Spire Growth","floor":42,"turns":7},{"damage":0,"enemies":"Sphere and 2 Shapes","floor":48,"turns":7},{"damage":57,"enemies":"Replay:Hell Engine","floor":50,"turns":20},{"damage":123,"enemies":"Shield and Spear","floor":54,"turns":11}],"seed_played":"857342568625095475","potions_obtained":[{"floor":5,"key":"SteroidPotion"},{"floor":6,"key":"blueLaboratory:FruitPunch"},{"floor":12,"key":"theDuelist:VampireVial"},{"floor":18,"key":"DemoMod:LeadSkinPotion"},{"floor":19,"key":"ColorlessPotion"},{"floor":22,"key":"theDuelist:MegaupgradePotion"},{"floor":22,"key":"blueLaboratory:FruitPunch"},{"floor":22,"key":"EntropicBrew"},{"floor":30,"key":"theDuelist:BottledKuriboh"},{"floor":31,"key":"theDuelist:FireBottle"},{"floor":33,"key":"Strength Potion"},{"floor":42,"key":"theDuelist:SolderPotionB"},{"floor":52,"key":"theDuelist:TributeBottle"},{"floor":52,"key":"theDuelist:ReducerPotion"}],"is_trial":false,"path_per_floor":["M","?","M","?","M","E","M","E","T","E","R","M","M","?","R","B",null,"M","M","M","M","?","E","M","M","T","$","?","$","M","E","R","B",null,"M","M","M","?","?","R","M","M","T","R","$","?","?","M","R","B",null,"R","$","E"],"character_chosen":"THE_DUELIST","items_purchased":["Ice Cream","theDuelist:GeminiElf","theDuelist:InjectionFairy","theDuelist:CallAtlanteans+1","theDuelist:OnslaughtFireKings","Lizard Tail","theDuelist:Illusionist","theDuelist:HarpieFeather","blueLaboratory:FruitPunch"],"campfire_rested":2,"item_purchase_floors":[27,27,27,27,29,45,45,53,53],"current_hp_per_floor":[80,80,80,80,80,72,72,63,63,65,65,65,69,69,69,51,82,82,75,77,81,81,65,63,71,71,71,71,71,74,28,53,47,85,73,54,41,74,74,74,34,11,11,33,33,33,33,45,45,8,74,74,74,24,24],"gold":16,"neow_bonus":"THREE_ENEMY_KILL","is_daily":false,"chose_seed":false,"campfire_upgraded":3,"win_rate":0.0,"timestamp":1608611515,"path_taken":["M","?","M","?","M","E","M","E","T","E","R","M","?","?","R","BOSS","M","M","?","M","?","E","?","M","T","$","?","?","?","E","R","BOSS","M","M","M","?","?","R","?","M","T","R","$","?","?","M","R","BOSS","R","$","E"],"items_purchased_type":["Relic","Card","Card","Card","Card","Relic","Card","Card","Potion"],"build_version":"2020-12-13","purchased_purges":1,"victory":false,"max_hp_per_floor":[80,80,80,80,80,80,80,80,80,82,82,82,82,82,82,82,82,82,82,82,82,82,85,85,85,85,85,85,85,85,85,85,85,85,85,85,85,74,74,74,74,74,74,74,74,74,74,74,74,74,74,74,74,77,77],"relic_stats":{"Nunchaku":[32],"Lizard Tail":38,"counters":[28,189],"Golden Idol":30,"PreservedInsect":68,"MawBank":72,"obtain_stats":[{"Ice Cream":27,"LagranYue:RandomDrawCardRelic":0,"theDuelist:DuelistTeaSet":23,"DemoMod:GlassGuonStoneRelic":6,"theDuelist:MillenniumPuzzle":0,"jedi:Pinwheel":9,"theDuelist:BoosterPackPoolRelic":0,"Nunchaku":8,"Lizard Tail":45,"Chameleon Ring":10,"Ring of Peace":47,"theDuelist:CardPoolAddRelic":0,"theDuelist:CardPoolOptionsRelic":0,"HollowMod:PaleOreRelic":6,"theDuelist:CardPoolRelic":0,"Runic Pyramid":17,"NeowsBlessing":0,"Golden Idol":47,"Ring of Chaos":34,"PreservedInsect":43,"theDuelist:CardPoolSaveRelic":0,"Ring of Greed":47,"MawBank":47,"theDuelist:CardPoolMinusRelic":0,"CaptainsWheel":31,"theDuelist:CardPoolBasicRelic":0},{"Ice Cream":17,"LagranYue:RandomDrawCardRelic":0,"theDuelist:DuelistTeaSet":15,"DemoMod:GlassGuonStoneRelic":4,"theDuelist:MillenniumPuzzle":0,"jedi:Pinwheel":6,"theDuelist:BoosterPackPoolRelic":0,"Nunchaku":6,"Lizard Tail":25,"Chameleon Ring":7,"Ring of Peace":25,"theDuelist:CardPoolAddRelic":0,"theDuelist:CardPoolOptionsRelic":0,"HollowMod:PaleOreRelic":4,"theDuelist:CardPoolRelic":0,"Runic Pyramid":10,"NeowsBlessing":0,"Golden Idol":25,"Ring of Chaos":20,"PreservedInsect":25,"theDuelist:CardPoolSaveRelic":0,"Ring of Greed":25,"MawBank":25,"theDuelist:CardPoolMinusRelic":0,"CaptainsWheel":19,"theDuelist:CardPoolBasicRelic":0},{"Ice Cream":86,"LagranYue:RandomDrawCardRelic":0,"theDuelist:DuelistTeaSet":72,"DemoMod:GlassGuonStoneRelic":8,"theDuelist:MillenniumPuzzle":0,"jedi:Pinwheel":17,"theDuelist:BoosterPackPoolRelic":0,"Nunchaku":17,"Lizard Tail":151,"Chameleon Ring":22,"Ring of Peace":151,"theDuelist:CardPoolAddRelic":0,"theDuelist:CardPoolOptionsRelic":0,"HollowMod:PaleOreRelic":8,"theDuelist:CardPoolRelic":0,"Runic Pyramid":41,"NeowsBlessing":0,"Golden Idol":151,"Ring of Chaos":116,"PreservedInsect":151,"theDuelist:CardPoolSaveRelic":0,"Ring of Greed":151,"MawBank":151,"theDuelist:CardPoolMinusRelic":0,"CaptainsWheel":96,"theDuelist:CardPoolBasicRelic":0}]},"card_choices":[{"not_picked":["theDuelist:InjectionFairy","theDuelist:FlyingSaucer","theDuelist:BlueDragonSummoner","theDuelist:VoidExpansion"],"picked":"theDuelist:BlizzardWarrior","floor":1},{"not_picked":["theDuelist:WaterOrbCard","theDuelist:ShadowOrbCard","theDuelist:MetalOrbCard","theDuelist:FrostOrbCard"],"picked":"theDuelist:HellfireOrbCard","floor":3},{"not_picked":["theDuelist:SpellShatteringArrow","theDuelist:InjectionFairy","theDuelist:DarkMagician","theDuelist:NeoMagic"],"picked":"theDuelist:BlizzardWarrior","floor":5},{"not_picked":["theDuelist:InjectionFairy","theDuelist:ThousandEyesIdol","theDuelist:DarkMagicianGirl","theDuelist:DoomShaman"],"picked":"theDuelist:SpellShatteringArrow","floor":6},{"not_picked":["theDuelist:Wildfire","theDuelist:RainbowDarkDragon"],"picked":"theDuelist:DarkPaladin","floor":7},{"not_picked":["theDuelist:InfernoFireBlast","theDuelist:MagicalBlast","theDuelist:ContractExodia","theDuelist:DiffusionWaveMotion"],"picked":"theDuelist:GiantTrunade","floor":8},{"not_picked":["theDuelist:BlizzardWarrior","theDuelist:SangaThunder","theDuelist:DarkMagician","theDuelist:BlizzardPrincess"],"picked":"theDuelist:InjectionFairy","floor":10},{"not_picked":["theDuelist:SpellShatteringArrow","theDuelist:SangaThunder","theDuelist:DarkMagician","theDuelist:MagicalBlast"],"picked":"theDuelist:InjectionFairy","floor":12},{"not_picked":["theDuelist:SangaThunder","theDuelist:FogKing","theDuelist:FrontierWiseman","theDuelist:DarkMagicianGirl"],"picked":"theDuelist:Illusionist","floor":13},{"not_picked":["theDuelist:RainbowDarkDragon","theDuelist:RainbowMagician","theDuelist:RainbowKuriboh","theDuelist:RainbowOverdragon"],"picked":"theDuelist:IrisEarthMother","floor":16},{"not_picked":["theDuelist:SpellShatteringArrow","theDuelist:DarkMagician","theDuelist:FairyBox+1","theDuelist:DiffusionWaveMotion"],"picked":"theDuelist:GeminiElf","floor":18},{"not_picked":["theDuelist:InfernoFireBlast+1","theDuelist:ClearKuriboh","theDuelist:FuryFire+1","theDuelist:Hinotama+1"],"picked":"theDuelist:LightningDarts","floor":19},{"not_picked":["theDuelist:BlizzardWarrior","theDuelist:DarkMagician","theDuelist:ExodiaLL","theDuelist:ThousandEyesIdol"],"picked":"theDuelist:SpiritHarp+1","floor":20},{"not_picked":["theDuelist:SpellShatteringArrow+1","theDuelist:NeoMagic","theDuelist:DarkMagician","theDuelist:LegendaryFlameLord"],"picked":"theDuelist:InjectionFairy","floor":21},{"not_picked":["theDuelist:CharcoalInpachi+1","theDuelist:ApprenticeIllusionMagician","theDuelist:FuryFire+1","theDuelist:Wiretap"],"picked":"theDuelist:InfernoFireBlast+1","floor":23},{"not_picked":["theDuelist:DarkPaladin+1","theDuelist:ApprenticeIllusionMagician+1"],"picked":"theDuelist:SkilledDarkMagician+1","floor":24},{"not_picked":["theDuelist:RainbowDarkDragon","theDuelist:IrisEarthMother","theDuelist:RainbowKuriboh","theDuelist:RainbowOverdragon"],"picked":"theDuelist:RainbowMagician+1","floor":25},{"not_picked":["theDuelist:SpellShatteringArrow","theDuelist:BlizzardWarrior","theDuelist:SangaThunder+1","theDuelist:DarkMagician"],"picked":"theDuelist:InjectionFairy","floor":30},{"not_picked":["theDuelist:CosmicHorrorGangiel","theDuelist:GrandSpellbookTower","theDuelist:FogKing","theDuelist:GoblinSecret","theDuelist:SangaWater"],"picked":"SKIP","floor":31},{"not_picked":["theDuelist:RainbowDarkDragon","theDuelist:IrisEarthMother","theDuelist:RainbowKuriboh+1","theDuelist:RainbowOverdragon"],"picked":"theDuelist:RainbowMagician","floor":33},{"not_picked":["theDuelist:DarkMagician","theDuelist:GeminiElf+1","theDuelist:DarkMagicianGirl","theDuelist:BlizzardPrincess"],"picked":"theDuelist:BlizzardWarrior","floor":35},{"not_picked":["theDuelist:SpellShatteringArrow+1","theDuelist:DarkMagicianGirl+1","theDuelist:Mudballman","theDuelist:ExodiaRL+1"],"picked":"theDuelist:PowerKaishin+1","floor":36},{"not_picked":["theDuelist:ExodiaRA+1","theDuelist:ExodiaLL","theDuelist:FrontierWiseman","theDuelist:ThousandEyesIdol"],"picked":"theDuelist:CosmoBrain","floor":37},{"not_picked":["theDuelist:MagiciansRobe","theDuelist:InariFire+1","theDuelist:StatueAnguishPattern","theDuelist:GoblinSecret+1"],"picked":"SKIP","floor":41},{"not_picked":["theDuelist:EvilswarmHeliotrope","theDuelist:GiantSoldierSteel+1","theDuelist:GraniteLoyalist","theDuelist:PotForbidden"],"picked":"theDuelist:RainbowMagician+1","floor":42},{"not_picked":["theDuelist:SpellShatteringArrow","theDuelist:SangaThunder","theDuelist:NeoMagic+1","theDuelist:DarkMagician+1"],"picked":"theDuelist:BlizzardWarrior","floor":48}],"player_experience":96818,"relics_obtained":[{"floor":6,"key":"HollowMod:PaleOreRelic"},{"floor":8,"key":"Nunchaku"},{"floor":9,"key":"jedi:Pinwheel"},{"floor":10,"key":"Chameleon Ring"},{"floor":23,"key":"theDuelist:DuelistTeaSet"},{"floor":31,"key":"CaptainsWheel"},{"floor":43,"key":"PreservedInsect"},{"floor":47,"key":"Ring of Greed"},{"floor":47,"key":"Golden Idol"},{"floor":47,"key":"MawBank"},{"floor":47,"key":"Ring of Peace"}],"event_choices":[{"damage_healed":0,"gold_gain":0,"cards_transformed":["theDuelist:CastleWalls"],"player_choice":"Transformed","damage_taken":0,"max_hp_gain":0,"max_hp_loss":0,"event_name":"Transmorgrifier","floor":4,"gold_loss":0,"cards_obtained":["theDuelist:SilentDoom"]},{"damage_healed":0,"gold_gain":0,"player_choice":"Intellect - dupe all spells","duelist":true,"damage_taken":0,"max_hp_gain":0,"max_hp_loss":0,"event_name":"Aknamkanon\u0027s Tomb","floor":14,"gold_loss":0},{"damage_healed":0,"gold_gain":0,"player_choice":"Got Potions","damage_taken":0,"max_hp_gain":0,"max_hp_loss":0,"event_name":"Lab","floor":22,"gold_loss":0},{"damage_healed":0,"gold_gain":100,"player_choice":"Pray","damage_taken":0,"max_hp_gain":0,"max_hp_loss":0,"event_name":"Golden Shrine","floor":28,"gold_loss":0},{"damage_healed":74,"gold_gain":0,"player_choice":"Heal","damage_taken":0,"max_hp_gain":0,"max_hp_loss":11,"event_name":"The Moai Head","floor":38,"gold_loss":0},{"cards_removed":["theDuelist:Illusionist"],"damage_healed":0,"gold_gain":0,"player_choice":"Removed Skill","damage_taken":0,"max_hp_gain":0,"max_hp_loss":0,"event_name":"Falling","floor":39,"gold_loss":0},{"damage_healed":0,"gold_gain":0,"player_choice":"Ignored","damage_taken":0,"max_hp_gain":0,"max_hp_loss":0,"event_name":"Mysterious Sphere","floor":46,"gold_loss":0}],"is_beta":false,"boss_relics":[{"not_picked":["Snecko Eye","Inserter"],"picked":"Runic Pyramid"},{"not_picked":["jedi:battlestandard","Electric Blood"],"picked":"Ring of Chaos"}],"items_purged_floors":[27],"is_endless":false,"potions_floor_spawned":[5,6,12,18,19,30,31,33,37,42],"killed_by":"Shield and Spear","ascension_level":0}}