{"host":"qfskrnw3pl1q86j0","time":1608673058,"event":{"mods":["BaseMod","Block Reminder","Hermit","Marisa????????","Minty Spire (QoL Compilation)","Quick Restart","Random Character Button","StSLib","The Poker Player","slay the spire mod where everything is the same but ironclad has a cowboy hat"],"gold_per_floor":[117,140,152,227,246,246,118,118,118,147,147,4,4,24,24,129,129,148,163,63,76,94,94,13,13,58,69,88,120,120,131,131,230,230,241,32,43,58,74,74,94,94,117,117,117,134,134,151,151,151],"floor_reached":51,"playtime":1537,"items_purged":["Strike_G","Strike_G","Corpse Explosion"],"score":726,"play_id":"d1e26528-6770-4f86-833a-f400e14654c8","local_time":"20201222223738","is_ascension_mode":false,"campfire_choices":[{"data":"Neutralize","floor":6,"key":"SMITH"},{"data":"Poisoned Stab","floor":11,"key":"SMITH"},{"data":"All Out Attack","floor":13,"key":"SMITH"},{"data":"Deadly Poison","floor":15,"key":"SMITH"},{"data":"Adrenaline","floor":23,"key":"SMITH"},{"data":"Burst","floor":25,"key":"SMITH"},{"data":"Footwork","floor":32,"key":"SMITH"},{"data":"Noxious Fumes","floor":40,"key":"SMITH"},{"data":"Footwork","floor":42,"key":"SMITH"},{"data":"Blur","floor":44,"key":"SMITH"},{"data":"Backflip","floor":47,"key":"SMITH"},{"floor":49,"key":"REST"}],"circlet_count":0,"master_deck":["Survivor","Neutralize+1","Deadly Poison+1","All Out Attack+1","Quick Slash","Poisoned Stab+1","Bane","Blur+1","Deadly Poison","Adrenaline+1","Sucker Punch+1","Masterful Stab+1","Tactician+1","Burst+1","Backflip+1","Dash+1","Footwork+1","Footwork+1","Backflip+1","Leg Sweep","Noxious Fumes+1","Dash","Noxious Fumes+1","Flying Knee+1","Bouncing Flask+1"],"relics":["Ring of the Snake","Akabeko","Bottled Flame","Calipers","MealTicket","Astrolabe","Snake Skull","Red Mask","Pandora\u0027s Box","Membership Card","War Paint"],"acts_visited":["Exordium","TheCity","TheBeyond"],"potions_floor_usage":[10,10,10,16,16,21,29,33,33,48],"damage_taken":[{"damage":1,"enemies":"Cultist","floor":1,"turns":3},{"damage":0,"enemies":"Small Slimes","floor":3,"turns":3},{"damage":1,"enemies":"Jaw Worm","floor":5,"turns":4},{"damage":12,"enemies":"Lagavulin","floor":10,"turns":5},{"damage":0,"enemies":"Lots of Slimes","floor":14,"turns":1},{"damage":0,"enemies":"Slime Boss","floor":16,"turns":4},{"damage":0,"enemies":"Shell Parasite","floor":18,"turns":3},{"damage":2,"enemies":"2 Thieves","floor":19,"turns":2},{"damage":3,"enemies":"Snecko","floor":21,"turns":4},{"damage":0,"enemies":"Centurion and Healer","floor":22,"turns":5},{"damage":5,"enemies":"Cultist and Chosen","floor":27,"turns":5},{"damage":10,"enemies":"Shelled Parasite and Fungi","floor":28,"turns":5},{"damage":13,"enemies":"Masked Bandits","floor":29,"turns":4},{"damage":0,"enemies":"Snake Plant","floor":31,"turns":4},{"damage":28,"enemies":"Collector","floor":33,"turns":8},{"damage":12,"enemies":"3 Darklings","floor":35,"turns":3},{"damage":3,"enemies":"Orb Walker","floor":37,"turns":4},{"damage":0,"enemies":"Sphere and 2 Shapes","floor":38,"turns":5},{"damage":2,"enemies":"Spire Growth","floor":39,"turns":4},{"damage":6,"enemies":"3 Darklings","floor":41,"turns":6},{"damage":0,"enemies":"4 Shapes","floor":46,"turns":4},{"damage":5,"enemies":"Sphere and 2 Shapes","floor":48,"turns":5},{"damage":38,"enemies":"Time Eater","floor":50,"turns":14}],"seed_played":"3845779861730463536","potions_obtained":[{"floor":3,"key":"SkillPotion"},{"floor":5,"key":"EntropicBrew"},{"floor":10,"key":"SteroidPotion"},{"floor":16,"key":"EssenceOfSteel"},{"floor":19,"key":"PowerPotion"},{"floor":22,"key":"Weak Potion"},{"floor":29,"key":"GamblersBrew"},{"floor":37,"key":"SneckoOil"},{"floor":41,"key":"SteroidPotion"}],"is_trial":false,"path_per_floor":["M","T","M","?","M","R","$","?","T","E","R","$","R","M","R","B",null,"M","M","$","M","M","R","$","R","T","M","M","?","$","M","R","B",null,"M","$","M","M","M","R","M","R","T","R","?","M","R","M","R","B",null],"character_chosen":"THE_SILENT","items_purchased":["Bane","MealTicket","Footwork","Membership Card"],"campfire_rested":1,"item_purchase_floors":[7,12,24,36],"current_hp_per_floor":[69,69,69,58,57,57,57,57,57,45,45,45,45,45,45,45,70,70,68,70,67,67,67,70,70,70,65,55,42,57,57,57,29,70,58,70,67,67,65,65,59,59,59,59,59,59,59,54,70,32],"gold":151,"neow_bonus":"TRANSFORM_CARD","is_daily":false,"chose_seed":false,"campfire_upgraded":11,"win_rate":0.0,"timestamp":1608673058,"path_taken":["M","?","M","?","M","R","$","?","T","E","R","$","R","M","R","BOSS","M","M","$","?","?","R","$","R","T","M","M","?","$","M","R","BOSS","M","$","M","M","M","R","M","R","T","R","?","M","R","M","R","BOSS"],"items_purchased_type":["Card","Relic","Card","Relic"],"build_version":"2020-12-13","purchased_purges":3,"victory":true,"max_hp_per_floor":[70,70,70,70,70,70,70,70,70,70,70,70,70,70,70,70,70,70,70,70,70,70,70,70,70,70,70,70,70,70,70,70,70,70,70,70,70,70,70,70,70,70,70,70,70,70,70,70,70,70],"card_choices":[{"not_picked":["Prepared","Flechettes"],"picked":"All Out Attack","floor":1},{"not_picked":["Underhanded Strike","Outmaneuver"],"picked":"Quick Slash","floor":3},{"not_picked":["Distraction","Storm of Steel"],"picked":"Poisoned Stab","floor":5},{"not_picked":["Outmaneuver","Dodge and Roll"],"picked":"Blur","floor":10},{"not_picked":["Reflex","Deflect"],"picked":"Deadly Poison","floor":14},{"not_picked":["Wraith Form v2","A Thousand Cuts"],"picked":"Adrenaline","floor":16},{"not_picked":["Outmaneuver","Deadly Poison","Cloak And Dagger"],"picked":"SKIP","floor":18},{"not_picked":["Outmaneuver","Choke"],"picked":"Burst","floor":19},{"not_picked":["Dagger Spray","Masterful Stab"],"picked":"Backflip","floor":21},{"not_picked":["Underhanded Strike+1","Prepared+1"],"picked":"Dash+1","floor":22},{"not_picked":["Bane","Dagger Spray"],"picked":"Footwork","floor":27},{"not_picked":["Quick Slash","Die Die Die","PiercingWail"],"picked":"SKIP","floor":28},{"not_picked":["Sucker Punch+1","Outmaneuver"],"picked":"Backflip","floor":29},{"not_picked":["PiercingWail","Bane","Concentrate+1"],"picked":"SKIP","floor":31},{"not_picked":["Deflect+1","Quick Slash+1"],"picked":"Noxious Fumes+1","floor":35},{"not_picked":["Slice+1","Quick Slash","Flying Knee+1"],"picked":"SKIP","floor":37},{"not_picked":["Slice+1","Quick Slash"],"picked":"Flying Knee+1","floor":37},{"not_picked":["Dodge and Roll","Underhanded Strike","Predator"],"picked":"SKIP","floor":38},{"not_picked":["Deflect+1","Dodge and Roll"],"picked":"Bouncing Flask","floor":39},{"not_picked":["Setup","Poisoned Stab","Bouncing Flask+1"],"picked":"SKIP","floor":41},{"not_picked":["Bane+1","Distraction","Leg Sweep+1"],"picked":"SKIP","floor":46},{"not_picked":["Outmaneuver+1","Cloak And Dagger+1","Die Die Die"],"picked":"SKIP","floor":48}],"player_experience":862846,"relics_obtained":[{"floor":2,"key":"Akabeko"},{"floor":9,"key":"Bottled Flame"},{"floor":10,"key":"Calipers"},{"floor":26,"key":"Snake Skull"},{"floor":29,"key":"Red Mask"},{"floor":43,"key":"War Paint"}],"event_choices":[{"damage_healed":0,"gold_gain":75,"player_choice":"Gather Gold","damage_taken":11,"max_hp_gain":0,"max_hp_loss":0,"event_name":"World of Goop","floor":4,"gold_loss":0},{"damage_healed":0,"gold_gain":0,"player_choice":"Bought 0 Potions","damage_taken":0,"max_hp_gain":0,"max_hp_loss":0,"event_name":"The Woman in Blue","floor":8,"gold_loss":0},{"damage_healed":0,"gold_gain":0,"player_choice":"Fought Bandits","damage_taken":0,"max_hp_gain":0,"max_hp_loss":0,"event_name":"Masked Bandits","floor":29,"gold_loss":0},{"damage_healed":0,"gold_gain":0,"player_choice":"Ignored","damage_taken":0,"max_hp_gain":0,"max_hp_loss":0,"event_name":"NoteForYourself","floor":45,"gold_loss":0}],"is_beta":false,"boss_relics":[{"not_picked":["Ring of the Serpent","SacredBark"],"picked":"Astrolabe"},{"not_picked":["Runic Pyramid","Calling Bell"],"picked":"Pandora\u0027s Box"}],"items_purged_floors":[7,20,36],"is_endless":false,"potions_floor_spawned":[3,5,10,16,19,22,29,37,41,46],"ascension_level":0}}