{"host":"ek3xvuouaw6vk9if","time":1608613370,"event":{"mods":["BaseMod","BetterRewards","Downfall","Minty Spire (QoL Compilation)","Permanent Neow","Quick Restart","Replay The Spire","StSLib"],"gold_per_floor":[359,369,53,3,3,32,46,73,99,116,129,129,129,148,148,243,243,263,119,219,230,242,275,275,275,346,346,362,362,373,392,392,497,497,513,563,200,200,220,220,236,236,236,247,247,44,0,19,19,19],"floor_reached":51,"playtime":2021,"items_purged":["Parasite","Strike_R","Strike_R","Strike_R"],"score":987,"play_id":"3538d0b4-a106-4a49-991f-7fe954b67a80","local_time":"20201222000250","is_ascension_mode":true,"campfire_choices":[{"data":"Bash","floor":12,"key":"SMITH"},{"data":"Anger","floor":15,"key":"SMITH"},{"data":"Shrug It Off","floor":24,"key":"SMITH"},{"floor":27,"key":"REST"},{"data":"Sword Boomerang","floor":29,"key":"SMITH"},{"data":"Disarm","floor":32,"key":"SMITH"},{"floor":40,"key":"REST"},{"floor":42,"key":"REST"},{"floor":45,"key":"REST"},{"floor":49,"key":"REST"}],"circlet_count":0,"master_deck":["Defend_R","Defend_R","Defend_R","Defend_R","Bash+1","Bloodletting+1","Intimidate","Cleave","Replay:Undeath\u0027s Touch","Anger","Pummel","Dropkick","Anger+1","Brutality","Dropkick+1","Rupture+1","Shrug It Off+1","Sword Boomerang+1","Life Link+1","Disarm+1","Demon Form","True Grit+1","Demon Form","Shrug It Off+1","Disarm+1","Shrug It Off","Replay:SS_fish_3","Replay:SS_fish_3","Reaper","Armaments+1"],"relics":["Black Blood","Kunai","Happy Flower","Blue Doll","Blood Vial","Orichalcum","Omamori","Onion Ring","Fusion Hammer","Prayer Wheel","Eternal Feather","Mirror","Pear","Red Mask"],"acts_visited":["Exordium","TheCity","TheBeyond"],"potions_floor_usage":[6,8,16,23,30,31,33,50,50],"damage_taken":[{"damage":6,"enemies":"2 Louse","floor":1,"turns":4},{"damage":7,"enemies":"Jaw Worm","floor":2,"turns":3},{"damage":26,"enemies":"Gremlin Nob","floor":6,"turns":5},{"damage":3,"enemies":"Cultist","floor":7,"turns":3},{"damage":15,"enemies":"3 Sentries","floor":8,"turns":5},{"damage":3,"enemies":"2 Fungi Beasts","floor":10,"turns":4},{"damage":5,"enemies":"Looter","floor":11,"turns":3},{"damage":10,"enemies":"Gremlin Gang","floor":14,"turns":6},{"damage":48,"enemies":"The Guardian","floor":16,"turns":10},{"damage":16,"enemies":"Chosen","floor":18,"turns":5},{"damage":17,"enemies":"3 Byrds","floor":21,"turns":6},{"damage":32,"enemies":"Shelled Parasite and Fungi","floor":22,"turns":5},{"damage":24,"enemies":"Book of Stabbing","floor":23,"turns":4},{"damage":18,"enemies":"Centurion and Healer","floor":28,"turns":4},{"damage":16,"enemies":"Snecko","floor":30,"turns":5},{"damage":12,"enemies":"Chosen and Byrds","floor":31,"turns":3},{"damage":33,"enemies":"Champ","floor":33,"turns":8},{"damage":15,"enemies":"Orb Walker","floor":35,"turns":4},{"damage":6,"enemies":"Mind Bloom Boss Battle","floor":36,"turns":7},{"damage":13,"enemies":"3 Shapes","floor":39,"turns":5},{"damage":45,"enemies":"Sphere and 2 Shapes","floor":41,"turns":6},{"damage":19,"enemies":"Maw","floor":44,"turns":6},{"damage":31,"enemies":"4 Shapes","floor":48,"turns":5},{"damage":50,"enemies":"Time Eater","floor":50,"turns":7}],"seed_played":"-3617984815803959615","potions_obtained":[{"floor":2,"key":"Block Potion"},{"floor":7,"key":"PowerPotion"},{"floor":11,"key":"FearPotion"},{"floor":14,"key":"SpeedPotion"},{"floor":23,"key":"ColorlessPotion"},{"floor":28,"key":"PowerPotion"},{"floor":30,"key":"Toxic Potion"},{"floor":39,"key":"Weak Potion"},{"floor":41,"key":"Guardian:BlockOnCardUsePotion"},{"floor":48,"key":"champ:CounterPotion"}],"is_trial":false,"path_per_floor":["M","M","$","?","?","E","M","E","T","M","M","R","?","M","R","B",null,"M","$","?","M","M","E","R","?","T","R","M","R","M","M","R","B",null,"M","?","$","T","M","R","M","R","T","M","R","$","?","M","R","B",null],"character_chosen":"IRONCLAD","items_purchased":["Kunai","Rupture+1","Eternal Feather","Replay:SS_fish_3"],"campfire_rested":5,"item_purchase_floors":[3,19,37,46],"current_hp_per_floor":[72,71,71,71,71,51,54,45,45,50,53,53,53,51,51,11,61,59,59,59,56,38,28,28,28,28,51,47,47,45,47,47,28,65,64,72,72,72,73,77,44,77,87,80,87,87,87,68,87,49],"gold":19,"neow_bonus":"TWO_FIFTY_GOLD","is_daily":false,"chose_seed":false,"campfire_upgraded":5,"win_rate":0.0,"timestamp":1608613370,"path_taken":["M","M","$","?","?","E","M","E","T","M","?","R","?","M","R","BOSS","M","$","?","?","?","E","R","?","T","R","?","R","M","M","R","BOSS","M","?","?","?","?","R","M","R","T","M","R","$","?","M","R","BOSS"],"items_purchased_type":["Relic","Card","Relic","Card"],"build_version":"2020-12-13","purchased_purges":4,"victory":true,"max_hp_per_floor":[80,80,77,77,77,77,77,77,77,77,77,77,77,77,77,77,77,77,77,77,77,77,77,77,77,77,77,77,77,77,77,77,77,77,77,77,77,77,77,77,77,77,87,87,87,87,87,87,87,87],"card_choices":[{"not_picked":["Infernal Blade","Replay:Undeath\u0027s Touch"],"picked":"Bloodletting","floor":1},{"not_picked":["Perfected Strike","Havoc"],"picked":"Intimidate","floor":2},{"not_picked":["Heavy Blade","Massacre"],"picked":"Cleave","floor":6},{"not_picked":["Flex","Carnage"],"picked":"Replay:Undeath\u0027s Touch","floor":7},{"not_picked":["Dropkick","Rampage"],"picked":"Anger","floor":8},{"not_picked":["Wild Strike","Flex"],"picked":"Pummel","floor":10},{"not_picked":["Clothesline","Flame Barrier"],"picked":"Dropkick","floor":11},{"not_picked":["Feel No Pain","ReplayTheSpireMod:Strike From Hell"],"picked":"Anger","floor":14},{"not_picked":["Juggernaut","Berserk"],"picked":"Brutality","floor":16},{"not_picked":["Body Slam","Defy Death"],"picked":"Dropkick+1","floor":18},{"not_picked":["Run Through","Pommel Strike"],"picked":"Shrug It Off","floor":21},{"not_picked":["Run Through","Sever Soul"],"picked":"Sword Boomerang","floor":22},{"not_picked":["Wild Strike","Clash","Clothesline"],"picked":"SKIP","floor":23},{"not_picked":["ReplayTheSpireMod:Corrosion Curse","Flex","Cleave"],"picked":"SKIP","floor":28},{"not_picked":["Replay:Undeath\u0027s Touch","Thunderclap"],"picked":"Life Link+1","floor":30},{"not_picked":["ReplayTheSpireMod:Strike From Hell","Wild Strike+1"],"picked":"Disarm","floor":31},{"not_picked":["Feed","Demonic Infusion"],"picked":"Demon Form","floor":33},{"not_picked":["Thunderclap+1","Flex+1"],"picked":"True Grit+1","floor":35},{"not_picked":["Pummel","Defy Death"],"picked":"Demon Form","floor":36},{"not_picked":["Pommel Strike+1","Cleave"],"picked":"Shrug It Off+1","floor":39},{"not_picked":["Sword Boomerang","Havoc+1","Thunderclap"],"picked":"SKIP","floor":39},{"not_picked":["Flex","Heavy Blade+1"],"picked":"Disarm+1","floor":41},{"not_picked":["True Grit+1","Evolve+1","Body Slam"],"picked":"SKIP","floor":41},{"not_picked":["Twin Strike","Searing Blow"],"picked":"Shrug It Off","floor":44},{"not_picked":["Clothesline+1","Twin Strike","Perfected Strike+1"],"picked":"SKIP","floor":44},{"not_picked":["Sentinel","ReplayTheSpireMod:Stacked+1"],"picked":"Reaper","floor":48},{"not_picked":["Headbutt","Replay:Undeath\u0027s Touch"],"picked":"Armaments+1","floor":48}],"player_experience":698589,"relics_obtained":[{"floor":6,"key":"Happy Flower"},{"floor":8,"key":"Blue Doll"},{"floor":9,"key":"Blood Vial"},{"floor":23,"key":"Omamori"},{"floor":26,"key":"Onion Ring"},{"floor":36,"key":"Prayer Wheel"},{"floor":38,"key":"Mirror"},{"floor":43,"key":"Pear"}],"event_choices":[{"cards_removed":["Strike_R"],"damage_healed":0,"gold_gain":0,"player_choice":"Card Removal","damage_taken":0,"max_hp_gain":0,"max_hp_loss":0,"event_name":"The Cleric","floor":4,"gold_loss":50},{"damage_healed":0,"gold_gain":0,"player_choice":"Upgraded","damage_taken":0,"max_hp_gain":0,"max_hp_loss":0,"event_name":"Upgrade Shrine","floor":5,"gold_loss":0,"cards_upgraded":["Bloodletting"]},{"damage_healed":0,"gold_gain":0,"player_choice":"Searched \u00271\u0027 times","damage_taken":0,"relics_obtained":["Orichalcum"],"max_hp_gain":0,"max_hp_loss":0,"event_name":"Dead Adventurer","floor":13,"gold_loss":0},{"damage_healed":0,"gold_gain":100,"player_choice":"Pray","damage_taken":0,"max_hp_gain":0,"max_hp_loss":0,"event_name":"Golden Shrine","floor":20,"gold_loss":0},{"cards_removed":["Strike_R"],"damage_healed":0,"gold_gain":0,"player_choice":"Purged","damage_taken":0,"max_hp_gain":0,"max_hp_loss":0,"event_name":"Purifier","floor":25,"gold_loss":0},{"damage_healed":0,"gold_gain":0,"player_choice":"Fight","damage_taken":0,"max_hp_gain":0,"max_hp_loss":0,"event_name":"MindBloom","floor":36,"gold_loss":0},{"damage_healed":0,"gold_gain":0,"player_choice":"Paid","damage_taken":0,"relics_obtained":["Red Mask"],"max_hp_gain":0,"max_hp_loss":0,"event_name":"Tomb of Lord Red Mask","floor":47,"gold_loss":44}],"is_beta":false,"boss_relics":[{"not_picked":["ReplayTheSpireMod:DimensionalGlitch","Replay:Bronze Core"],"picked":"Black Blood"},{"not_picked":["Coffee Dripper","Velvet Choker"],"picked":"Fusion Hammer"}],"items_purged_floors":[3,19,37,46],"is_endless":false,"potions_floor_spawned":[2,7,11,14,23,28,30,39,41,48],"ascension_level":9}}