{"host":"6vv0uythevi5qk1w","time":1608618010,"event":{"mods":["Act Like it!","BaseMod","Downfall","Gensokyo","Minty Spire (QoL Compilation)","Remilia£®¿Ÿ√◊¿Ú—«£©","Replay The Spire","StSLib"],"gold_per_floor":[115,126,126,141,66,94,94,129,129,129,95,120,70,105,105,207,207,227,142,64,78,78,112,122,132,156,156,81,114,134,148,148,248,248,266,278,288,35,35,65,65,77,125,154,154,165,182,212,212,212,212,212,10,38,38],"floor_reached":56,"playtime":4986,"items_purged":["Regret","Strike_P"],"score":1832,"play_id":"94670db2-ae6c-459b-9c1c-432fa839ecc9","local_time":"20201222142010","is_ascension_mode":true,"campfire_choices":[{"data":"Eruption","floor":7.0,"key":"SMITH"},{"floor":10.0,"key":"DIG"},{"floor":15.0,"key":"REST"},{"data":"Adaptation","floor":27.0,"key":"SMITH"},{"floor":32.0,"key":"DIG"},{"floor":45,"key":"RECALL"},{"data":"Pot Of Greed","floor":49,"key":"SMITH"},{"floor":52,"key":"DIG"}],"circlet_count":0,"master_deck":["Strike_P+1","Eruption+1","Vigilance+1","Halt","Prostrate+1","EmptyMind+1","ConjureBlade+1","FlurryOfBlows+1","Replay:Vibes+1","Pot Of Greed+1","Pot Of Greed+1","Ragnarok+1","Devotion","FearNoEvil+1","Adaptation+1","CarveReality+1","LessonLearned+1","Meditate+1","Adaptation+1","Wireheading","Pot Of Greed+1","DeusExMachina","CrushJoints+1","Collect+1","CutThroughFate+1","DevaForm+1","JustLucky+1","Scrawl+1","CutThroughFate+1","Tantrum+1","Replay:ManipulateFuture","Study+1"],"relics":["Painkiller Herb","Orichalcum","Shovel","Juzu Bracelet","Molten Egg 2","GoldenEye","Lizard Tail","Grinning Jar","Coffee Dripper","Pet Ghost","Incense Burner","Mercury Hourglass","Blood Vial","Bronze Scales","Replay:Drink Me","Sling","Lantern","Strawberry","HornCleat","Pondfish Scales","Replay:Bottled Steam","Damaru","White Beast Statue"],"acts_visited":["Exordium","TheCity","TheBeyond","TheEnding"],"potions_floor_usage":[42,48,55,55,55],"damage_taken":[{"damage":2.0,"enemies":"Jaw Worm","floor":1.0,"turns":3.0},{"damage":0.0,"enemies":"2 Louse","floor":2.0,"turns":2.0},{"damage":9.0,"enemies":"Small Slimes","floor":4.0,"turns":5.0},{"damage":12.0,"enemies":"3 Sentries","floor":6.0,"turns":11.0},{"damage":32.0,"enemies":"Gremlin Nob","floor":8.0,"turns":4.0},{"damage":8.0,"enemies":"3 Sentries","floor":12.0,"turns":6.0},{"damage":0.0,"enemies":"Gremlin Nob","floor":14.0,"turns":3.0},{"damage":19.0,"enemies":"The Guardian","floor":16.0,"turns":10.0},{"damage":0.0,"enemies":"Spheric Guardian","floor":18.0,"turns":2.0},{"damage":0.0,"enemies":"Chosen","floor":21.0,"turns":2.0},{"damage":29.0,"enemies":"Slavers","floor":23.0,"turns":6.0},{"damage":18.0,"enemies":"Snake Plant","floor":24.0,"turns":3.0},{"damage":0.0,"enemies":"Snecko","floor":25.0,"turns":2.0},{"damage":3.0,"enemies":"Gremlin Leader","floor":29.0,"turns":3.0},{"damage":24.0,"enemies":"Shelled Parasite and Fungi","floor":30.0,"turns":4.0},{"damage":9.0,"enemies":"Chosen and Byrds","floor":31.0,"turns":4.0},{"damage":0.0,"enemies":"Collector","floor":33.0,"turns":6.0},{"damage":0.0,"enemies":"Orb Walker","floor":35.0,"turns":3.0},{"damage":13.0,"enemies":"3 Shapes","floor":36.0,"turns":3.0},{"damage":0.0,"enemies":"Maw","floor":37.0,"turns":5.0},{"damage":0.0,"enemies":"Giant Head","floor":40.0,"turns":4.0},{"damage":8,"enemies":"3 Darklings","floor":42,"turns":2},{"damage":6,"enemies":"R_Hoarder","floor":44,"turns":3},{"damage":0,"enemies":"Writhing Mass","floor":46,"turns":3},{"damage":0,"enemies":"Maw","floor":47,"turns":3},{"damage":28,"enemies":"Nemesis","floor":48,"turns":3},{"damage":11,"enemies":"Awakened One","floor":50,"turns":4},{"damage":0,"enemies":"Shield and Spear","floor":54,"turns":3},{"damage":32,"enemies":"The Heart","floor":55,"turns":6}],"seed_played":"6375342515700305943","potions_obtained":[{"floor":2.0,"key":"Reflective Coating"},{"floor":4.0,"key":"LifebloodPotion"},{"floor":6.0,"key":"DistilledChaos"},{"floor":8.0,"key":"PowerPotion"},{"floor":14.0,"key":"Dexterity Potion"},{"floor":18.0,"key":"LifebloodPotion"},{"floor":23.0,"key":"BlessingOfTheForge"},{"floor":29.0,"key":"PowerPotion"},{"floor":30.0,"key":"BlessingOfTheForge"},{"floor":33.0,"key":"champ:CounterPotion"},{"floor":35.0,"key":"Block Potion"},{"floor":46,"key":"Regen Potion"},{"floor":54,"key":"AttackPotion"}],"is_trial":false,"path_per_floor":["?","?","?","?","T","E","T","E","T","T","?","E","?","E","T","B",null,"?","?","T","?","?","E","?","?","T","T","?","E","?","?","T","B",null,"?","?","?","T","?","E","T","?","T","E","T","?","?","E","T","B",null,"T","T","E","B",null],"character_chosen":"WATCHER","items_purchased":["Adaptation","Sling","Damaru","SteroidPotion"],"campfire_rested":1,"item_purchase_floors":[20,38,53,53],"current_hp_per_floor":[63,63,63,54,54,42,42,10,10,10,10,2,2,2,23,4,55,55,55,55,55,55,26,8,8,8,8,8,5,24,17,17,19,45,47,36,38,38,38,40,40,34,41,37,37,39,41,24,24,15,50,50,50,52,22],"gold":38,"neow_bonus":"BOSS_RELIC","is_daily":false,"chose_seed":false,"campfire_upgraded":3,"win_rate":0.0,"timestamp":1608618010,"path_taken":["?","?","?","?","T","E","T","E","T","T","?","E","?","E","T","BOSS","?","?","T","?","?","E","?","?","T","T","?","E","?","?","T","BOSS","?","?","?","T","?","E","?","?","T","E","T","?","?","E","T","BOSS","T","T","E","BOSS"],"items_purchased_type":["Card","Relic","Relic","Potion"],"build_version":"2020-12-13","purchased_purges":2,"victory":true,"max_hp_per_floor":[72,72,72,72,72,72,72,72,72,72,72,72,72,72,72,72,72,72,72,72,72,72,72,72,72,72,72,72,72,72,72,72,72,54,54,54,54,54,54,54,54,54,61,61,61,61,61,61,61,61,61,61,61,61,61],"card_choices":[{"not_picked":["Evaluate","Protect"],"picked":"Halt","floor":1.0},{"not_picked":["Replay:ManipulateFuture","Replay:DivineShield"],"picked":"Prostrate","floor":2.0},{"not_picked":["BowlingBash","SashWhip"],"picked":"EmptyMind","floor":4.0},{"not_picked":["Wallop","Weave"],"picked":"ConjureBlade","floor":6.0},{"not_picked":["Prostrate","Wallop"],"picked":"FlurryOfBlows","floor":8.0},{"not_picked":["Halt","Swivel"],"picked":"Replay:Vibes","floor":12.0},{"not_picked":["Halt","Pray"],"picked":"Ragnarok+1","floor":14.0},{"not_picked":["Replay:LoomingThreat","MasterReality"],"picked":"Devotion","floor":16.0},{"not_picked":["ThirdEye","Study"],"picked":"FearNoEvil+1","floor":18.0},{"not_picked":["Replay:Hum+1","WindmillStrike+1"],"picked":"CarveReality+1","floor":21.0},{"not_picked":["ThirdEye","Consecrate+1"],"picked":"LessonLearned+1","floor":23.0},{"not_picked":["Wireheading","CutThroughFate+1"],"picked":"Meditate+1","floor":24.0},{"not_picked":["Conclude+1","ReachHeaven+1","FlyingSleeves+1"],"picked":"SKIP","floor":25.0},{"not_picked":["ClearTheMind","LessonLearned+1"],"picked":"Adaptation+1","floor":29.0},{"not_picked":["Halt+1","EmptyFist+1"],"picked":"Wireheading","floor":30.0},{"not_picked":["FlyingSleeves+1","EmptyMind","Replay:AtTheReady"],"picked":"SKIP","floor":31.0},{"not_picked":["Replay:AllIn","Replay:LoomingThreat"],"picked":"DeusExMachina","floor":33.0},{"not_picked":["BowlingBash+1","DeceiveReality+1"],"picked":"CrushJoints+1","floor":35.0},{"not_picked":["FollowUp+1","Crescendo"],"picked":"Collect+1","floor":36.0},{"not_picked":["Perseverance+1","EmptyFist+1"],"picked":"CutThroughFate+1","floor":37.0},{"not_picked":["Halt","Perseverance"],"picked":"JustLucky+1","floor":40.0},{"not_picked":["Halt+1","DeceiveReality+1"],"picked":"Scrawl","floor":42},{"not_picked":["FlurryOfBlows+1","DevaForm"],"picked":"CutThroughFate+1","floor":44},{"not_picked":["Protect+1","TalkToTheHand+1"],"picked":"Tantrum+1","floor":46},{"not_picked":["Swivel+1","Crescendo","EmptyBody"],"picked":"SKIP","floor":47},{"not_picked":["SandsOfTime+1","FlurryOfBlows+1"],"picked":"Replay:ManipulateFuture","floor":48},{"not_picked":["Wireheading","Halt+1"],"picked":"Study+1","floor":54}],"player_experience":387278,"relics_obtained":[{"floor":6.0,"key":"Shovel"},{"floor":8.0,"key":"Juzu Bracelet"},{"floor":9.0,"key":"Molten Egg 2"},{"floor":10.0,"key":"GoldenEye"},{"floor":12.0,"key":"Lizard Tail"},{"floor":14.0,"key":"Grinning Jar"},{"floor":23.0,"key":"Mercury Hourglass"},{"floor":29.0,"key":"Blood Vial"},{"floor":32.0,"key":"Bronze Scales"},{"floor":40.0,"key":"Lantern"},{"floor":43,"key":"Strawberry"},{"floor":44,"key":"HornCleat"},{"floor":48,"key":"Pondfish Scales"},{"floor":52,"key":"Replay:Bottled Steam"},{"floor":54,"key":"White Beast Statue"}],"event_choices":[{"damage_healed":0.0,"max_hp_gain":0.0,"max_hp_loss":0.0,"gold_gain":0.0,"event_name":"Big Fish","player_choice":"Box","floor":3.0,"gold_loss":0.0,"damage_taken":0.0,"relics_obtained":["Orichalcum"],"cards_obtained":["Regret"]},{"damage_healed":0.0,"max_hp_gain":0.0,"max_hp_loss":0.0,"gold_gain":0.0,"event_name":"World of Goop","player_choice":"Left Gold","floor":11.0,"gold_loss":34.0,"damage_taken":0.0},{"cards_removed":["Strike_P"],"damage_healed":0.0,"max_hp_gain":0.0,"max_hp_loss":0.0,"gold_gain":0.0,"event_name":"The Cleric","player_choice":"Card Removal","floor":13.0,"gold_loss":50.0,"damage_taken":0.0},{"damage_healed":0.0,"max_hp_gain":0.0,"max_hp_loss":0.0,"gold_gain":0.0,"event_name":"Addict","player_choice":"Obtained Relic","floor":19.0,"gold_loss":85.0,"damage_taken":0.0,"relics_obtained":["Pet Ghost"]},{"damage_healed":0.0,"max_hp_gain":0.0,"max_hp_loss":0.0,"gold_gain":0.0,"event_name":"The Mausoleum","player_choice":"Opened","floor":22.0,"gold_loss":0.0,"damage_taken":0.0,"relics_obtained":["Incense Burner"]},{"cards_removed":["Defend_P"],"damage_healed":0.0,"max_hp_gain":0.0,"max_hp_loss":0.0,"gold_gain":0.0,"event_name":"Beggar","player_choice":"Gave Gold","floor":28.0,"gold_loss":75.0,"damage_taken":0.0},{"damage_healed":0.0,"max_hp_gain":0.0,"max_hp_loss":0.0,"gold_gain":0.0,"cards_transformed":["Strike_P"],"event_name":"Transmorgrifier","player_choice":"Transformed","floor":39.0,"gold_loss":0.0,"damage_taken":0.0,"cards_obtained":["DevaForm"]}],"is_beta":false,"boss_relics":[{"not_picked":["Abe\u0027s Treasure","Runic Dome"],"picked":"Coffee Dripper"},{"not_picked":["sneckomod:SneckoTalon","Busted Crown"],"picked":"Replay:Drink Me"}],"items_purged_floors":[5,38],"is_endless":false,"potions_floor_spawned":[2,4,6,8,14,18,23,29,30,33,35,46,47,54],"ascension_level":8}}