{"host":"raai0vtvcfkt8csp","time":1608662313,"event":{"mods":["2.2 Compatiblity","AchievementEnabler","BaseMod","Block Reminder","Booster Modes","DeckTracker","Defective Defect","GifTheSpireLib","Minty Spire (QoL Compilation)","Quick Restart","Random Character Button","Rare Cards Sparkle","StSLib","Unceasing Turn Reminder"],"gold_per_floor":[116,76,90,108,124,124,150,150,150,160,175,10,20,36,36,131,131,141,131,131,142,161,161,189,189,214,233,263,263,276,376,376,376,376],"floor_reached":33,"playtime":2316,"items_purged":[],"score":308,"play_id":"b5c6be67-d759-48cb-9304-f7d703afe482","local_time":"20201222193833","is_ascension_mode":true,"campfire_choices":[{"data":"Eviscerate","floor":6,"key":"SMITH"},{"floor":8,"key":"REST"},{"floor":15,"key":"REST"},{"floor":23,"key":"REST"},{"floor":25,"key":"REST"},{"data":"Envenom","floor":29,"key":"SMITH"},{"floor":32,"key":"RECALL"}],"circlet_count":0,"master_deck":["Strike_G","Strike_G","Strike_G","Strike_G","Strike_G","Defend_G","Defend_G","Defend_G","Defend_G","Defend_G","Survivor","Neutralize","Heel Hook","Eviscerate+1","Prepared","Flying Knee","Choke","Wraith Form v2+1","The Bomb","Prepared","Reflex","Envenom+1","Escape Plan","Bullet Time","Dagger Spray","Quick Slash+1","Flying Knee","Masterful Stab+1","Tools of the Trade","Eviscerate+1"],"relics":["Philosopher\u0027s Stone","HornCleat","Ninja Scroll","Black Star","Vajra","Regal Pillow","Anchor","Gambling Chip","Matryoshka","Bird Faced Urn","Pear"],"acts_visited":["Exordium","TheCity"],"potions_floor_usage":[7,7,14,18,24,24,28,33,33],"damage_taken":[{"damage":2,"enemies":"Jaw Worm","floor":1,"turns":5},{"damage":0,"enemies":"Cultist","floor":3,"turns":4},{"damage":0,"enemies":"Small Slimes","floor":4,"turns":3},{"damage":6,"enemies":"Looter","floor":5,"turns":5},{"damage":32,"enemies":"Lagavulin","floor":7,"turns":11},{"damage":0,"enemies":"Large Slime","floor":10,"turns":5},{"damage":5,"enemies":"2 Fungi Beasts","floor":11,"turns":2},{"damage":0,"enemies":"Exordium Thugs","floor":13,"turns":3},{"damage":2,"enemies":"Lots of Slimes","floor":14,"turns":3},{"damage":63,"enemies":"The Guardian","floor":16,"turns":15},{"damage":0,"enemies":"Spheric Guardian","floor":18,"turns":3},{"damage":19,"enemies":"2 Thieves","floor":19,"turns":4},{"damage":11,"enemies":"Chosen and Byrds","floor":21,"turns":7},{"damage":21,"enemies":"Sentry and Sphere","floor":22,"turns":6},{"damage":1,"enemies":"Book of Stabbing","floor":24,"turns":4},{"damage":6,"enemies":"Shelled Parasite and Fungi","floor":27,"turns":5},{"damage":13,"enemies":"Slavers","floor":28,"turns":6},{"damage":3,"enemies":"Snake Plant","floor":30,"turns":4},{"damage":1,"enemies":"Colosseum Slavers","floor":31,"turns":4},{"damage":8,"enemies":"Colosseum Nobs","floor":31,"turns":4},{"damage":71,"enemies":"Champ","floor":33,"turns":8}],"seed_played":"6395552621822972605","potions_obtained":[{"floor":2,"key":"ColorlessPotion"},{"floor":2,"key":"Strength Potion"},{"floor":2,"key":"SpeedPotion"},{"floor":10,"key":"FearPotion"},{"floor":11,"key":"DistilledChaos"},{"floor":22,"key":"DistilledChaos"},{"floor":24,"key":"Strength Potion"},{"floor":27,"key":"SpeedPotion"},{"floor":31,"key":"Regen Potion"}],"is_trial":false,"path_per_floor":["M","?","M","M","M","R","E","R","T","M","M","$","M","M","R","B",null,"M","M","?","M","M","R","E","R","T","M","E","R","M","?","R","B"],"character_chosen":"THE_SILENT","items_purchased":["The Bomb"],"campfire_rested":4,"item_purchase_floors":[12],"current_hp_per_floor":[68,68,68,68,62,62,30,51,51,51,46,46,46,44,65,2,70,70,51,51,40,19,40,39,70,70,64,51,51,48,49,49,0,0],"gold":376,"neow_bonus":"BOSS_RELIC","is_daily":false,"chose_seed":false,"campfire_upgraded":2,"win_rate":0.0,"timestamp":1608662313,"path_taken":["M","?","?","M","M","R","E","R","T","?","M","$","M","?","R","BOSS","M","M","?","?","?","R","E","R","T","M","E","R","M","?","R","BOSS"],"items_purchased_type":["Card"],"build_version":"2020-12-13","purchased_purges":0,"victory":false,"max_hp_per_floor":[70,70,70,70,70,70,70,70,70,70,70,70,70,70,70,70,70,70,70,70,70,70,70,70,70,70,70,70,70,70,80,80,80,80],"card_choices":[{"not_picked":["Dodge and Roll","Prepared"],"picked":"Heel Hook","floor":1},{"not_picked":["Flying Knee","Cloak And Dagger"],"picked":"Eviscerate","floor":3},{"not_picked":["Backflip","Outmaneuver"],"picked":"Prepared","floor":4},{"not_picked":["Finisher","Bane","Expertise"],"picked":"SKIP","floor":5},{"not_picked":["Poisoned Stab","Dodge and Roll"],"picked":"Flying Knee","floor":7},{"not_picked":["Dagger Spray","Bouncing Flask"],"picked":"Choke","floor":10},{"not_picked":["Underhanded Strike","Cloak And Dagger"],"picked":"Wraith Form v2","floor":11},{"not_picked":["Dodge and Roll","Outmaneuver"],"picked":"Prepared","floor":13},{"not_picked":["Poisoned Stab","Well Laid Plans"],"picked":"Reflex","floor":14},{"not_picked":["Storm of Steel","Adrenaline"],"picked":"Envenom","floor":16},{"not_picked":["PiercingWail+1","Prepared"],"picked":"Escape Plan","floor":18},{"not_picked":["PiercingWail","Expertise","Bane"],"picked":"SKIP","floor":19},{"not_picked":["Flying Knee","Choke"],"picked":"Bullet Time","floor":21},{"not_picked":["Slice","Dagger Throw"],"picked":"Dagger Spray","floor":22},{"not_picked":["Acrobatics","PiercingWail"],"picked":"Quick Slash+1","floor":24},{"not_picked":["Poisoned Stab","Dodge and Roll"],"picked":"Flying Knee","floor":27},{"not_picked":["Dodge and Roll","Well Laid Plans+1"],"picked":"Masterful Stab+1","floor":28},{"not_picked":["Calculated Gamble","Sucker Punch"],"picked":"Tools of the Trade","floor":30},{"not_picked":["Poisoned Stab","Dodge and Roll+1"],"picked":"Eviscerate+1","floor":31}],"player_experience":410398,"relics_obtained":[{"floor":7,"key":"HornCleat"},{"floor":9,"key":"Ninja Scroll"},{"floor":24,"key":"Vajra"},{"floor":24,"key":"Regal Pillow"},{"floor":26,"key":"Anchor"},{"floor":28,"key":"Gambling Chip"},{"floor":28,"key":"Matryoshka"},{"floor":31,"key":"Bird Faced Urn"},{"floor":31,"key":"Pear"}],"event_choices":[{"damage_healed":0,"gold_gain":0,"player_choice":"Bought 3 Potions","damage_taken":0,"max_hp_gain":0,"max_hp_loss":0,"event_name":"The Woman in Blue","floor":2,"gold_loss":0},{"damage_healed":0,"gold_gain":0,"player_choice":"Upgraded","damage_taken":0,"max_hp_gain":0,"max_hp_loss":0,"event_name":"Upgrade Shrine","floor":20,"gold_loss":0,"cards_upgraded":["Wraith Form v2"]},{"damage_healed":0,"gold_gain":0,"player_choice":"Fight","damage_taken":0,"max_hp_gain":0,"max_hp_loss":0,"event_name":"Colosseum","floor":31,"gold_loss":0},{"damage_healed":0,"gold_gain":0,"player_choice":"Fought Nobs","damage_taken":0,"max_hp_gain":0,"max_hp_loss":0,"event_name":"Colosseum","floor":31,"gold_loss":0}],"is_beta":false,"boss_relics":[{"not_picked":["Coffee Dripper","Cursed Key"],"picked":"Black Star"}],"items_purged_floors":[],"is_endless":false,"potions_floor_spawned":[5,10,11,13,22,24,27,31,31],"killed_by":"Champ","ascension_level":1}}