{"host":"hfxp6ue4pvwo3fit","time":1608597675,"event":{"mods":["AchievementEnabler","BaseMod","Colored Map","Colored Powertips","Highlight Path","Minty Spire (QoL Compilation)","StSLib","SuperFastMode"],"gold_per_floor":[117,38,38,48,60,93,93,103,149,149,164,182,211,46,46,118,118,128,128,128,144,157,157,82,37,37,37,50,50,50],"floor_reached":29,"playtime":791,"items_purged":[],"score":447,"play_id":"4424b6e4-8d63-43c1-8020-a670fd038ed2","local_time":"20201221184115","is_ascension_mode":true,"campfire_choices":[{"data":"Buffer","floor":7,"key":"SMITH"},{"floor":10,"key":"REST"},{"data":"Creative AI","floor":15,"key":"SMITH"},{"data":"White Noise","floor":23,"key":"SMITH"},{"data":"Self Repair","floor":27,"key":"SMITH"}],"circlet_count":0,"master_deck":["AscendersBane","Strike_B","Strike_B","Defend_B","Defend_B","Defend_B","Defend_B","Zap","Dualcast","White Noise+1","Steam","Streamline","Storm","Beam Cell","Buffer+1","Go for the Eyes","Barrage","Glacier","Creative AI+1","Ball Lightning","All For One","Capacitor","Compile Driver","Capacitor","Self Repair+1","Gash+1"],"relics":["Cracked Core","NeowsBlessing","Shuriken","Boot","Centennial Puzzle","Chemical X","Coffee Dripper","Molten Egg 2"],"acts_visited":["Exordium","TheCity"],"potions_floor_usage":[16,16,29],"damage_taken":[{"damage":0,"enemies":"Jaw Worm","floor":1,"turns":1},{"damage":0,"enemies":"Cultist","floor":4,"turns":1},{"damage":0,"enemies":"2 Louse","floor":5,"turns":1},{"damage":24,"enemies":"Lagavulin","floor":6,"turns":5},{"damage":9,"enemies":"Exordium Wildlife","floor":8,"turns":4},{"damage":1,"enemies":"Lots of Slimes","floor":11,"turns":2},{"damage":0,"enemies":"2 Fungi Beasts","floor":12,"turns":3},{"damage":4,"enemies":"3 Sentries","floor":13,"turns":3},{"damage":3,"enemies":"Hexaghost","floor":16,"turns":8},{"damage":0,"enemies":"Chosen","floor":18,"turns":5},{"damage":9,"enemies":"Spheric Guardian","floor":21,"turns":5},{"damage":17,"enemies":"Centurion and Healer","floor":22,"turns":7},{"damage":8,"enemies":"Snake Plant","floor":28,"turns":3},{"damage":27,"enemies":"Slavers","floor":29,"turns":2}],"seed_played":"6959631667250447216","potions_obtained":[{"floor":8,"key":"LiquidMemories"},{"floor":11,"key":"PotionOfCapacity"},{"floor":20,"key":"CultistPotion"},{"floor":20,"key":"CultistPotion"}],"is_trial":false,"path_per_floor":["M","$","?","M","M","E","R","M","T","R","M","M","E","$","R","B",null,"M","?","?","M","M","R","?","$","T","R","M","E"],"character_chosen":"DEFECT","items_purchased":["Steam","Streamline","Chemical X","Self Repair"],"campfire_rested":1,"item_purchase_floors":[2,2,14,25],"current_hp_per_floor":[64,64,64,64,64,40,40,31,31,52,51,51,47,47,47,44,64,64,44,44,35,18,18,18,18,18,18,20,0,0],"gold":50,"neow_bonus":"THREE_ENEMY_KILL","is_daily":false,"chose_seed":false,"campfire_upgraded":4,"win_rate":0.0,"timestamp":1608597675,"path_taken":["M","$","?","M","M","E","R","?","T","R","M","M","E","$","R","BOSS","M","?","?","?","M","R","?","$","T","R","M","E"],"items_purchased_type":["Card","Card","Relic","Card"],"build_version":"2020-12-13","purchased_purges":0,"victory":false,"max_hp_per_floor":[71,71,71,71,71,71,71,71,71,71,71,71,71,71,71,71,71,71,76,76,76,76,76,76,76,76,76,76,76,76],"card_choices":[{"not_picked":["Sweeping Beam","Hologram"],"picked":"White Noise","floor":1},{"not_picked":["Rebound","Melter"],"picked":"Beam Cell","floor":4},{"not_picked":["Turbo","Redo"],"picked":"Buffer","floor":5},{"not_picked":["Redo","Double Energy"],"picked":"Go for the Eyes","floor":6},{"not_picked":["Beam Cell","Leap"],"picked":"Barrage","floor":8},{"not_picked":["Conserve Battery","Scrape"],"picked":"Glacier","floor":11},{"not_picked":["Hello World","Consume"],"picked":"Creative AI","floor":12},{"not_picked":["White Noise","Redo"],"picked":"Ball Lightning","floor":13},{"not_picked":["Rainbow","Reboot"],"picked":"All For One","floor":16},{"not_picked":["Rebound","Steam+1"],"picked":"Capacitor","floor":18},{"not_picked":["Rebound","Coolheaded"],"picked":"Compile Driver","floor":21},{"not_picked":["Compile Driver","Stack"],"picked":"Capacitor","floor":22},{"not_picked":["Double Energy","BootSequence"],"picked":"Gash+1","floor":28}],"player_experience":408815,"relics_obtained":[{"floor":6,"key":"Shuriken"},{"floor":9,"key":"Boot"},{"floor":13,"key":"Centennial Puzzle"},{"floor":26,"key":"Molten Egg 2"}],"event_choices":[{"damage_healed":0,"gold_gain":0,"cards_transformed":["Strike_B"],"player_choice":"Transformed","damage_taken":0,"max_hp_gain":0,"max_hp_loss":0,"event_name":"Transmorgrifier","floor":3,"gold_loss":0,"cards_obtained":["Storm"]},{"damage_healed":0,"gold_gain":0,"player_choice":"Shed Blood","damage_taken":25,"max_hp_gain":5,"max_hp_loss":0,"event_name":"Forgotten Altar","floor":19,"gold_loss":0},{"damage_healed":0,"gold_gain":0,"player_choice":"Got Potions","damage_taken":0,"max_hp_gain":0,"max_hp_loss":0,"event_name":"Lab","floor":20,"gold_loss":0},{"cards_removed":["Strike_B"],"damage_healed":0,"gold_gain":0,"player_choice":"Gave Gold","damage_taken":0,"max_hp_gain":0,"max_hp_loss":0,"event_name":"Beggar","floor":24,"gold_loss":75}],"is_beta":false,"boss_relics":[{"not_picked":["Fusion Hammer","Tiny House"],"picked":"Coffee Dripper"}],"items_purged_floors":[],"is_endless":false,"potions_floor_spawned":[8,11,12,21],"killed_by":"Slavers","ascension_level":18}}