{"host":"6qo42zgaknezulyg","time":1608618979,"event":{"mods":["2.2 Compatiblity","BaseMod","Keyboard Shortcuts","Minty Spire (QoL Compilation)","Permanent Neow","Quick Restart","StSLib","SuperFastMode","The Runesmith"],"gold_per_floor":[109,109,11,24,35,62,74,90,113,13,44,59,59,77,77,178,178,189,199,218,128,145,145,172,87,87,12,12,12,39,54,54,150,150,168,168,182,193,204,204,222,222,222,222,240,240,251,251,251,251],"floor_reached":51,"playtime":1992,"items_purged":["Runesmith:Strike_RS","Runesmith:Strike_RS"],"score":864,"play_id":"198835ca-80dd-4263-8c2d-5a33b970093c","local_time":"20201222153619","is_ascension_mode":true,"campfire_choices":[{"floor":13.0,"key":"REST"},{"data":"Runesmith:Fortify","floor":15.0,"key":"SMITH"},{"data":"Runesmith:MetallurgicalResearch","floor":23.0,"key":"SMITH"},{"floor":28.0,"key":"REST"},{"data":"Runesmith:BackupBattery","floor":32.0,"key":"SMITH"},{"data":"Runesmith:BackupBattery+1","floor":40.0,"key":"SMITH"},{"data":"Runesmith:BackupBattery+1","floor":42.0,"key":"SMITH"},{"data":"Runesmith:BackupBattery+2","floor":44.0,"key":"SMITH"},{"data":"Runesmith:BackupBattery+2","floor":49.0,"key":"SMITH"}],"circlet_count":0,"master_deck":["Runesmith:Defend_RS","Runesmith:Defend_RS","Runesmith:CraftFirestone+1","Runesmith:Fortify+1","Runesmith:CraftReservo+1","Runesmith:BackupBattery+3","Runesmith:Electrocute+1","Runesmith:RunicBlueprint+1","Runesmith:ChaoticBlast+1","Runesmith:Discharge+1","Runesmith:MetallurgicalResearch+1","Runesmith:EnergizedChisel+1","Runesmith:PoweredAnvil+1","Runesmith:OneForEveryone+1","Runesmith:FissionHammer+1","CurseOfTheBell","Runesmith:Firestorm+1","Runesmith:Permafrost","Runesmith:Superposition+1","Runesmith:BackupBattery+3","Runesmith:WhiteBalance+1","Runesmith:OneForEveryone+1","Runesmith:Firewall+1"],"relics":["Runesmith:BrokenRuby","Runesmith:Locket","Molten Egg 2","Orichalcum","War Paint","Runic Dome","Pen Nib","Lantern","Eternal Feather","Question Card","Calling Bell","Blood Vial","Mummified Hand","Ice Cream","Akabeko","Gremlin Horn"],"acts_visited":["Exordium","TheCity","TheBeyond"],"potions_floor_usage":[50,50],"damage_taken":[{"damage":1.0,"enemies":"Jaw Worm","floor":1.0,"turns":5.0},{"damage":0.0,"enemies":"Cultist","floor":4.0,"turns":4.0},{"damage":0.0,"enemies":"Small Slimes","floor":5.0,"turns":4.0},{"damage":31.0,"enemies":"Lagavulin","floor":6.0,"turns":7.0},{"damage":1.0,"enemies":"Looter","floor":7.0,"turns":4.0},{"damage":7.0,"enemies":"Exordium Wildlife","floor":8.0,"turns":5.0},{"damage":14.0,"enemies":"Gremlin Nob","floor":11.0,"turns":3.0},{"damage":0.0,"enemies":"Gremlin Gang","floor":12.0,"turns":3.0},{"damage":0.0,"enemies":"Looter","floor":14.0,"turns":3.0},{"damage":12.0,"enemies":"Slime Boss","floor":16.0,"turns":8.0},{"damage":6.0,"enemies":"3 Byrds","floor":18.0,"turns":3.0},{"damage":8.0,"enemies":"Spheric Guardian","floor":19.0,"turns":4.0},{"damage":18.0,"enemies":"Centurion and Healer","floor":20.0,"turns":6.0},{"damage":4.0,"enemies":"Shelled Parasite and Fungi","floor":22.0,"turns":4.0},{"damage":12.0,"enemies":"Gremlin Leader","floor":24.0,"turns":4.0},{"damage":20.0,"enemies":"Slavers","floor":30.0,"turns":5.0},{"damage":2.0,"enemies":"Cultist and Chosen","floor":31.0,"turns":5.0},{"damage":10.0,"enemies":"Automaton","floor":33.0,"turns":9.0},{"damage":8.0,"enemies":"3 Shapes","floor":35.0,"turns":3.0},{"damage":0.0,"enemies":"3 Darklings","floor":37.0,"turns":1.0},{"damage":14.0,"enemies":"Writhing Mass","floor":38.0,"turns":4.0},{"damage":12.0,"enemies":"Spire Growth","floor":39.0,"turns":5.0},{"damage":0.0,"enemies":"Maw","floor":41.0,"turns":3.0},{"damage":1.0,"enemies":"3 Darklings","floor":45.0,"turns":2.0},{"damage":14.0,"enemies":"Writhing Mass","floor":47.0,"turns":2.0},{"damage":20,"enemies":"Donu and Deca","floor":50,"turns":6}],"seed_played":"-2913333260606682559","potions_obtained":[{"floor":4.0,"key":"EssenceOfSteel"},{"floor":6.0,"key":"SteroidPotion"},{"floor":14.0,"key":"Weak Potion"},{"floor":16.0,"key":"SkillPotion"},{"floor":19.0,"key":"Regen Potion"},{"floor":20.0,"key":"ColorlessPotion"},{"floor":22.0,"key":"DuplicationPotion"},{"floor":37.0,"key":"DuplicationPotion"},{"floor":47.0,"key":"SkillPotion"}],"is_trial":false,"path_per_floor":["M","?","$","M","M","E","M","M","T","$","E","M","R","M","R","B",null,"M","M","M","?","M","R","E","?","T","?","R","$","E","M","R","B",null,"M","?","M","M","M","R","M","R","T","R","M","?","M","T","R","B",null],"character_chosen":"RUNESMITH_CLASS","items_purchased":["Runesmith:BackupBattery"],"campfire_rested":2,"item_purchase_floors":[3],"current_hp_per_floor":[62,62,62,62,62,31,30,23,23,23,9,9,27,27,27,15,63,57,49,45,45,41,41,29,29,29,29,53,53,33,31,40,30,63,55,55,57,45,35,47,49,61,61,63,62,62,49,49,61,43],"gold":251,"neow_bonus":"ONE_RARE_RELIC","is_daily":false,"chose_seed":false,"campfire_upgraded":7,"win_rate":0.0,"timestamp":1608618979,"path_taken":["M","?","$","M","M","E","?","M","T","?","E","M","R","M","R","BOSS","M","M","M","?","?","R","E","?","T","?","R","$","E","M","R","BOSS","M","?","M","?","M","R","M","R","T","R","M","?","M","?","R","BOSS"],"items_purchased_type":["Card"],"build_version":"2020-12-13","purchased_purges":2,"victory":true,"max_hp_per_floor":[63,63,63,63,63,63,63,63,63,63,63,63,63,63,63,63,63,63,63,63,63,63,63,63,63,63,63,63,63,63,63,63,63,63,63,63,63,63,63,63,63,63,63,63,63,63,63,63,63,63],"card_choices":[{"not_picked":["Runesmith:ShiftingStrike","Runesmith:MakeshiftArmor"],"picked":"Runesmith:CraftReservo","floor":1.0},{"not_picked":["Runesmith:ChiselStab","Runesmith:StaticCage","Runesmith:CraftMedicinae"],"picked":"SKIP","floor":4.0},{"not_picked":["Runesmith:Refine","Runesmith:Grindstone","Runesmith:CraftReservo"],"picked":"SKIP","floor":5.0},{"not_picked":["Runesmith:HammerThrow+1","Runesmith:HeatExchange+1"],"picked":"Runesmith:Electrocute+1","floor":6.0},{"not_picked":["Runesmith:CraftIncendium","Runesmith:HeatExchange+1"],"picked":"Runesmith:RunicBlueprint","floor":7.0},{"not_picked":["Runesmith:LithiumIon","Runesmith:Firewall"],"picked":"Runesmith:ChaoticBlast+1","floor":8.0},{"not_picked":["Runesmith:Empowerment","Runesmith:StaticCage","Runesmith:Reinforce"],"picked":"SKIP","floor":11.0},{"not_picked":["Runesmith:HammerThrow+1","Runesmith:Overpower+1"],"picked":"Runesmith:Discharge+1","floor":12.0},{"not_picked":["Runesmith:Repurpose","Runesmith:UnstableHammer+1","Runesmith:ShiftingStrike+1"],"picked":"SKIP","floor":14.0},{"not_picked":["Runesmith:CreatorForm","Runesmith:UnlimitedPower"],"picked":"Runesmith:MetallurgicalResearch","floor":16.0},{"not_picked":["Runesmith:CraftProtectio","Runesmith:Repurpose"],"picked":"Runesmith:EnergizedChisel+1","floor":18.0},{"not_picked":["Runesmith:HammerThrow+1","Runesmith:Refine","Runesmith:HeatExchange+1"],"picked":"SKIP","floor":19.0},{"not_picked":["Runesmith:CraftMagma","Runesmith:LithiumIon","Runesmith:MetallurgicalResearch"],"picked":"SKIP","floor":20.0},{"not_picked":["Runesmith:ShiftingStrike+1","Runesmith:RuneHurl+1","Runesmith:HeatExchange+1"],"picked":"SKIP","floor":22.0},{"not_picked":["Runesmith:Repurpose","Runesmith:ShiftingStrike+1","Runesmith:CraftIncendium"],"picked":"SKIP","floor":24.0},{"not_picked":["Runesmith:FieryHammer+1","Runesmith:Augment"],"picked":"Runesmith:PoweredAnvil+1","floor":30.0},{"not_picked":["Runesmith:Retool","Runesmith:HeatExchange+1","Runesmith:HeatedChisel+1"],"picked":"Runesmith:OneForEveryone+1","floor":31.0},{"not_picked":["Runesmith:CraftPrismatica","Runesmith:GenerateForcefield","Runesmith:UnlimitedPower"],"picked":"Runesmith:FissionHammer+1","floor":33.0},{"not_picked":["Runesmith:Refine+1","Runesmith:Repurpose+1","Runesmith:ChargedHammer+1"],"picked":"Runesmith:Firestorm+1","floor":35.0},{"not_picked":["Runesmith:HeatExchange+1","Runesmith:Attraction","Runesmith:HammerThrow+1"],"picked":"Runesmith:Superposition+1","floor":37.0},{"not_picked":["Runesmith:Retool+1","Runesmith:Empowerment","Runesmith:EarthShield+1"],"picked":"Runesmith:BackupBattery+1","floor":38.0},{"not_picked":["Runesmith:CraftMagma","Runesmith:Repurpose","Runesmith:CraftProtectio"],"picked":"Runesmith:WhiteBalance+1","floor":39.0},{"not_picked":["Runesmith:CraftPrismatica","Runesmith:HeatExchange+1","Runesmith:UnstableHammer+1","Runesmith:DoubleUp"],"picked":"SKIP","floor":41.0},{"not_picked":["Runesmith:Overpower+1","Runesmith:HeatedChisel+1","Runesmith:Repurpose+1"],"picked":"Runesmith:OneForEveryone+1","floor":45.0},{"not_picked":["Runesmith:CraftIncendium+1","Runesmith:CraftMedicinae","Runesmith:UnstableHammer+1"],"picked":"Runesmith:Firewall+1","floor":47.0}],"player_experience":744281,"relics_obtained":[{"floor":6.0,"key":"Molten Egg 2"},{"floor":9.0,"key":"Orichalcum"},{"floor":11.0,"key":"War Paint"},{"floor":24.0,"key":"Pen Nib"},{"floor":26.0,"key":"Eternal Feather"},{"floor":30.0,"key":"Question Card"},{"floor":34.0,"key":"Blood Vial"},{"floor":34.0,"key":"Mummified Hand"},{"floor":34.0,"key":"Ice Cream"},{"floor":43.0,"key":"Akabeko"},{"floor":48.0,"key":"Gremlin Horn"}],"event_choices":[{"damage_healed":0.0,"max_hp_gain":0.0,"max_hp_loss":0.0,"gold_gain":0.0,"event_name":"Upgrade Shrine","player_choice":"Upgraded","floor":2.0,"gold_loss":0.0,"damage_taken":0.0,"cards_upgraded":["Runesmith:CraftFirestone"]},{"cards_removed":["Runesmith:Strike_RS"],"damage_healed":0.0,"max_hp_gain":0.0,"max_hp_loss":0.0,"gold_gain":0.0,"event_name":"Designer","player_choice":"Upgrade and Remove","floor":21.0,"gold_loss":90.0,"damage_taken":0.0,"cards_upgraded":["Runesmith:CraftReservo"]},{"damage_healed":0.0,"max_hp_gain":0.0,"max_hp_loss":0.0,"gold_gain":0.0,"event_name":"Addict","player_choice":"Obtained Relic","floor":25.0,"gold_loss":85.0,"damage_taken":0.0,"relics_obtained":["Lantern"]},{"cards_removed":["Runesmith:Strike_RS"],"damage_healed":0.0,"max_hp_gain":0.0,"max_hp_loss":0.0,"gold_gain":0.0,"event_name":"Beggar","player_choice":"Gave Gold","floor":27.0,"gold_loss":75.0,"damage_taken":0.0},{"damage_healed":0.0,"max_hp_gain":0.0,"max_hp_loss":0.0,"gold_gain":0.0,"cards_transformed":["Runesmith:Defend_RS"],"event_name":"Transmorgrifier","player_choice":"Transformed","floor":36.0,"gold_loss":0.0,"damage_taken":0.0,"cards_obtained":["Runesmith:Permafrost"]},{"cards_removed":["Runesmith:Defend_RS"],"damage_healed":0.0,"max_hp_gain":0.0,"max_hp_loss":0.0,"gold_gain":0.0,"event_name":"Falling","player_choice":"Removed Skill","floor":46.0,"gold_loss":0.0,"damage_taken":0.0}],"is_beta":false,"boss_relics":[{"not_picked":["Runic Pyramid","Runesmith:CoreCrystal"],"picked":"Runic Dome"},{"not_picked":["Runesmith:UraniumAnvil","Coffee Dripper"],"picked":"Calling Bell"}],"items_purged_floors":[3,10],"is_endless":false,"potions_floor_spawned":[4,6,14,16,19,20,22,37,41,45,47],"ascension_level":4}}