{"host":"z9grmtg2w0nmz8n1","time":1608609895,"event":{"mods":["Aspiration","Bard","BaseMod","Beaked The Cultist","Better Altar","Better Match","Better Note","Better Sensory Stone","Better Skull","Better Third Choice","BetterRewards","CCEM","Colored Map","Conspire","Downfall","GifTheSpireLib","Googly Eyes","Halation","Hermit","Highlight Path","Hubris","Hunter ??","Jedi Mod","Jorbs\u0027s Wanderer Trilogy","Mad Scientist","Marisa????????","Minty Spire (QoL Compilation)","Permanent Neow","Replay The Spire","Shade Mod","Shop Mod","Spicy Shops","StSLib","Stuff the Spire","The Bug Knight","The Construct","The Necromancer","The Runesmith","The Witch"],"gold_per_floor":[212,212,232,232,242,362,362,382,453,453,472,79,211,227,227,322,322,334,351,351,371,296,436,436,436,462,586,586,586],"floor_reached":28,"playtime":1511,"items_purged":["Shade:Strike_Shade","Shade:Strike_Shade"],"score":293,"play_id":"92ad63c1-5713-4861-86ba-8cb3d29633a4","local_time":"20201222020455","is_ascension_mode":false,"campfire_choices":[{"floor":7,"key":"REST"},{"floor":10,"key":"RECALL"},{"floor":15,"key":"REST"},{"floor":25,"key":"REST"}],"circlet_count":0,"master_deck":["Shade:Strike_Shade","Shade:Strike_Shade","Shade:Defend_Shade","Shade:Defend_Shade","Shade:Defend_Shade","Shade:Defend_Shade","Shade:AnimateDead","Shade:CarefulCut","Shade:FuneraryArmor","Regret","Shade:FuneraryArmor","Shade:FleshLikeOak","Shade:Trample","Shade:Premonition","Shade:CallWraith","Shade:CallOfTheGrave","Shade:SkeletonHug","Shade:SkeletonHug+1","Shade:ScuttlingHand","Shade:WallOfFlesh","Shade:SoulPierce","Shade:AuraOfUnlife","Shade:CommandSoldier+1"],"relics":["Shade:YorickSkull","StuffTheSpire:TintedRock","Boot","StuffTheSpire:DarkSteelAnvil","halation:AfternoonTea","Bronze Scales","MealTicket","conspire:SpecialSausage","FaceOfCleric","Oddly Smooth Stone","CCEMRelics:PorcelainBowl","Replay:Wax Seal"],"acts_visited":["Exordium","TheCity"],"potions_floor_usage":[6,13,13,18,27],"damage_taken":[{"damage":0,"enemies":"2 Louse","floor":1,"turns":3},{"damage":0,"enemies":"conspire:RoseBush","floor":3,"turns":3},{"damage":2,"enemies":"Cultist","floor":5,"turns":3},{"damage":36,"enemies":"Gremlin Nob","floor":6,"turns":5},{"damage":6,"enemies":"Large Slime","floor":8,"turns":7},{"damage":5,"enemies":"2 Fungi Beasts","floor":11,"turns":4},{"damage":12,"enemies":"HollowMod:MossKnight","floor":13,"turns":4},{"damage":7,"enemies":"Exordium Thugs","floor":14,"turns":4},{"damage":26,"enemies":"Hexaghost","floor":16,"turns":11},{"damage":8,"enemies":"Shell Parasite","floor":18,"turns":5},{"damage":1,"enemies":"3 Byrds","floor":19,"turns":3},{"damage":12,"enemies":"conspire:HollyBat","floor":21,"turns":8},{"damage":31,"enemies":"conspire:Head Lice","floor":23,"turns":6},{"damage":28,"enemies":"Slavers","floor":27,"turns":5},{"damage":31,"enemies":"3 Cultists","floor":28,"turns":7}],"seed_played":"1882847928690306542","potions_obtained":[{"floor":1,"key":"ColorlessPotion"},{"floor":3,"key":"Fire Potion"},{"floor":8,"key":"AttackPotion"},{"floor":11,"key":"FearPotion"},{"floor":13,"key":"champ:CounterPotion"},{"floor":16,"key":"jedi:hoardpotion"},{"floor":19,"key":"champ:CounterPotion"}],"is_trial":false,"path_per_floor":["M","?","M","?","M","E","R","M","T","R","M","$","E","M","R","B",null,"M","M","?","M","?","E","$","R","T","E","M"],"character_chosen":"SHADE","items_purchased":["Bronze Scales","Shade:CallWraith","Shade:CallOfTheGrave"],"campfire_rested":3,"item_purchase_floors":[12,12,12],"current_hp_per_floor":[65,65,65,54,52,16,35,44,44,44,39,39,27,20,39,28,65,57,56,56,45,45,15,10,30,30,17,0,0],"gold":586,"neow_bonus":"HUNDRED_GOLD","is_daily":false,"chose_seed":false,"campfire_upgraded":0,"win_rate":0.0,"timestamp":1608609895,"path_taken":["M","?","M","?","M","E","R","M","T","R","M","?","E","?","R","BOSS","M","M","?","?","?","E","?","R","T","E","M"],"items_purchased_type":["Relic","Card","Card"],"build_version":"2020-12-13","purchased_purges":2,"victory":false,"max_hp_per_floor":[65,65,65,65,65,65,65,65,65,65,65,65,65,65,65,65,65,65,65,65,66,66,67,67,67,67,68,68,68],"card_choices":[{"not_picked":["Shade:Awaken","Shade:DangerousRitual"],"picked":"Shade:FuneraryArmor","floor":1},{"not_picked":["Shade:Haruspicy","Shade:GreyBargain","Shade:Asphyxiate"],"picked":"SKIP","floor":3},{"not_picked":["Shade:Asphyxiate","Shade:RitualOffering"],"picked":"Shade:FuneraryArmor","floor":5},{"not_picked":["Shade:GoDigging","Shade:Brains"],"picked":"Shade:FleshLikeOak","floor":6},{"not_picked":["Shade:MadHubris","Shade:Awaken"],"picked":"Shade:Trample","floor":8},{"not_picked":["Shade:AblativeArmor","Shade:RavenousHorde"],"picked":"Shade:Premonition","floor":11},{"not_picked":["Shade:WallOfFlesh","Shade:Patience"],"picked":"Shade:SkeletonHug","floor":13},{"not_picked":["Shade:LyeBath","Shade:SpectralStrikes","Shade:StitchTogether"],"picked":"SKIP","floor":14},{"not_picked":["Shade:ScuttlingHand","Shade:Frenzy"],"picked":"Shade:SkeletonHug+1","floor":18},{"not_picked":["Shade:DangerousRitual","Shade:Frenzy+1"],"picked":"Shade:ScuttlingHand","floor":19},{"not_picked":["Shade:Doomsay+1","Shade:SkeletonHug"],"picked":"Shade:WallOfFlesh","floor":21},{"not_picked":["Shade:MadHubris","Shade:LoseControl"],"picked":"Shade:SoulPierce","floor":22},{"not_picked":["Shade:GraveStillness","Shade:CallWraith+1"],"picked":"Shade:AuraOfUnlife","floor":23},{"not_picked":["Shade:OminousRitual","Shade:RitualOffering"],"picked":"Shade:CommandSoldier+1","floor":27}],"player_experience":612465,"relics_obtained":[{"floor":6,"key":"halation:AfternoonTea"},{"floor":13,"key":"MealTicket"},{"floor":23,"key":"Oddly Smooth Stone"},{"floor":26,"key":"CCEMRelics:PorcelainBowl"},{"floor":27,"key":"Replay:Wax Seal"}],"event_choices":[{"damage_healed":0,"gold_gain":0,"player_choice":"Box","damage_taken":0,"relics_obtained":["StuffTheSpire:TintedRock"],"max_hp_gain":0,"max_hp_loss":0,"event_name":"Big Fish","floor":2,"gold_loss":0,"cards_obtained":["Regret"]},{"damage_healed":0,"gold_gain":1,"player_choice":"Relic Relic ","damage_taken":11,"max_hp_gain":0,"max_hp_loss":0,"event_name":"betterThird:BetterScrap","floor":4,"gold_loss":0,"cards_obtained":["hubris:DoWhile"]},{"damage_healed":0,"gold_gain":0,"player_choice":"Trade","damage_taken":0,"relics_obtained":["FaceOfCleric"],"max_hp_gain":0,"max_hp_loss":0,"event_name":"FaceTrader","floor":20,"gold_loss":0},{"damage_healed":0,"gold_gain":0,"player_choice":"1","damage_taken":0,"max_hp_gain":0,"max_hp_loss":0,"event_name":"betterMatch:BetterMatch","floor":22,"gold_loss":0,"cards_obtained":["betterMatch:UncommonCard","betterMatch:RareCard"]}],"is_beta":false,"boss_relics":[{"not_picked":["conspire:SeveredTorchhead","aspiration:SecretTechniqueScroll"],"picked":"conspire:SpecialSausage"}],"items_purged_floors":[12,24],"is_endless":false,"potions_floor_spawned":[1,3,8,11,13,16,19,21],"killed_by":"3 Cultists","ascension_level":0}}