{"host":"hfxp6ue4pvwo3fit","time":1608599076,"event":{"mods":["AchievementEnabler","BaseMod","Colored Map","Colored Powertips","Highlight Path","Minty Spire (QoL Compilation)","StSLib","SuperFastMode"],"gold_per_floor":[118,118,133,143,143,175,175,194,194,194,194,194,205,239,239,316,316,333,309,309,224,240,274,274,199,225,225,245,255,8,26,26,102,102,114,15,25,25,25,25],"floor_reached":39,"playtime":1389,"items_purged":["Strike_G"],"score":942,"play_id":"c120b206-0a13-416f-8de3-99e7327d03aa","local_time":"20201221190436","is_ascension_mode":true,"campfire_choices":[{"floor":7,"key":"REST"},{"data":"Noxious Fumes","floor":12,"key":"SMITH"},{"data":"Bouncing Flask","floor":15,"key":"SMITH"},{"data":"Catalyst","floor":24,"key":"SMITH"},{"data":"Night Terror","floor":27,"key":"SMITH"},{"floor":32,"key":"REST"}],"circlet_count":0,"master_deck":["AscendersBane","Strike_G","Strike_G","Strike_G","Defend_G","Defend_G","Defend_G","Defend_G","Defend_G","Survivor","Neutralize+1","Footwork","Noxious Fumes+1","Dash","Blade Dance","Die Die Die","Cloak And Dagger","Bouncing Flask+1","Night Terror+1","Cloak And Dagger+1","Noxious Fumes","Catalyst+1","Dagger Spray","Well Laid Plans","Escape Plan+1","Poisoned Stab","Poisoned Stab","Malaise","Cloak And Dagger","Footwork","Deflect+1"],"relics":["Ring of the Snake","Darkstone Periapt","Matryoshka","Nunchaku","Sundial","Juzu Bracelet","Runic Dome","Ninja Scroll","Shuriken","Mango","Ancient Tea Set","PreservedInsect","Orrery","Philosopher\u0027s Stone"],"acts_visited":["Exordium","TheCity","TheBeyond"],"potions_floor_usage":[6,10,23,28,33,33],"damage_taken":[{"damage":0,"enemies":"Jaw Worm","floor":1,"turns":5},{"damage":1,"enemies":"2 Louse","floor":3,"turns":5},{"damage":7,"enemies":"Small Slimes","floor":4,"turns":6},{"damage":11,"enemies":"Lagavulin","floor":6,"turns":13},{"damage":0,"enemies":"2 Fungi Beasts","floor":8,"turns":4},{"damage":26,"enemies":"Gremlin Nob","floor":10,"turns":4},{"damage":1,"enemies":"Blue Slaver","floor":13,"turns":4},{"damage":0,"enemies":"Lagavulin","floor":14,"turns":7},{"damage":9,"enemies":"The Guardian","floor":16,"turns":9},{"damage":4,"enemies":"Spheric Guardian","floor":18,"turns":5},{"damage":7,"enemies":"2 Thieves","floor":19,"turns":4},{"damage":5,"enemies":"3 Cultists","floor":22,"turns":4},{"damage":17,"enemies":"Gremlin Leader","floor":23,"turns":6},{"damage":15,"enemies":"Snake Plant","floor":28,"turns":5},{"damage":3,"enemies":"Snecko","floor":29,"turns":3},{"damage":9,"enemies":"Sentry and Sphere","floor":31,"turns":5},{"damage":23,"enemies":"Collector","floor":33,"turns":7},{"damage":19,"enemies":"3 Shapes","floor":35,"turns":8},{"damage":27,"enemies":"Orb Walker","floor":37,"turns":4},{"damage":17,"enemies":"4 Shapes","floor":39,"turns":2}],"seed_played":"4766499030104649067","potions_obtained":[{"floor":3,"key":"Swift Potion"},{"floor":8,"key":"SmokeBomb"},{"floor":16,"key":"FearPotion"},{"floor":18,"key":"Strength Potion"},{"floor":19,"key":"Strength Potion"},{"floor":23,"key":"SpeedPotion"},{"floor":31,"key":"BlessingOfTheForge"},{"floor":35,"key":"EntropicBrew"}],"is_trial":false,"path_per_floor":["M","?","M","M","?","E","R","M","T","E","?","R","M","E","R","B",null,"M","M","?","?","M","E","R","?","T","R","M","M","$","M","R","B",null,"M","$","M","?","M"],"character_chosen":"THE_SILENT","items_purchased":["Orrery","Cloak And Dagger","Footwork"],"campfire_rested":2,"item_purchase_floors":[30,36,36],"current_hp_per_floor":[59,52,51,44,26,15,34,34,34,8,30,30,29,29,29,20,55,51,44,44,44,39,22,22,36,36,36,21,18,18,9,33,10,63,44,44,17,17,0,0],"gold":25,"neow_bonus":"UPGRADE_CARD","is_daily":false,"chose_seed":false,"campfire_upgraded":4,"win_rate":0.0,"timestamp":1608599076,"path_taken":["M","?","M","M","?","E","R","M","T","E","?","R","M","E","R","BOSS","M","M","?","?","M","E","R","?","T","R","M","M","$","M","R","BOSS","M","$","M","?","M"],"items_purchased_type":["Relic","Card","Card"],"build_version":"2020-12-13","purchased_purges":1,"victory":false,"max_hp_per_floor":[66,66,66,66,66,66,66,66,66,66,66,66,66,66,66,66,66,66,66,66,66,66,66,66,80,80,80,80,80,80,80,80,80,80,80,80,80,80,80,80],"card_choices":[{"not_picked":["Flying Knee","Dagger Spray"],"picked":"Footwork","floor":1},{"not_picked":["Cloak And Dagger","Deflect"],"picked":"Noxious Fumes","floor":3},{"not_picked":["Setup","Slice"],"picked":"Dash","floor":4},{"not_picked":["Concentrate","Dash"],"picked":"Blade Dance","floor":6},{"not_picked":["Terror","Escape Plan"],"picked":"Die Die Die","floor":8},{"not_picked":["Endless Agony","Flying Knee"],"picked":"Cloak And Dagger","floor":13},{"not_picked":["Dagger Throw","Backstab"],"picked":"Bouncing Flask","floor":14},{"not_picked":["After Image","Bullet Time"],"picked":"Night Terror","floor":16},{"not_picked":["Masterful Stab+1","Endless Agony"],"picked":"Cloak And Dagger+1","floor":18},{"not_picked":["Choke","Crippling Poison"],"picked":"Noxious Fumes","floor":19},{"not_picked":["Bane","Prepared","Dash"],"picked":"SKIP","floor":22},{"not_picked":["Underhanded Strike","Envenom"],"picked":"Catalyst","floor":23},{"not_picked":["Bane","Masterful Stab"],"picked":"Dagger Spray","floor":28},{"not_picked":["Deadly Poison","Endless Agony"],"picked":"Well Laid Plans","floor":29},{"not_picked":["Deadly Poison","Quick Slash"],"picked":"Escape Plan+1","floor":30},{"not_picked":["Masterful Stab","Finisher"],"picked":"Poisoned Stab","floor":30},{"not_picked":["Accuracy","Dagger Throw"],"picked":"Poisoned Stab","floor":30},{"not_picked":["Riddle With Holes+1","Cloak And Dagger","Sucker Punch"],"picked":"SKIP","floor":31},{"not_picked":["Corpse Explosion","Die Die Die"],"picked":"Malaise","floor":33},{"not_picked":["Bane+1","Dagger Throw","Riddle With Holes"],"picked":"SKIP","floor":35},{"not_picked":["Bouncing Flask","Distraction"],"picked":"Deflect+1","floor":37}],"player_experience":409606,"relics_obtained":[{"floor":6,"key":"Matryoshka"},{"floor":9,"key":"Nunchaku"},{"floor":9,"key":"Sundial"},{"floor":14,"key":"Juzu Bracelet"},{"floor":23,"key":"Shuriken"},{"floor":26,"key":"Ancient Tea Set"},{"floor":26,"key":"PreservedInsect"}],"event_choices":[{"cards_removed":["Strike_G"],"damage_healed":0,"gold_gain":0,"player_choice":"Card Removal","damage_taken":7,"max_hp_gain":0,"max_hp_loss":0,"event_name":"Golden Wing","floor":2,"gold_loss":0},{"damage_healed":0,"gold_gain":0,"player_choice":"Success","damage_taken":18,"relics_obtained":["Darkstone Periapt"],"max_hp_gain":0,"max_hp_loss":0,"event_name":"Scrap Ooze","floor":5,"gold_loss":0},{"damage_healed":22,"gold_gain":0,"player_choice":"Banana","damage_taken":0,"max_hp_gain":0,"max_hp_loss":0,"event_name":"Big Fish","floor":11,"gold_loss":0},{"damage_healed":0,"gold_gain":0,"player_choice":"Ignored","damage_taken":0,"max_hp_gain":0,"max_hp_loss":0,"event_name":"The Mausoleum","floor":20,"gold_loss":0},{"damage_healed":0,"gold_gain":0,"player_choice":"Obtained Relic","damage_taken":0,"relics_obtained":["Ninja Scroll"],"max_hp_gain":0,"max_hp_loss":0,"event_name":"Addict","floor":21,"gold_loss":85},{"damage_healed":0,"gold_gain":0,"player_choice":"Paid Gold","damage_taken":0,"relics_obtained":["Mango"],"max_hp_gain":0,"max_hp_loss":0,"event_name":"WeMeetAgain","floor":25,"gold_loss":75},{"damage_healed":0,"gold_gain":0,"player_choice":"Memory 1","damage_taken":0,"max_hp_gain":0,"max_hp_loss":0,"event_name":"SensoryStone","floor":38,"gold_loss":0}],"is_beta":false,"boss_relics":[{"not_picked":["Astrolabe","SacredBark"],"picked":"Runic Dome"},{"not_picked":["SlaversCollar","Calling Bell"],"picked":"Philosopher\u0027s Stone"}],"items_purged_floors":[30],"is_endless":false,"potions_floor_spawned":[3,8,16,18,19,23,31,35],"killed_by":"4 Shapes","ascension_level":20}}