{"host":"6pgtslebjnyv5xmi","time":1608645769,"event":{"mods":["AchievementEnabler","BaseMod","Colored Map","Minty Spire (QoL Compilation)","Rare Cards Sparkle","SuperFastMode","everything is the same but u backflip on backflip"],"gold_per_floor":[117,128,128,128,128,128,144,156,156,156,181,181,219,1,1,126,126,126,126],"floor_reached":18,"playtime":634,"items_purged":["Defend_R"],"score":208,"play_id":"486a0087-b033-4f14-b0a4-6f0d8c22f186","local_time":"20201222230249","is_ascension_mode":true,"campfire_choices":[{"floor":6,"key":"REST"},{"floor":15,"key":"REST"}],"circlet_count":0,"master_deck":["Strike_R","Strike_R","Strike_R+1","Strike_R","Strike_R","Defend_R","Bash","Dual Wield+1","Shrug It Off","Perfected Strike","Armaments","Spot Weakness","Impervious","Reaper"],"relics":["Burning Blood","Anchor","Golden Idol","Paper Frog","Black Star"],"acts_visited":["Exordium","TheCity"],"potions_floor_usage":[13,16],"damage_taken":[{"damage":4,"enemies":"Jaw Worm","floor":1,"turns":8},{"damage":6,"enemies":"Cultist","floor":2,"turns":3},{"damage":8,"enemies":"2 Louse","floor":7,"turns":3},{"damage":11,"enemies":"Looter","floor":8,"turns":3},{"damage":15,"enemies":"Exordium Thugs","floor":11,"turns":5},{"damage":27,"enemies":"Lagavulin","floor":13,"turns":4},{"damage":40,"enemies":"Hexaghost","floor":16,"turns":9},{"damage":85,"enemies":"3 Byrds","floor":18,"turns":4}],"seed_played":"2271165800591702716","potions_obtained":[{"floor":7,"key":"CultistPotion"},{"floor":8,"key":"AttackPotion"}],"is_trial":false,"path_per_floor":["M","M","?","?","$","R","M","M","T","?","M","?","E","$","R","B",null,"M"],"character_chosen":"IRONCLAD","items_purchased":["Impervious"],"campfire_rested":2,"item_purchase_floors":[14],"current_hp_per_floor":[82,82,75,57,57,83,81,76,76,54,45,45,24,24,50,16,70,0,0],"gold":126,"neow_bonus":"TEN_PERCENT_HP_BONUS","is_daily":false,"chose_seed":false,"campfire_upgraded":0,"win_rate":0.0,"timestamp":1608645769,"path_taken":["M","M","?","?","?","R","M","?","T","?","M","?","E","$","R","BOSS","M"],"items_purchased_type":["Card"],"build_version":"2020-12-13","purchased_purges":1,"victory":false,"max_hp_per_floor":[88,88,88,88,88,88,88,88,88,88,88,88,88,88,88,88,88,88,88],"card_choices":[{"not_picked":["Thunderclap","Burning Pact"],"picked":"Dual Wield","floor":1},{"not_picked":["Headbutt","Iron Wave"],"picked":"Shrug It Off","floor":2},{"not_picked":["Pommel Strike","Wild Strike"],"picked":"Perfected Strike","floor":7},{"not_picked":["Pummel","Hemokinesis","Cleave"],"picked":"SKIP","floor":8},{"not_picked":["Anger","Warcry"],"picked":"Armaments","floor":11},{"not_picked":["Infernal Blade","Juggernaut"],"picked":"Spot Weakness","floor":13},{"not_picked":["Exhume","Berserk"],"picked":"Reaper","floor":16}],"player_experience":370679,"relics_obtained":[{"floor":9,"key":"Anchor"},{"floor":13,"key":"Paper Frog"}],"event_choices":[{"cards_removed":["Defend_R"],"damage_healed":0,"gold_gain":0,"player_choice":"Card Removal","damage_taken":7,"max_hp_gain":0,"max_hp_loss":0,"event_name":"Golden Wing","floor":3,"gold_loss":0},{"damage_healed":0,"gold_gain":0,"player_choice":"Entered Light","damage_taken":18,"max_hp_gain":0,"max_hp_loss":0,"event_name":"Shining Light","floor":4,"gold_loss":0,"cards_upgraded":["Strike_R","Dual Wield"]},{"damage_healed":0,"gold_gain":0,"player_choice":"Take Damage","damage_taken":22,"relics_obtained":["Golden Idol"],"max_hp_gain":0,"max_hp_loss":0,"event_name":"Golden Idol","floor":10,"gold_loss":0},{"cards_removed":["Defend_R"],"damage_healed":0,"gold_gain":0,"player_choice":"Purged","damage_taken":0,"max_hp_gain":0,"max_hp_loss":0,"event_name":"Purifier","floor":12,"gold_loss":0}],"is_beta":false,"boss_relics":[{"not_picked":["Runic Dome","Sozu"],"picked":"Black Star"}],"items_purged_floors":[14],"is_endless":false,"potions_floor_spawned":[7,8],"killed_by":"3 Byrds","ascension_level":6}}