{"host":"6ybgukafx9v6je7q","time":1608597829,"event":{"mods":["AchievementEnabler","Aspiration","BaseMod","BetterRewards","Conspire","Custom Start","Downfall","Hubris","Infinite Spire","Minty Spire (QoL Compilation)","Random Character Button","Replay The Spire","StSLib"],"gold_per_floor":[117,131,131,202,219,219,235,264,264,264,291,55,89,108,108,213,213,225,225,238,251,265,265,265,265,290,290,325,344,376,394,394,516,516,516,5,32,134],"floor_reached":39,"playtime":2056,"items_purged":["Strike_B","Strike_B"],"score":1152,"play_id":"1991bcf6-e0c0-4f9a-863c-75bd49a2b201","local_time":"20201221194349","is_ascension_mode":false,"campfire_choices":[{"data":"Apotheosis","floor":6.0,"key":"SMITH"},{"data":"conspire:Banana","floor":15,"key":"SMITH"},{"data":"Defragment","floor":23,"key":"SMITH"},{"data":"Defragment","floor":25,"key":"SMITH"},{"data":"Self Repair","floor":27,"key":"SMITH"},{"data":"ReplayTheSpireMod:Dual Polarity","floor":32,"key":"SMITH"},{"data":"Coolheaded","floor":35,"key":"SMITH"}],"circlet_count":0,"master_deck":["Strike_B+1","Defend_B","Defend_B","Defend_B","Defend_B+1","Zap","Dualcast","Apotheosis+1","Coolheaded+1","Skim+1","conspire:Banana+1","White Noise","Defragment+1","Defragment+1","White Noise","Cold Snap","Self Repair+1","Echo Form+1","Injury","Amplify","Madness","infinitespire:TheBestDefense","sneckomod:TailWhip","Turbo+1","Barrage","ReplayTheSpireMod:Dual Polarity+1","Consume+1","Skim+1","Coolheaded+1","Storm","Cold Snap+1"],"relics":["Cracked Core","Runic Capacitor","hubris:CrystalStatue","Odd Mushroom","Mirror","Boot","conspire:TreasureMap","Vajra","ReplayTheSpireMod:SealedPack","hubris:BallOfYels","Singing Bowl","infinitespire:Lucky Rock","infinitespire:EvilPickle","expansioncontent:StudyCardRelic","Lee\u0027s Waffle","Simple Rune","aspiration:HiddenCompartment"],"acts_visited":["Exordium","TheCity","TheEnding"],"potions_floor_usage":[20,28,30,37],"damage_taken":[{"damage":0.0,"enemies":"Small Slimes","floor":1.0,"turns":3.0},{"damage":0.0,"enemies":"Jaw Worm","floor":2.0,"turns":4.0},{"damage":0.0,"enemies":"2 Louse","floor":5.0,"turns":3.0},{"damage":0.0,"enemies":"Exordium Thugs","floor":7.0,"turns":4.0},{"damage":0.0,"enemies":"The Mushroom Lair","floor":8.0,"turns":4.0},{"damage":0.0,"enemies":"Lagavulin","floor":11.0,"turns":5.0},{"damage":2.0,"enemies":"3 Sentries","floor":13.0,"turns":7.0},{"damage":4,"enemies":"Gremlin Gang","floor":14,"turns":5},{"damage":4,"enemies":"Fading Forest","floor":16,"turns":11},{"damage":18,"enemies":"Spheric Guardian","floor":18,"turns":6},{"damage":6,"enemies":"Shell Parasite","floor":20,"turns":6},{"damage":12,"enemies":"Snake Plant","floor":21,"turns":5},{"damage":9,"enemies":"Sentry and Sphere","floor":22,"turns":5},{"damage":2,"enemies":"Gremlin Leader","floor":28,"turns":10},{"damage":21,"enemies":"Centurion and Healer","floor":29,"turns":9},{"damage":14,"enemies":"Nightmare","floor":30,"turns":9},{"damage":16,"enemies":"Snake Plant","floor":31,"turns":4},{"damage":27,"enemies":"Pondfish","floor":33,"turns":10},{"damage":51,"enemies":"Shield and Spear","floor":37,"turns":6},{"damage":61,"enemies":"The Heart","floor":38,"turns":12}],"seed_played":"6140061838787857018","potions_obtained":[{"floor":5.0,"key":"LiquidBronze"},{"floor":7.0,"key":"ColorlessPotion"},{"floor":11.0,"key":"LiquidMemories"},{"floor":18,"key":"DistilledChaos"},{"floor":22,"key":"SkillPotion"},{"floor":29,"key":"ColorlessPotion"},{"floor":37,"key":"SpeedPotion"},{"floor":38,"key":"sneckomod:MuddlingPotion"}],"is_trial":false,"path_per_floor":["M","M","?","T","M","R","M","?","T","?","E","$","E","M","R","B",null,"M","?","M","M","M","R","?","R","T","R","E","M","NM","M","R","B",null,"R","$","E","B",null],"character_chosen":"DEFECT","items_purchased":["Apotheosis","Coolheaded","Runic Capacitor","Skim+1","conspire:Banana","Guardian:BlockOnCardUsePotion","Block Potion","conspire:TreasureMap","Self Repair","Lee\u0027s Waffle","Simple Rune","Storm","Adrenaline Potion"],"campfire_rested":0,"item_purchase_floors":[0,0,0,0,0,0,0,12,12,36,36,36,36],"current_hp_per_floor":[44,46,46,46,47,47,49,51,51,51,53,53,63,71,71,89,91,82,82,85,75,88,88,88,88,88,88,103,96,104,92,92,91,119,119,126,87,40],"gold":134,"neow_bonus":"","is_daily":false,"chose_seed":false,"campfire_upgraded":7,"win_rate":0.0,"timestamp":1608597829,"path_taken":["M","M","?","?","M","R","M","?","T","?","E","$","E","M","R","BOSS","M","?","?","M","M","R","?","R","T","R","E","M","NM","M","R","BOSS","R","$","E","BOSS"],"items_purchased_type":["Card","Card","Relic","Card","Card","Potion","Potion","Relic","Card","Relic","Relic","Card","Potion"],"build_version":"2020-12-13","purchased_purges":2,"victory":true,"max_hp_per_floor":[76,78,78,78,79,79,81,83,83,83,85,85,87,89,89,91,91,93,93,95,97,99,99,99,99,99,99,103,107,109,113,113,119,119,119,126,128,132],"card_choices":[{"not_picked":["FIFO Queue","Conserve Battery","Steam"],"picked":"SKIP","floor":1.0},{"not_picked":["Sweeping Beam","Steam"],"picked":"White Noise","floor":2.0},{"not_picked":["ReplayGash","Creative AI"],"picked":"Defragment","floor":5.0},{"not_picked":["Time Bomb","Panic Button"],"picked":"Defragment","floor":7.0},{"not_picked":["hubris:PowerSurge","Sweeping Beam"],"picked":"White Noise","floor":8.0},{"not_picked":["Conserve Battery","Hyperbeam","Genetic Algorithm"],"picked":"SKIP","floor":11.0},{"not_picked":["Fusion","ReplayTheSpireMod:GoodbyeWorld","Hologram"],"picked":"SKIP","floor":13.0},{"not_picked":["BasicCrystalCard","Hologram","Beam Cell"],"picked":"SKIP","floor":14},{"not_picked":["ReplayTheSpireMod:Fabricate Wheel","hubris:DoWhile"],"picked":"Echo Form","floor":16},{"not_picked":["ReplayRNGCard","Reboot"],"picked":"Amplify","floor":17},{"not_picked":["Dark Shackles","Jack Of All Trades"],"picked":"Madness","floor":17},{"not_picked":["infinitespire:FinalStrike","ReplayTheSpireMod:Black Plague"],"picked":"infinitespire:TheBestDefense","floor":17},{"not_picked":["hubris:MerchantsHand","sneckomod:Unknown"],"picked":"sneckomod:TailWhip","floor":17},{"not_picked":["Capacitor","Fission"],"picked":"Turbo+1","floor":18},{"not_picked":["Force Field","Sweeping Beam"],"picked":"Barrage","floor":20},{"not_picked":["Scrape","Tempest"],"picked":"ReplayTheSpireMod:Dual Polarity","floor":21},{"not_picked":["Go for the Eyes","ReplayTheSpireMod:Fabricate Wheel"],"picked":"Consume+1","floor":22},{"not_picked":["Beam Cell","Steam","hubris:PowerSurge"],"picked":"Singing Bowl","floor":28},{"not_picked":["Redo","Turbo+1","BasicCrystalCard+1"],"picked":"Singing Bowl","floor":29},{"not_picked":["Chaos","Redo+1"],"picked":"Skim+1","floor":30},{"not_picked":["Doom and Gloom","Redo"],"picked":"Coolheaded","floor":31},{"not_picked":["ReplayRNGCard","Machine Learning","Hyperbeam"],"picked":"Singing Bowl","floor":33},{"not_picked":["Compile Driver+1","Ball Lightning"],"picked":"Cold Snap+1","floor":37},{"not_picked":["Thunder Strike","Core Surge","Hyperbeam"],"picked":"Singing Bowl","floor":38}],"player_experience":1027104,"relics_obtained":[{"floor":4.0,"key":"hubris:CrystalStatue"},{"floor":8.0,"key":"Odd Mushroom"},{"floor":9.0,"key":"Mirror"},{"floor":11.0,"key":"Boot"},{"floor":13.0,"key":"Vajra"},{"floor":26,"key":"hubris:BallOfYels"},{"floor":28,"key":"Singing Bowl"},{"floor":30,"key":"infinitespire:Lucky Rock"},{"floor":37,"key":"aspiration:HiddenCompartment"}],"event_choices":[{"damage_healed":0.0,"max_hp_gain":0.0,"max_hp_loss":0.0,"gold_gain":0.0,"event_name":"Mushrooms","player_choice":"Fought Mushrooms","floor":8.0,"gold_loss":0.0,"damage_taken":0.0},{"damage_healed":0.0,"max_hp_gain":0.0,"max_hp_loss":0.0,"gold_gain":0.0,"event_name":"Match and Keep!","player_choice":"1 cards matched","floor":10.0,"gold_loss":0.0,"damage_taken":0.0,"cards_obtained":["Cold Snap"]},{"damage_healed":0,"gold_gain":0,"player_choice":"Forge","damage_taken":0,"max_hp_gain":0,"max_hp_loss":0,"event_name":"Accursed Blacksmith","floor":19,"gold_loss":0,"cards_upgraded":["Echo Form"]},{"cards_removed":["Strike_B"],"damage_healed":0,"gold_gain":0,"player_choice":"Purged","damage_taken":0,"max_hp_gain":0,"max_hp_loss":0,"event_name":"Purifier","floor":24,"gold_loss":0}],"is_beta":false,"boss_relics":[{"not_picked":["Replay:Bronze Core","Calling Bell"],"picked":"ReplayTheSpireMod:SealedPack"},{"not_picked":["hubris:VirtuousBlindfold","conspire:SeveredTorchhead"],"picked":"expansioncontent:StudyCardRelic"}],"items_purged_floors":[0,36],"is_endless":true,"potions_floor_spawned":[5,7,11,18,22,29,37,38],"ascension_level":0}}