{"host":"0m7uut7ws4kj19nt","time":1608637069,"event":{"mods":["AchievementEnabler","BaseMod","Minty Spire (QoL Compilation)","Replay The Spire","StSLib","The Cursed","The Necromancer"],"gold_per_floor":[211,227,246,18,18,18,46,62,62,76,76,87,87,205,205,302,302,318,330,346,168,184,184,211,223,248,248,277,277,277,297,297,392,392,406,420,62,162,87,87,114,114,114,149,61,87,137,137,137,139],"floor_reached":51,"playtime":2972,"items_purged":["Strike_W","Strike_W","Strike_W","Defend_W","Strike_W"],"score":732,"play_id":"1c263373-6d1b-4b23-99a3-7a113a6dacc1","local_time":"20201222183749","is_ascension_mode":true,"campfire_choices":[{"data":"Summon_Death_Knight","floor":6,"key":"SMITH"},{"data":"Summon_Undead_Army","floor":11,"key":"SMITH"},{"data":"Slay_Living","floor":15,"key":"SMITH"},{"floor":23,"key":"REST"},{"data":"Life_Drain","floor":29,"key":"SMITH"},{"floor":32,"key":"REST"},{"data":"RitualDagger","floor":40,"key":"SMITH"},{"floor":49,"key":"DIG"}],"circlet_count":0,"master_deck":["Defend_W","Defend_W","Defend_W","Negative_Energy_Arrows","Bone_Wall","Summon_Undead_Army+1","Exploit","Death_Knell","Summon_Death_Knight+1","Siphon_Strength","Life_Drain+1","Summon_Undead_Army","Slay_Living+1","Consume_Illness","Grasp_Heart","Cloudkill","Corrupt","Skeleton_Dragon","Summon_Lich","Violent_Necrosis","Summon_Undead","Summon_Undead","RitualDagger+1","Shade_Step+1","Summon_Vampire_Lady","CurseOfTheBell","Pandemic+1","Epidemic+1","Summon_Undead+1","Spectral_Armor"],"relics":["Vampire_Amulet","Replay:Multitool","Question Card","Snecko Eye","Mirror","Oddly Smooth Stone","Lizard Tail","Calling Bell","Blue Doll","Meat on the Bone","Incense Burner","Membership Card","Mango","PreservedInsect","Ring of Hypnosis","ReplayTheSpireMod:Ring of Exchange","Ice Cream","Durian","Bird Faced Urn","Spirit Poop","Replay:Bandana"],"acts_visited":["Exordium","TheCity","TheBeyond"],"potions_floor_usage":[16,22,28,33,33,41,50,50],"damage_taken":[{"damage":0,"enemies":"2 Louse","floor":1,"turns":3},{"damage":2,"enemies":"Cultist","floor":2,"turns":4},{"damage":6,"enemies":"Jaw Worm","floor":3,"turns":4},{"damage":17,"enemies":"Gremlin Nob","floor":7,"turns":4},{"damage":6,"enemies":"Blue Slaver","floor":8,"turns":4},{"damage":2,"enemies":"Large Slime","floor":10,"turns":5},{"damage":11,"enemies":"3 Louse","floor":12,"turns":3},{"damage":18,"enemies":"Fading Forest","floor":16,"turns":11},{"damage":23,"enemies":"2 Thieves","floor":18,"turns":3},{"damage":15,"enemies":"Shell Parasite","floor":19,"turns":4},{"damage":21,"enemies":"Snake Plant","floor":20,"turns":3},{"damage":18,"enemies":"Centurion and Healer","floor":22,"turns":3},{"damage":27,"enemies":"Gremlin Leader","floor":24,"turns":4},{"damage":7,"enemies":"Cultist and Chosen","floor":25,"turns":4},{"damage":33,"enemies":"Slavers","floor":28,"turns":4},{"damage":14,"enemies":"Chosen and Byrds","floor":31,"turns":4},{"damage":18,"enemies":"Champ","floor":33,"turns":7},{"damage":9,"enemies":"3 Darklings","floor":35,"turns":3},{"damage":15,"enemies":"Orb Walker","floor":36,"turns":4},{"damage":15,"enemies":"Reptomancer","floor":41,"turns":4},{"damage":9,"enemies":"Giant Head","floor":44,"turns":5},{"damage":46,"enemies":"Nemesis","floor":46,"turns":5},{"damage":0,"enemies":"Mind Bloom Boss Battle","floor":47,"turns":5},{"damage":46,"enemies":"Replay:Hell Engine","floor":50,"turns":8}],"seed_played":"8851431401093930326","potions_obtained":[{"floor":2,"key":"PowerPotion"},{"floor":5,"key":"Death Potion"},{"floor":5,"key":"Strength Potion"},{"floor":5,"key":"Doom Potion"},{"floor":18,"key":"Toxic Potion"},{"floor":31,"key":"PowerPotion"},{"floor":33,"key":"ColorlessPotion"},{"floor":35,"key":"Dexterity Potion"},{"floor":41,"key":"Elixir"},{"floor":46,"key":"SkillPotion"}],"is_trial":false,"path_per_floor":["M","M","M","$","?","R","E","M","T","M","R","M","?","?","R","B",null,"M","M","M","$","M","R","E","M","T","?","E","R","?","M","R","B",null,"M","M","$","?","$","R","E","?","T","E","$","E","?","?","R","B",null],"character_chosen":"NECROMANCER","items_purchased":["Summon_Death_Knight","Summon_Lich","Membership Card","Mango"],"campfire_rested":2,"item_purchase_floors":[4,21,37,37],"current_hp_per_floor":[75,75,71,71,71,71,56,52,52,54,54,55,55,55,55,69,75,60,57,38,38,24,46,35,38,38,63,39,39,33,29,51,44,75,68,67,81,81,81,81,79,79,79,81,81,64,88,88,88,94],"gold":139,"neow_bonus":"HUNDRED_GOLD","is_daily":false,"chose_seed":false,"campfire_upgraded":5,"win_rate":0.0,"timestamp":1608637069,"path_taken":["M","M","M","$","?","R","E","M","T","?","R","M","?","?","R","BOSS","M","M","M","$","M","R","E","M","T","?","E","R","?","M","R","BOSS","M","M","$","?","?","R","E","?","T","E","$","E","?","?","R","BOSS"],"items_purchased_type":["Card","Card","Relic","Relic"],"build_version":"2020-12-13","purchased_purges":5,"victory":true,"max_hp_per_floor":[75,75,75,75,75,75,75,75,75,75,75,75,75,75,75,75,75,75,75,75,75,75,75,75,75,75,75,75,75,75,75,75,75,75,75,75,89,89,89,89,89,89,89,89,89,94,94,94,94,94],"card_choices":[{"not_picked":["Negative_Energy_Sphere","Chill_Blood"],"picked":"Summon_Undead_Army","floor":1},{"not_picked":["Negative_Energy_Sphere","Blood_Curse"],"picked":"Exploit","floor":2},{"not_picked":["Finger_Of_Death","Necromantic_Selection"],"picked":"Death_Knell","floor":3},{"not_picked":["Blood_Curse","Finger_Of_Death"],"picked":"Siphon_Strength","floor":7},{"not_picked":["Epidemic","Negative_Energy_Mist","Whirlwind_of_Bones"],"picked":"SKIP","floor":8},{"not_picked":["Blood_Curse","Blood_Shield","Bone_Shift"],"picked":"Life_Drain","floor":10},{"not_picked":["Death_Coil","Scare","Bone_Prison"],"picked":"Summon_Undead_Army","floor":12},{"not_picked":["Scare","Toxic_Smoke_Screen","Strike_from_Beyond"],"picked":"Slay_Living","floor":14},{"not_picked":["Uncharnel","Bones_to_Steel","Summon_Undead_Army"],"picked":"Consume_Illness","floor":14},{"not_picked":["Negative_Energy_Sphere","Spectral_Walk","Bones_to_Steel"],"picked":"Grasp_Heart","floor":14},{"not_picked":["Blood_Magic","Grasp_Heart","Hellfire"],"picked":"Cloudkill","floor":16},{"not_picked":["Exploit","Blood_Curse+1","Summon_Undead"],"picked":"Corrupt","floor":18},{"not_picked":["Acid_Javelin+1","Necromantic_Selection+1","Pandemic","Plague_Bolt"],"picked":"SKIP","floor":19},{"not_picked":["Scare","Stop_Heart+1","Finger_Of_Death+1"],"picked":"Skeleton_Dragon","floor":20},{"not_picked":["Bones_to_Steel","Epidemic","Bone_Shift"],"picked":"Violent_Necrosis","floor":22},{"not_picked":["Negative_Energy_Sphere","Bones_to_Steel+1","Thousand_Bone_Knives","Death_Coil"],"picked":"SKIP","floor":24},{"not_picked":["Strike_from_Beyond","Bone_Spikes","Bone_Prison"],"picked":"Summon_Undead","floor":25},{"not_picked":["Chill_Blood","Scare","Violent_Necrosis"],"picked":"Summon_Undead","floor":28},{"not_picked":["Negative_Energy_Bomb","Pandemic","Bone_Prison"],"picked":"Shade_Step+1","floor":31},{"not_picked":["Hellfire","Blood_Wake","Requiem"],"picked":"Summon_Vampire_Lady","floor":33},{"not_picked":["Consume_Illness","Negative_Energy_Shield+1","Shackles_Of_Pain+1"],"picked":"Pandemic+1","floor":35},{"not_picked":["Chill_Blood+1","Shackles_Of_Pain","Blood_Curse+1","Blood_Is_Power"],"picked":"SKIP","floor":36},{"not_picked":["Bone_Prison+1","Vampiric_Strike+1","Shackles_Of_Pain+1","Acid_Javelin"],"picked":"SKIP","floor":41},{"not_picked":["Pandemic+1","Bone_Spikes+1","Blood_Wake"],"picked":"Epidemic+1","floor":44},{"not_picked":["Corrupt+1","Scare+1","Acid_Javelin"],"picked":"Summon_Undead+1","floor":46},{"not_picked":["Bone_Spikes+1","Negative_Energy_Shield","Chill_Blood+1"],"picked":"Spectral_Armor","floor":47}],"player_experience":96471,"relics_obtained":[{"floor":7,"key":"Replay:Multitool"},{"floor":9,"key":"Question Card"},{"floor":24,"key":"Mirror"},{"floor":26,"key":"Oddly Smooth Stone"},{"floor":28,"key":"Lizard Tail"},{"floor":34,"key":"Blue Doll"},{"floor":34,"key":"Meat on the Bone"},{"floor":34,"key":"Incense Burner"},{"floor":41,"key":"PreservedInsect"},{"floor":42,"key":"Ring of Hypnosis"},{"floor":42,"key":"ReplayTheSpireMod:Ring of Exchange"},{"floor":44,"key":"Ice Cream"},{"floor":46,"key":"Durian"},{"floor":47,"key":"Bird Faced Urn"},{"floor":49,"key":"Replay:Bandana"}],"event_choices":[{"damage_healed":0,"gold_gain":0,"player_choice":"Got Potions","damage_taken":0,"max_hp_gain":0,"max_hp_loss":0,"event_name":"Lab","floor":5,"gold_loss":0},{"damage_healed":0,"gold_gain":0,"player_choice":"Ignored","damage_taken":0,"max_hp_gain":0,"max_hp_loss":0,"event_name":"Liars Game","floor":13,"gold_loss":0},{"damage_healed":25,"gold_gain":0,"player_choice":"Heal","damage_taken":0,"max_hp_gain":0,"max_hp_loss":0,"event_name":"The Library","floor":27,"gold_loss":0},{"damage_healed":0,"gold_gain":0,"player_choice":"Joined the Cult","damage_taken":6,"max_hp_gain":0,"max_hp_loss":0,"event_name":"Nest","floor":30,"gold_loss":0,"cards_obtained":["RitualDagger"]},{"damage_healed":0,"gold_gain":100,"player_choice":"Pray","damage_taken":0,"max_hp_gain":0,"max_hp_loss":0,"event_name":"Golden Shrine","floor":38,"gold_loss":0},{"damage_healed":0,"gold_gain":0,"player_choice":"Fight","damage_taken":0,"max_hp_gain":0,"max_hp_loss":0,"event_name":"MindBloom","floor":47,"gold_loss":0},{"cards_removed":["Voices"],"damage_healed":0,"gold_gain":0,"player_choice":"Offered Curse","damage_taken":0,"relics_obtained":["Spirit Poop"],"max_hp_gain":0,"max_hp_loss":0,"event_name":"Bonfire Elementals","floor":48,"gold_loss":0}],"is_beta":false,"boss_relics":[{"not_picked":["Ring of Chaos","Kintsugi"],"picked":"Snecko Eye"},{"not_picked":["SacredBark","Tiny House"],"picked":"Calling Bell"}],"items_purged_floors":[4,21,37,39,45],"is_endless":false,"potions_floor_spawned":[2,8,12,18,20,31,33,35,41,46],"ascension_level":2}}