{"host":"na09lpbrez4gbfiz","time":1608681420,"event":{"mods":["Act Like it!","BaseMod","BetterRewards","Colored Map","Colored Powertips","DeckTracker","Googly Eyes","Highlight Path","Minty Spire (QoL Compilation)","Quick Restart","Spicy Shops","StSLib","SuperFastMode","Synergy Search"],"gold_per_floor":[111,111,111,111,286,286,314,314,338,338,338,348,380,394,394,490,490,502,502,97,57,68,68,94,94,94,94,119,135,35,51,51,147,147,158,9,22,35,51,51,65,65,65,65,0,18,34,60,60,60],"floor_reached":51,"playtime":1670,"items_purged":["Doubt","Strike_R"],"score":1160,"play_id":"8d702c50-778d-4687-ad38-956bfd61bd10","local_time":"20201223005700","is_ascension_mode":true,"campfire_choices":[{"data":"True Grit","floor":6,"key":"SMITH"},{"data":"Heavy Blade","floor":8,"key":"SMITH"},{"data":"Bash","floor":10,"key":"SMITH"},{"data":"Limit Break","floor":15,"key":"SMITH"},{"data":"Mayhem","floor":23,"key":"SMITH"},{"data":"Flex","floor":25,"key":"SMITH"},{"data":"Limit Break","floor":27,"key":"SMITH"},{"floor":32,"key":"REST"},{"floor":40,"key":"REST"},{"floor":42,"key":"REST"},{"data":"Offering","floor":44,"key":"SMITH"},{"floor":49,"key":"REST"}],"circlet_count":0,"master_deck":["Strike_R+1","Strike_R","Strike_R","Strike_R","Defend_R+1","Defend_R","Defend_R","Defend_R","Bash+1","True Grit+1","Heavy Blade+1","Limit Break+1","Feel No Pain","Power Through","Immolate","Limit Break+1","Feel No Pain","Mayhem+1","Flex+1","Offering+1","Battle Trance","Reaper","Second Wind+1","Pummel","Pain","Armaments+1"],"relics":["Burning Blood","NeowsBlessing","Ancient Tea Set","Bronze Scales","Potion Belt","Pocketwatch","SlaversCollar","Orrery","Bottled Lightning","Eternal Feather","Mango","Cursed Key","Du-Vu Doll","Paper Frog","Red Mask","The Courier"],"acts_visited":["Exordium","TheCity","TheBeyond"],"potions_floor_usage":[13,13,16,18,24,24,24,24,24,24,24,28,33,33,38,39,46,50],"damage_taken":[{"damage":0,"enemies":"Jaw Worm","floor":1,"turns":1},{"damage":0,"enemies":"3 Sentries","floor":7,"turns":1},{"damage":0,"enemies":"2 Louse","floor":12,"turns":1},{"damage":0,"enemies":"Lagavulin","floor":13,"turns":2},{"damage":0,"enemies":"Small Slimes","floor":14,"turns":3},{"damage":5,"enemies":"The Guardian","floor":16,"turns":11},{"damage":12,"enemies":"Spheric Guardian","floor":18,"turns":5},{"damage":12,"enemies":"3 Byrds","floor":22,"turns":3},{"damage":21,"enemies":"Slavers","floor":24,"turns":4},{"damage":23,"enemies":"Book of Stabbing","floor":28,"turns":4},{"damage":18,"enemies":"Centurion and Healer","floor":29,"turns":4},{"damage":32,"enemies":"Shelled Parasite and Fungi","floor":31,"turns":3},{"damage":66,"enemies":"Collector","floor":33,"turns":7},{"damage":64,"enemies":"3 Darklings","floor":35,"turns":8},{"damage":22,"enemies":"Orb Walker","floor":37,"turns":3},{"damage":23,"enemies":"Sphere and 2 Shapes","floor":38,"turns":4},{"damage":48,"enemies":"3 Darklings","floor":39,"turns":4},{"damage":32,"enemies":"Spire Growth","floor":41,"turns":6},{"damage":26,"enemies":"Transient","floor":46,"turns":5},{"damage":24,"enemies":"3 Darklings","floor":47,"turns":4},{"damage":43,"enemies":"Giant Head","floor":48,"turns":8},{"damage":62,"enemies":"Donu and Deca","floor":50,"turns":8}],"seed_played":"7602732103611233689","potions_obtained":[{"floor":1,"key":"SteroidPotion"},{"floor":7,"key":"SteroidPotion"},{"floor":13,"key":"SneckoOil"},{"floor":16,"key":"Strength Potion"},{"floor":21,"key":"Fruit Juice"},{"floor":21,"key":"EntropicBrew"},{"floor":21,"key":"Fire Potion"},{"floor":22,"key":"SpeedPotion"},{"floor":31,"key":"SpeedPotion"},{"floor":33,"key":"Explosive Potion"},{"floor":37,"key":"Block Potion"},{"floor":38,"key":"AttackPotion"},{"floor":39,"key":"ElixirPotion"}],"is_trial":false,"path_per_floor":["M","?","$","?","?","R","E","R","T","R","?","M","E","M","R","B",null,"M","?","$","?","M","R","E","R","T","R","E","M","$","M","R","B",null,"M","$","M","M","M","R","M","R","T","R","?","M","M","E","R","B",null],"character_chosen":"IRONCLAD","items_purchased":["Orrery","Mayhem","Du-Vu Doll"],"campfire_rested":4,"item_purchase_floors":[20,20,36],"current_hp_per_floor":[78,62,62,59,59,59,65,65,65,65,65,71,77,80,80,80,80,74,59,59,59,53,53,55,55,55,67,64,52,52,26,69,9,80,46,46,38,41,7,50,24,67,67,82,82,62,76,39,85,29],"gold":60,"neow_bonus":"THREE_ENEMY_KILL","is_daily":false,"chose_seed":false,"campfire_upgraded":8,"win_rate":0.0,"timestamp":1608681420,"path_taken":["M","?","$","?","?","R","E","R","T","R","?","M","E","M","R","BOSS","M","?","$","?","M","R","E","R","T","R","E","M","$","M","R","BOSS","M","$","M","?","M","R","?","R","T","R","?","M","M","E","R","BOSS"],"items_purchased_type":["Relic","Card","Relic"],"build_version":"2020-12-13","purchased_purges":2,"victory":true,"max_hp_per_floor":[80,80,80,80,80,80,80,80,80,80,80,80,80,80,80,80,80,80,85,85,85,85,85,90,90,90,90,104,104,104,104,104,104,104,104,104,104,104,104,104,104,104,104,104,104,104,104,104,104,104],"card_choices":[{"not_picked":["Sword Boomerang","Clothesline"],"picked":"True Grit","floor":1},{"not_picked":["Metallicize","Fire Breathing"],"picked":"Heavy Blade","floor":7},{"not_picked":["Pommel Strike","Second Wind"],"picked":"Feel No Pain","floor":12},{"not_picked":["Heavy Blade","Shrug It Off"],"picked":"Power Through","floor":13},{"not_picked":["Wild Strike","Pommel Strike","Reckless Charge"],"picked":"SKIP","floor":14},{"not_picked":["Bludgeon","Fiend Fire"],"picked":"Immolate","floor":16},{"not_picked":["Havoc","Dark Embrace","Searing Blow+1"],"picked":"SKIP","floor":18},{"not_picked":["Heavy Blade","Reckless Charge"],"picked":"Limit Break","floor":20},{"not_picked":["Rupture","Iron Wave"],"picked":"Feel No Pain","floor":20},{"not_picked":["Sever Soul+1","True Grit"],"picked":"Flex","floor":22},{"not_picked":["Battle Trance","Pommel Strike","Offering"],"picked":"SKIP","floor":24},{"not_picked":["Battle Trance","Pommel Strike"],"picked":"Offering","floor":24},{"not_picked":["Blood for Blood","Infernal Blade"],"picked":"Battle Trance","floor":28},{"not_picked":["Wild Strike","Clash+1","Clothesline+1"],"picked":"SKIP","floor":29},{"not_picked":["Anger","Shrug It Off","Hemokinesis+1"],"picked":"SKIP","floor":31},{"not_picked":["Feed","Berserk"],"picked":"Reaper","floor":33},{"not_picked":["Havoc","Wild Strike","Uppercut"],"picked":"SKIP","floor":35},{"not_picked":["Perfected Strike","Shockwave"],"picked":"Second Wind+1","floor":37},{"not_picked":["Twin Strike","Ghostly Armor","Shrug It Off+1"],"picked":"SKIP","floor":38},{"not_picked":["Wild Strike","Evolve+1","Battle Trance"],"picked":"SKIP","floor":39},{"not_picked":["Infernal Blade","Iron Wave+1"],"picked":"Pummel","floor":41},{"not_picked":["Infernal Blade+1","Thunderclap"],"picked":"Armaments+1","floor":46},{"not_picked":["Cleave","Fire Breathing+1","Armaments"],"picked":"SKIP","floor":47},{"not_picked":["Perfected Strike+1","Rage","Juggernaut"],"picked":"SKIP","floor":48}],"player_experience":239228,"relics_obtained":[{"floor":7,"key":"Bronze Scales"},{"floor":9,"key":"Potion Belt"},{"floor":13,"key":"Pocketwatch"},{"floor":24,"key":"Bottled Lightning"},{"floor":26,"key":"Eternal Feather"},{"floor":28,"key":"Mango"},{"floor":43,"key":"Paper Frog"},{"floor":48,"key":"The Courier"}],"event_choices":[{"damage_healed":0,"gold_gain":0,"player_choice":"Entered Light","damage_taken":16,"max_hp_gain":0,"max_hp_loss":0,"event_name":"Shining Light","floor":2,"gold_loss":0,"cards_upgraded":["Strike_R","Defend_R"]},{"damage_healed":0,"gold_gain":0,"player_choice":"Success","damage_taken":3,"relics_obtained":["Ancient Tea Set"],"max_hp_gain":0,"max_hp_loss":0,"event_name":"Scrap Ooze","floor":4,"gold_loss":0},{"damage_healed":0,"gold_gain":175,"player_choice":"AGREE","damage_taken":0,"max_hp_gain":0,"max_hp_loss":0,"event_name":"Liars Game","floor":5,"gold_loss":0,"cards_obtained":["Doubt"]},{"damage_healed":0,"gold_gain":0,"player_choice":"1 cards matched","damage_taken":0,"max_hp_gain":0,"max_hp_loss":0,"event_name":"Match and Keep!","floor":11,"gold_loss":0,"cards_obtained":["Limit Break"]},{"damage_healed":0,"gold_gain":0,"player_choice":"Shed Blood","damage_taken":20,"max_hp_gain":5,"max_hp_loss":0,"event_name":"Forgotten Altar","floor":19,"gold_loss":0},{"damage_healed":0,"gold_gain":0,"player_choice":"Bought 3 Potions","damage_taken":0,"max_hp_gain":0,"max_hp_loss":0,"event_name":"The Woman in Blue","floor":21,"gold_loss":0},{"damage_healed":0,"gold_gain":0,"player_choice":"Paid","damage_taken":0,"relics_obtained":["Red Mask"],"max_hp_gain":0,"max_hp_loss":0,"event_name":"Tomb of Lord Red Mask","floor":45,"gold_loss":65}],"is_beta":false,"boss_relics":[{"not_picked":["Philosopher\u0027s Stone","Fusion Hammer"],"picked":"SlaversCollar"},{"not_picked":["Black Blood","Sozu"],"picked":"Cursed Key"}],"items_purged_floors":[20,30],"is_endless":false,"potions_floor_spawned":[1,7,13,16,22,31,33,37,38,39],"ascension_level":9}}