{"host":"hfvpa4llnnjpeawn","time":1608654828,"event":{"mods":["2.2 Compatiblity","AchievementEnabler","Act Like it!","Aspiration","Bard","BaseMod","Beaked The Cultist","Better Sensory Stone","Better Skull","Better Third Choice","BetterRewards","CapriCore","Conspire","Downfall","Elementarium","Energized Spire","Hubris","Infinite Spire","Jorbs\u0027s Wanderer Trilogy","Minty Spire (QoL Compilation)","Replay The Spire","Shade Mod","Spicy Shops","StSLib","The Bladedancer","The Factory","The Gatherer","The Jungle","Waifu the Spire","Wandering Minibosses"],"gold_per_floor":[0,16,36,50,50,150,150,162,9,9,9,41,41,60,79,174,174,174,204,204,10,20,32,32,46,196,129,142,153,171,204,215,313,313,313,327,342,442,210,240,240,165,190,190,115,132,186,37,52,153,153,153,153,168,180,194,194,194,228,228,260,260,260,260],"floor_reached":63,"playtime":3640,"items_purged":["Injury"],"score":1008,"play_id":"801f3bcb-85fe-44d2-a84f-523305e3fb55","local_time":"20201222113348","is_ascension_mode":false,"campfire_choices":[{"data":"sneckomod:TailWhip","floor":1.0,"key":"SMITH"},{"data":"sneckomod:UnknownUncommonPower","floor":13.0,"key":"SMITH"},{"data":"sneckomod:UnknownRarePower","floor":18.0,"key":"SMITH"},{"data":"sneckomod:DiceBoulder","floor":35.0,"key":"SMITH"},{"floor":42.0,"key":"RECALL"},{"data":"Sadistic Nature","floor":45.0,"key":"SMITH"},{"data":"sneckomod:SnekBite","floor":52.0,"key":"SMITH"},{"data":"sneckomod:Unknown1Cost","floor":57.0,"key":"SMITH"},{"data":"hubris:InfiniteBlow","floor":60,"key":"SMITH"},{"data":"hubris:InfiniteBlow+1","floor":62,"key":"SMITH"}],"circlet_count":1,"master_deck":["sneckomod:Strike","sneckomod:Strike","sneckomod:Strike","sneckomod:Defend","sneckomod:Defend","sneckomod:Defend","sneckomod:TailWhip+1","sneckomod:SnekBite+1","sneckomod:Unknown","sneckomod:Unknown","sneckomod:QuickBite+1","sneckomod:UnknownClassGATHERER_LIME","sneckomod:SnakeSap","sneckomod:UnknownCommonSkill","sneckomod:UnknownUncommonPower+1","sneckomod:UnknownStrike+1","sneckomod:UnknownUncommonSkill","sneckomod:UnknownClassGREEN","sneckomod:UnknownClassTHE_CHAMP_GRAY","sneckomod:UnknownRarePower+1","sneckomod:Unknown1Cost+1","sneckomod:UnknownClassCULL_RED_COLOR","sneckomod:UnknownClassINFINITE_BLACK","Sadistic Nature+1","sneckomod:SoulCleanse+1","sneckomod:Nope","sneckomod:Restock","stsjorbsmod:Withering","infinitespire:UltimateForm","hubris:Fate","infinitespire:NeuralNetwork","sneckomod:Nope","sneckomod:UnknownClassGREEN","sneckomod:DiceBoulder+1","sneckomod:SnekBeam","sneckomod:MasterEye+1","sneckomod:UnknownClassBEAKED_YELLOW","sneckomod:Unknown2Cost","sneckomod:UnknownRareSkill","sneckomod:DiceBoulder+1","sneckomod:UnknownClassHEXA_GHOST_PURPLE+1","hubris:InfiniteBlow+2","sneckomod:DiceBlock","infinitespire:Punishment","sneckomod:UnknownCommonAttack+1","champ:MurderStrike","champ:CalledShot","expansioncontent:PolyBeam","Wallop"],"relics":["sneckomod:SneckoSoul","beaked:ShinyBauble","Strawberry","Membership Card","Pear","Mango","hubris:ScarierMask","Elementarium:GoldenMirage","hubris:ToyBattleship","Vajra","Replay:Wax Seal","Bronze Scales","hubris:BlackHole","ReplayTheSpireMod:CursedCoin","aspiration:SeaSaltIceCream","hubris:Backtick","Snack Pack","ClockworkSouvenir","Shuriken","aspiration:RunicSpoon","infinitespire:Golems Mask","Lee\u0027s Waffle","Kunai","ReplayFunnel","HornCleat","downfall:HeartBlessingGreen","sneckomod:LoadedDie","downfall:HeartBlessingRed","Ancient Tea Set","PrismaticShard","HandDrill","energizedSpire:StickyHand","Circlet","Replay:Bottled Flurry"],"acts_visited":["Exordium","Exordium","TheBeyond","Exordium"],"potions_floor_usage":[],"damage_taken":[{"damage":1.0,"enemies":"Cultist","floor":2.0,"turns":4.0},{"damage":0.0,"enemies":"Small Slimes","floor":3.0,"turns":5.0},{"damage":0.0,"enemies":"2 Louse","floor":4.0,"turns":2.0},{"damage":0.0,"enemies":"Large Slime","floor":8.0,"turns":2.0},{"damage":10.0,"enemies":"downfall:FleeingMerchant","floor":9.0,"turns":4.0},{"damage":19.0,"enemies":"Lagavulin","floor":12.0,"turns":6.0},{"damage":3.0,"enemies":"3 Louse","floor":14.0,"turns":2.0},{"damage":15.0,"enemies":"Exordium Wildlife","floor":15.0,"turns":4.0},{"damage":43.0,"enemies":"downfall:Watcher","floor":16.0,"turns":8.0},{"damage":17.0,"enemies":"Elementarium:GOLDEN_STATUES","floor":19.0,"turns":5.0},{"damage":8.0,"enemies":"downfall:FleeingMerchant","floor":21.0,"turns":5.0},{"damage":6.0,"enemies":"Elementarium:2_ELEMENTALS","floor":22.0,"turns":3.0},{"damage":49.0,"enemies":"Elementarium:VoidCorruption","floor":23.0,"turns":11.0},{"damage":24.0,"enemies":"Elementarium:VoidBeast","floor":25.0,"turns":4.0},{"damage":0.0,"enemies":"Elementarium:FIRE_NOBILITY","floor":27.0,"turns":3.0},{"damage":0.0,"enemies":"downfall:FleeingMerchant","floor":28.0,"turns":1.0},{"damage":8.0,"enemies":"Elementarium:CYCLONE_AND_LIVING_STORMCLOUD","floor":29.0,"turns":1.0},{"damage":0.0,"enemies":"Elementarium:VOID_CORRUPTION_AND_ORB_OF_FIRE","floor":30.0,"turns":1.0},{"damage":0.0,"enemies":"Elementarium:WarGolem","floor":31.0,"turns":1.0},{"damage":6.0,"enemies":"Elementarium:STONE_GOLEMS","floor":32.0,"turns":2.0},{"damage":0.0,"enemies":"downfall:Ironclad","floor":33.0,"turns":1.0},{"damage":0.0,"enemies":"Orb Walker","floor":36.0,"turns":1.0},{"damage":9.0,"enemies":"3 Shapes","floor":37.0,"turns":1.0},{"damage":0.0,"enemies":"infinitespire:Three Voidlings","floor":38.0,"turns":1.0},{"damage":111.0,"enemies":"Nightmare_Alpha","floor":38.0,"turns":8.0},{"damage":12.0,"enemies":"Giant Head","floor":40.0,"turns":1.0},{"damage":0.0,"enemies":"Nightmare","floor":43.0,"turns":1.0},{"damage":4.0,"enemies":"Writhing Mass","floor":46.0,"turns":1.0},{"damage":6.0,"enemies":"4 Shapes","floor":49.0,"turns":1.0},{"damage":0.0,"enemies":"downfall:Defect","floor":50.0,"turns":1.0},{"damage":0.0,"enemies":"Small Slimes","floor":54.0,"turns":1.0},{"damage":0.0,"enemies":"Cultist","floor":55.0,"turns":1.0},{"damage":0.0,"enemies":"2 Louse","floor":56.0,"turns":1.0},{"damage":0,"enemies":"3 Sentries","floor":59,"turns":2},{"damage":0,"enemies":"Lagavulin","floor":61,"turns":2},{"damage":0,"enemies":"Lots of Slimes","floor":63,"turns":2}],"seed_played":"-722232351018606649","potions_obtained":[{"floor":3.0,"key":"Adrenaline Potion"},{"floor":4.0,"key":"Dexterity Potion"},{"floor":15.0,"key":"PowerPotion"},{"floor":23.0,"key":"Fruit Juice"},{"floor":25.0,"key":"FearPotion"},{"floor":30.0,"key":"Ancient Potion"},{"floor":31.0,"key":"PowerPotion"},{"floor":33.0,"key":"Milkshake"},{"floor":49.0,"key":"Energy Potion"}],"is_trial":false,"path_per_floor":["R","M","M","M","T","?","T","M","$","?","T","E","R","M","M","B",null,"R","?","?","$","M","M","T","M","AVR","E","$","M","M","E","M","B",null,"R","M","M","?","$","E","T","R","NM","AVR","R","M","?","$","M","B",null,"R","?","M","M","M","R","T","E","R","E","R","M"],"character_chosen":"THE_SNECKO","items_purchased":["Membership Card","sneckomod:UnknownUncommonPower","sneckomod:UnknownStrike+1","Vajra","Replay:Wax Seal","sneckomod:UnknownClassINFINITE_BLACK","Sadistic Nature","sneckomod:SoulCleanse+1","Snack Pack","sneckomod:DiceBoulder","sneckomod:SnekBeam","ClockworkSouvenir","Lee\u0027s Waffle","Kunai","sneckomod:DiceBlock","PrismaticShard","HandDrill"],"campfire_rested":0,"item_purchase_floors":[9,9,9,21,21,21,21,21,28,28,28,28,39,39,39,48,48],"current_hp_per_floor":[108,107,107,108,108,108,115,115,108,108,118,114,114,112,98,56,147,147,131,131,125,119,75,75,51,51,51,52,48,52,57,54,67,159,159,159,157,54,167,165,165,165,168,168,168,168,168,168,166,166,168,168,168,168,168,168,168,168,168,168,168,168,168,168],"gold":260,"neow_bonus":"TWENTY_PERCENT_HP_BONUS","is_daily":false,"chose_seed":false,"campfire_upgraded":9,"win_rate":0.0,"timestamp":1608654828,"path_taken":["R","M","M","M","?","?","T","M","$","?","?","E","R","M","M","BOSS","R","?","?","?","M","M","T","M","AVR","E","$","M","M","E","M","BOSS","R","?","M","?","?","E","T","R","NM","AVR","R","M","?","$","M","BOSS","R","?","M","M","?","R","T","E","R","E","R","M"],"items_purchased_type":["Relic","Card","Card","Relic","Relic","Card","Card","Card","Relic","Card","Card","Relic","Relic","Relic","Card","Relic","Relic"],"build_version":"2020-12-13","purchased_purges":1,"victory":false,"max_hp_per_floor":[108,108,108,109,109,109,116,116,119,119,129,144,144,145,146,147,147,147,148,148,150,150,155,155,155,155,155,156,156,156,157,158,159,159,159,159,160,160,167,167,167,167,168,168,168,168,168,168,168,168,168,168,168,168,168,168,168,168,168,168,168,168,168,168],"card_choices":[{"not_picked":["sneckomod:UnknownBlock","sneckomod:QuickBite","sneckomod:QuickMove"],"picked":"SKIP","floor":2.0},{"not_picked":["sneckomod:UnknownCommonAttack","sneckomod:SoulDraw"],"picked":"sneckomod:QuickBite","floor":3.0},{"not_picked":["sneckomod:DiceCrush","sneckomod:QuickBite"],"picked":"sneckomod:UnknownClassGATHERER_LIME","floor":4.0},{"not_picked":["sneckomod:SoulDraw","sneckomod:UnknownClassPURPLE"],"picked":"sneckomod:SnakeSap","floor":8.0},{"not_picked":["sneckomod:Nope","sneckomod:DiceCrush"],"picked":"sneckomod:UnknownCommonSkill","floor":9.0},{"not_picked":["sneckomod:UnknownCommonAttack","sneckomod:SoulDraw"],"picked":"sneckomod:UnknownUncommonSkill","floor":12.0},{"not_picked":["sneckomod:SoulDraw","sneckomod:QuickBite"],"picked":"sneckomod:UnknownClassGREEN","floor":14.0},{"not_picked":["sneckomod:UnknownCommonAttack","sneckomod:QuickBite"],"picked":"sneckomod:UnknownClassTHE_CHAMP_GRAY","floor":15.0},{"not_picked":["sneckomod:MorePower","sneckomod:Cheat"],"picked":"sneckomod:UnknownRarePower","floor":16.0},{"not_picked":["sneckomod:QuickBite","sneckomod:UnknownBlock"],"picked":"sneckomod:Unknown1Cost","floor":19.0},{"not_picked":["sneckomod:IronFang","sneckomod:ImprovisedGuard"],"picked":"sneckomod:UnknownClassCULL_RED_COLOR","floor":21.0},{"not_picked":["sneckomod:UnknownVulnerable","sneckomod:DiceBlock"],"picked":"sneckomod:Nope","floor":22.0},{"not_picked":["sneckomod:SoulRoll","sneckomod:RainOfDice","sneckomod:UnknownCommonSkill"],"picked":"SKIP","floor":23.0},{"not_picked":["sneckomod:UnknownCommonAttack","sneckomod:UnknownCommonSkill"],"picked":"sneckomod:Restock","floor":25.0},{"not_picked":["sneckomod:UnknownBlock","sneckomod:DefensiveFlair"],"picked":"sneckomod:Nope","floor":27.0},{"not_picked":["sneckomod:SoulDraw","sneckomod:SoulExchange"],"picked":"sneckomod:UnknownClassGREEN","floor":28.0},{"not_picked":["sneckomod:ImprovisedAttack","sneckomod:Nope"],"picked":"sneckomod:MasterEye+1","floor":29.0},{"not_picked":["sneckomod:UnknownWeak","sneckomod:UnknownClassSHADE_COLOR","sneckomod:UnknownClassSLIMEBOUND"],"picked":"SKIP","floor":30.0},{"not_picked":["sneckomod:DiceBlock","sneckomod:QuickBite"],"picked":"sneckomod:UnknownClassBEAKED_YELLOW","floor":31.0},{"not_picked":["sneckomod:MasterEye","sneckomod:IronFang"],"picked":"sneckomod:Unknown2Cost","floor":32.0},{"not_picked":["sneckomod:Restock","sneckomod:DangerNoodle"],"picked":"sneckomod:UnknownRareSkill","floor":33.0},{"not_picked":["sneckomod:PureSnecko","sneckomod:UnknownUncommonPower"],"picked":"sneckomod:DiceBoulder+1","floor":36.0},{"not_picked":["sneckomod:Unknown1Cost","sneckomod:UnknownClassGREEN"],"picked":"sneckomod:UnknownClassHEXA_GHOST_PURPLE+1","floor":37.0},{"not_picked":["infinitespire:FutureSight","infinitespire:Starlight"],"picked":"hubris:InfiniteBlow","floor":38.0},{"not_picked":["sneckomod:MasterEye+1","sneckomod:UnknownExhaust","sneckomod:TrashToTreasure+1"],"picked":"SKIP","floor":40.0},{"not_picked":["ReplayTheSpireMod:Echoes of Time","infinitespire:UltimateForm"],"picked":"infinitespire:Punishment","floor":43.0},{"not_picked":["sneckomod:SnakeSap","sneckomod:UnknownBlock"],"picked":"sneckomod:UnknownCommonAttack+1","floor":43.0},{"not_picked":["sneckomod:SoulCleanse+1","sneckomod:UnknownClassINFINITE_BLACK","sneckomod:RainOfDice+1"],"picked":"SKIP","floor":46.0},{"not_picked":["bard:DervishDance+1","blademaster:Discharge+1","beaked:Foresight+1"],"picked":"SKIP","floor":49.0},{"not_picked":["Amplify","champ:HeavySlash"],"picked":"champ:MurderStrike","floor":50.0},{"not_picked":["stsjorbsmod:MagicMirror","Shade:Frenzy","Shade:FuneraryArmor"],"picked":"SKIP","floor":54.0},{"not_picked":["champ:CalledShot","Wallop"],"picked":"expansioncontent:PolyBeam","floor":55.0},{"not_picked":["Slimebound:ComboTackle","Gatherer:TacticalStrike","Halt"],"picked":"SKIP","floor":56.0},{"not_picked":["Guardian:RollAttack","Slimebound:SamplingLick","hexamod:Firestarter"],"picked":"SKIP","floor":59},{"not_picked":["stsjorbsmod:ArcaneWeapon","Guardian:Gem_White","stsjorbsmod:Channel"],"picked":"SKIP","floor":61}],"player_experience":317537,"relics_obtained":[{"floor":5.0,"key":"beaked:ShinyBauble"},{"floor":7.0,"key":"Strawberry"},{"floor":11.0,"key":"Pear"},{"floor":12.0,"key":"Mango"},{"floor":19.0,"key":"Elementarium:GoldenMirage"},{"floor":24.0,"key":"Bronze Scales"},{"floor":27.0,"key":"aspiration:SeaSaltIceCream"},{"floor":31.0,"key":"Shuriken"},{"floor":38.0,"key":"infinitespire:Golems Mask"},{"floor":40.0,"key":"ReplayFunnel"},{"floor":41.0,"key":"HornCleat"},{"floor":43.0,"key":"sneckomod:LoadedDie"},{"floor":47.0,"key":"Ancient Tea Set"},{"floor":58.0,"key":"Replay:Bottled Flurry"}],"event_choices":[{"damage_healed":0.0,"max_hp_gain":0.0,"max_hp_loss":0.0,"gold_gain":0.0,"event_name":"Elementarium:GoldenStatues","player_choice":"Fight","floor":19.0,"gold_loss":0.0,"damage_taken":0.0},{"damage_healed":0.0,"max_hp_gain":0.0,"max_hp_loss":0.0,"gold_gain":0.0,"event_name":"Elementarium:TarCoveredCasket","player_choice":"Open","floor":20.0,"gold_loss":0.0,"damage_taken":0.0,"relics_obtained":["hubris:ToyBattleship"],"cards_obtained":["Elementarium:StickyTar"]},{"damage_healed":0.0,"max_hp_gain":0.0,"max_hp_loss":0.0,"gold_gain":0.0,"event_name":"Upgrade Shrine","player_choice":"Upgraded","floor":53.0,"gold_loss":0.0,"damage_taken":0.0,"cards_upgraded":["sneckomod:QuickBite"]}],"is_beta":false,"boss_relics":[{"not_picked":["conspire:SlowCooker","energizedSpire:RedRose"],"picked":"hubris:ScarierMask"},{"not_picked":["Painkiller Herb","Fusion Hammer"],"picked":"aspiration:RunicSpoon"},{"not_picked":["Empty Cage","energizedSpire:OgreHead"],"picked":"energizedSpire:StickyHand"}],"items_purged_floors":[26],"is_endless":true,"potions_floor_spawned":[3,4,15,23,25,30,31,33,38,49,50,55,59,61],"killed_by":"Lots of Slimes","ascension_level":0}}