{"host":"agbyy69nq62afhwx","time":1608602081,"event":{"mods":["BaseMod","Colored Map","Highlight Path","Keyboard Shortcuts","Minty Spire (QoL Compilation)","Quick Restart","StSLib","SuperFastMode","everything is the same but u backflip on backflip"],"gold_per_floor":[119,129,142,142,142,177,177,220,245,270,54,80,80,98,98,209,209,224,149,159,69,81,81,117,138,164,182,282,282,282,32,32,146,146,172,182,198,198,215,215,258,258,285,145,164,39,39,52,52,52],"floor_reached":51,"playtime":1683,"items_purged":["Defend_P","Strike_P","Strike_P"],"score":995,"play_id":"19318abc-794d-43cb-8b1f-0246a456c1e9","local_time":"20201222105441","is_ascension_mode":true,"campfire_choices":[{"data":"Eruption","floor":7.0,"key":"SMITH"},{"data":"Adaptation","floor":13.0,"key":"SMITH"},{"data":"DeusExMachina","floor":15.0,"key":"SMITH"},{"data":"BattleHymn","floor":23,"key":"SMITH"},{"floor":30,"key":"REST"},{"data":"Ragnarok","floor":32,"key":"SMITH"},{"data":"ForeignInfluence","floor":40,"key":"SMITH"},{"data":"SpiritShield","floor":42,"key":"SMITH"},{"data":"MentalFortress","floor":47,"key":"SMITH"},{"data":"Flash of Steel","floor":49,"key":"SMITH"}],"circlet_count":0,"master_deck":["Strike_P+1","Eruption+1","Vigilance","FlurryOfBlows+1","BattleHymn+1","FollowUp","DeusExMachina+1","Adaptation+1","Ragnarok+1","ForeignInfluence+1","SashWhip+1","Vengeance","ReachHeaven+1","Vault+1","Halt+1","SpiritShield+1","MentalFortress+1","Flash of Steel+1"],"relics":["PureWater","Art of War","CeramicFish","TeardropLocket","Regal Pillow","Singing Bowl","Lee\u0027s Waffle","Shuriken","Runic Pyramid","Omamori","Centennial Puzzle","Ice Cream","Nloth\u0027s Gift","Bag of Preparation","Cursed Key","Whetstone","Happy Flower"],"acts_visited":["Exordium","TheCity","TheBeyond"],"potions_floor_usage":[25],"damage_taken":[{"damage":0.0,"enemies":"2 Louse","floor":1.0,"turns":3.0},{"damage":0.0,"enemies":"Jaw Worm","floor":2.0,"turns":2.0},{"damage":0.0,"enemies":"Cultist","floor":3.0,"turns":2.0},{"damage":21.0,"enemies":"3 Sentries","floor":6.0,"turns":5.0},{"damage":27.0,"enemies":"Gremlin Nob","floor":8.0,"turns":3.0},{"damage":8.0,"enemies":"Lagavulin","floor":10.0,"turns":6.0},{"damage":31.0,"enemies":"3 Sentries","floor":12.0,"turns":5.0},{"damage":4.0,"enemies":"Lots of Slimes","floor":14.0,"turns":4.0},{"damage":42,"enemies":"The Guardian","floor":16,"turns":6},{"damage":0,"enemies":"Chosen","floor":18,"turns":3},{"damage":26,"enemies":"2 Thieves","floor":20,"turns":3},{"damage":10,"enemies":"Shelled Parasite and Fungi","floor":22,"turns":2},{"damage":0,"enemies":"Gremlin Leader","floor":24,"turns":3},{"damage":10,"enemies":"Sentry and Sphere","floor":25,"turns":3},{"damage":27,"enemies":"Colosseum Slavers","floor":28,"turns":2},{"damage":7,"enemies":"Colosseum Nobs","floor":28,"turns":3},{"damage":5,"enemies":"Collector","floor":33,"turns":5},{"damage":2,"enemies":"Orb Walker","floor":35,"turns":2},{"damage":8,"enemies":"3 Shapes","floor":36,"turns":4},{"damage":0,"enemies":"Spire Growth","floor":37,"turns":2},{"damage":0,"enemies":"Writhing Mass","floor":39,"turns":3},{"damage":0,"enemies":"Giant Head","floor":41,"turns":4},{"damage":0,"enemies":"3 Darklings","floor":45,"turns":2},{"damage":5,"enemies":"Maw","floor":48,"turns":4},{"damage":22,"enemies":"Awakened One","floor":50,"turns":6}],"seed_played":"-8160426110264062453","potions_obtained":[{"floor":3.0,"key":"CultistPotion"},{"floor":6.0,"key":"Ambrosia"},{"floor":10.0,"key":"BlessingOfTheForge"},{"floor":12.0,"key":"EssenceOfSteel"},{"floor":25,"key":"Fruit Juice"},{"floor":39,"key":"GamblersBrew"}],"is_trial":false,"path_per_floor":["M","M","M","?","?","E","R","E","T","E","$","E","R","M","R","B",null,"M","$","M","?","M","R","E","M","T","?","?","?","R","$","R","B",null,"M","M","M","?","M","R","E","R","T","$","M","$","R","M","R","B",null],"character_chosen":"WATCHER","items_purchased":["Adaptation","Lee\u0027s Waffle","Bag of Preparation","MentalFortress","Flash of Steel"],"campfire_rested":1,"item_purchase_floors":[11,11,31,44,44],"current_hp_per_floor":[79,79,79,72,65,44,44,17,17,11,88,59,59,57,57,15,92,94,94,70,70,62,62,62,57,57,57,35,35,84,84,84,79,115,113,107,109,109,111,111,111,111,111,111,113,113,113,110,110,88],"gold":52,"neow_bonus":"TEN_PERCENT_HP_BONUS","is_daily":false,"chose_seed":false,"campfire_upgraded":9,"win_rate":0.0,"timestamp":1608602081,"path_taken":["M","M","M","?","?","E","R","E","T","E","?","E","R","M","R","BOSS","M","$","M","?","?","R","E","?","T","?","?","?","R","$","R","BOSS","M","M","M","?","M","R","E","R","T","?","M","$","R","?","R","BOSS"],"items_purchased_type":["Card","Relic","Relic","Card","Card"],"build_version":"2020-12-13","purchased_purges":3,"victory":true,"max_hp_per_floor":[79,79,79,79,79,79,79,79,79,81,88,90,90,92,92,92,92,94,94,96,96,98,98,98,103,103,103,115,115,115,115,115,115,115,115,117,119,119,121,121,121,121,121,121,123,123,123,125,125,125],"card_choices":[{"not_picked":["Evaluate","EmptyBody"],"picked":"FlurryOfBlows","floor":1.0},{"not_picked":["Indignation","Weave"],"picked":"BattleHymn","floor":2.0},{"not_picked":["CutThroughFate","Fasting2","CarveReality"],"picked":"SKIP","floor":3.0},{"not_picked":["ThirdEye","SignatureMove"],"picked":"FollowUp","floor":6.0},{"not_picked":["Crescendo","BattleHymn"],"picked":"DeusExMachina","floor":8.0},{"not_picked":["ThirdEye","Perseverance","ClearTheMind"],"picked":"Singing Bowl","floor":10.0},{"not_picked":["FlurryOfBlows","SandsOfTime","Protect"],"picked":"Singing Bowl","floor":12.0},{"not_picked":["WreathOfFlame","FollowUp","SandsOfTime"],"picked":"Singing Bowl","floor":14.0},{"not_picked":["ConjureBlade","Omniscience"],"picked":"Ragnarok","floor":16},{"not_picked":["Prostrate","ThirdEye","BowlingBash"],"picked":"Singing Bowl","floor":18},{"not_picked":["Indignation","JustLucky+1","SandsOfTime+1"],"picked":"Singing Bowl","floor":20},{"not_picked":["WindmillStrike","Pray","ClearTheMind"],"picked":"Singing Bowl","floor":22},{"not_picked":["Judgement","FlyingSleeves"],"picked":"ForeignInfluence","floor":24},{"not_picked":["Evaluate","Crescendo"],"picked":"SashWhip+1","floor":25},{"not_picked":["Evaluate","Nirvana","Pray+1"],"picked":"Singing Bowl","floor":28},{"not_picked":["ConjureBlade","Blasphemy"],"picked":"Vault","floor":33},{"not_picked":["Consecrate","FollowUp"],"picked":"Halt+1","floor":35},{"not_picked":["CutThroughFate","Halt","WreathOfFlame+1"],"picked":"Singing Bowl","floor":36},{"not_picked":["CutThroughFate","FlurryOfBlows+1","Indignation"],"picked":"Singing Bowl","floor":37},{"not_picked":["DeusExMachina","Crescendo","JustLucky+1"],"picked":"Singing Bowl","floor":39},{"not_picked":["EmptyBody+1","Prostrate"],"picked":"SpiritShield","floor":41},{"not_picked":["CutThroughFate","Crescendo","JustLucky+1"],"picked":"Singing Bowl","floor":45},{"not_picked":["Sanctity+1","Study","EmptyFist"],"picked":"Singing Bowl","floor":48}],"player_experience":351402,"relics_obtained":[{"floor":6.0,"key":"CeramicFish"},{"floor":8.0,"key":"TeardropLocket"},{"floor":9.0,"key":"Regal Pillow"},{"floor":10.0,"key":"Singing Bowl"},{"floor":12.0,"key":"Shuriken"},{"floor":24,"key":"Omamori"},{"floor":26,"key":"Centennial Puzzle"},{"floor":28,"key":"Ice Cream"},{"floor":28,"key":"Pear"},{"floor":41,"key":"Whetstone"},{"floor":43,"key":"Happy Flower"}],"event_choices":[{"cards_removed":["Strike_P"],"damage_healed":0.0,"max_hp_gain":0.0,"max_hp_loss":0.0,"gold_gain":0.0,"event_name":"Golden Wing","player_choice":"Card Removal","floor":4.0,"gold_loss":0.0,"damage_taken":7.0},{"damage_healed":0.0,"max_hp_gain":0.0,"max_hp_loss":0.0,"gold_gain":0.0,"event_name":"Scrap Ooze","player_choice":"Success","floor":5.0,"gold_loss":0.0,"damage_taken":7.0,"relics_obtained":["Art of War"]},{"cards_removed":["Defend_P"],"damage_healed":0,"gold_gain":0,"player_choice":"Upgrade and Remove","damage_taken":0,"max_hp_gain":0,"max_hp_loss":0,"event_name":"Designer","floor":21,"gold_loss":90,"cards_upgraded":["FlurryOfBlows"]},{"damage_healed":0,"gold_gain":0,"cards_transformed":["Defend_P","Defend_P"],"player_choice":"Became Test Subject","damage_taken":0,"max_hp_gain":0,"max_hp_loss":0,"event_name":"Drug Dealer","floor":27,"gold_loss":0,"cards_obtained":["Vengeance","ReachHeaven"]},{"damage_healed":0,"gold_gain":0,"player_choice":"Fight","damage_taken":0,"max_hp_gain":0,"max_hp_loss":0,"event_name":"Colosseum","floor":28,"gold_loss":0},{"damage_healed":0,"gold_gain":0,"player_choice":"Fought Nobs","damage_taken":0,"max_hp_gain":0,"max_hp_loss":0,"event_name":"Colosseum","floor":28,"gold_loss":0},{"damage_healed":0,"gold_gain":0,"player_choice":"Traded Relic","damage_taken":0,"relics_obtained":["Nloth\u0027s Gift"],"max_hp_gain":0,"max_hp_loss":0,"event_name":"N\u0027loth","floor":29,"relics_lost":["Pear"],"gold_loss":0},{"damage_healed":0,"gold_gain":0,"player_choice":"Upgraded","damage_taken":0,"max_hp_gain":0,"max_hp_loss":0,"event_name":"Upgrade Shrine","floor":38,"gold_loss":0,"cards_upgraded":["Vault"]}],"is_beta":false,"boss_relics":[{"not_picked":["Black Star","Runic Dome"],"picked":"Runic Pyramid"},{"not_picked":["Fusion Hammer","Philosopher\u0027s Stone"],"picked":"Cursed Key"}],"items_purged_floors":[19,31,46],"is_endless":false,"potions_floor_spawned":[3,6,10,12,14,20,22,24,25,39,41],"ascension_level":2}}