{"host":"zig6x0mxqzam82fb","time":1608605395,"event":{"mods":["BaseMod","Block Reminder","Colored Map","Colored Powertips","Minty Spire (QoL Compilation)","Relic Stats"],"gold_per_floor":[369,70,87,38,38,68,68,97,97,97,122,72,36,56,56,161,161,173,12,31,49,59,92,92,118,118,118,118],"floor_reached":27,"playtime":1333,"items_purged":[],"score":382,"play_id":"dda93db9-2a16-4b7b-9524-9ee01f36e012","local_time":"20201221214955","is_ascension_mode":true,"campfire_choices":[{"data":"Chill","floor":7,"key":"SMITH"},{"data":"Fusion","floor":10,"key":"SMITH"},{"floor":15,"key":"REST"},{"floor":24,"key":"REST"}],"circlet_count":0,"master_deck":["Strike_B","Strike_B","Strike_B","Defend_B","Defend_B","Defend_B","Defend_B","Zap","Dualcast","Compile Driver","Ball Lightning","Flash of Steel","Auto Shields","Chill+1","Fusion+1","Sweeping Beam","Chaos","Leap","Biased Cognition","Ball Lightning","Genetic Algorithm","Trip","Reprogram","Cold Snap","Lockon","Stack+1","Doom and Gloom"],"relics":["FrozenCore","Toolbox","Bottled Flame","DataDisk","Letter Opener","Blood Vial","Akabeko","Symbiotic Virus","Mercury Hourglass"],"acts_visited":["Exordium","TheCity"],"potions_floor_usage":[6,14,23,23,25],"damage_taken":[{"damage":7,"enemies":"Small Slimes","floor":1,"turns":2},{"damage":0,"enemies":"2 Louse","floor":3,"turns":2},{"damage":5,"enemies":"Lagavulin","floor":6,"turns":3},{"damage":11,"enemies":"Gremlin Nob","floor":8,"turns":3},{"damage":0,"enemies":"3 Sentries","floor":11,"turns":4},{"damage":0,"enemies":"Jaw Worm","floor":14,"turns":1},{"damage":39,"enemies":"The Guardian","floor":16,"turns":9},{"damage":10,"enemies":"Spheric Guardian","floor":18,"turns":4},{"damage":6,"enemies":"Chosen","floor":20,"turns":4},{"damage":33,"enemies":"Snecko","floor":21,"turns":8},{"damage":2,"enemies":"Shelled Parasite and Fungi","floor":22,"turns":5},{"damage":15,"enemies":"Book of Stabbing","floor":23,"turns":6},{"damage":32,"enemies":"Slavers","floor":25,"turns":6},{"damage":8,"enemies":"Centurion and Healer","floor":27,"turns":1}],"seed_played":"2251425146782073823","potions_obtained":[{"floor":1,"key":"ColorlessPotion"},{"floor":11,"key":"Energy Potion"},{"floor":21,"key":"Ancient Potion"},{"floor":23,"key":"Fire Potion"}],"is_trial":false,"path_per_floor":["M","$","M","$","?","E","R","E","T","R","E","?","$","M","R","B",null,"M","$","M","M","M","E","R","E","T","M"],"character_chosen":"DEFECT","items_purchased":["Toolbox","Ball Lightning","Flash of Steel","BlessingOfTheForge","Chaos","Genetic Algorithm","Trip"],"campfire_rested":2,"item_purchase_floors":[2,2,2,4,13,19,19],"current_hp_per_floor":[43,43,43,43,68,63,63,52,52,52,52,52,52,54,75,36,65,57,57,53,22,22,9,31,1,1,0,0],"gold":118,"neow_bonus":"TWO_FIFTY_GOLD","is_daily":false,"chose_seed":false,"campfire_upgraded":2,"win_rate":0.0,"timestamp":1608605395,"path_taken":["M","$","M","$","?","E","R","E","T","R","E","?","?","?","R","BOSS","M","$","M","M","?","E","R","E","T","M"],"items_purchased_type":["Relic","Card","Card","Potion","Card","Card","Card"],"build_version":"2020-12-13","purchased_purges":0,"victory":false,"max_hp_per_floor":[75,75,75,75,75,75,75,75,75,75,75,75,75,75,75,75,75,75,75,75,75,75,75,75,75,75,75,75],"relic_stats":{"Blood Vial":16,"counters":[14,58],"Letter Opener":[113],"obtain_stats":[{"Blood Vial":11,"Bottled Flame":6,"DataDisk":8,"Toolbox":2,"Letter Opener":9,"Cracked Core":0,"Symbiotic Virus":25,"Akabeko":23,"FrozenCore":17,"Mercury Hourglass":26},{"Blood Vial":5,"Bottled Flame":3,"DataDisk":4,"Toolbox":1,"Letter Opener":4,"Cracked Core":0,"Symbiotic Virus":13,"Akabeko":12,"FrozenCore":7,"Mercury Hourglass":13},{"Blood Vial":14,"Bottled Flame":7,"DataDisk":10,"Toolbox":2,"Letter Opener":10,"Cracked Core":0,"Symbiotic Virus":57,"Akabeko":51,"FrozenCore":24,"Mercury Hourglass":57}],"FrozenCore":[9],"Mercury Hourglass":[6]},"card_choices":[{"not_picked":["Self Repair","Stack"],"picked":"Compile Driver","floor":1},{"not_picked":["Compile Driver","Consume"],"picked":"Auto Shields","floor":3},{"not_picked":["Barrage","Auto Shields"],"picked":"Chill","floor":6},{"not_picked":["Self Repair","Beam Cell"],"picked":"Fusion","floor":8},{"not_picked":["Beam Cell","Steam"],"picked":"Sweeping Beam","floor":11},{"not_picked":["Hologram","Chill"],"picked":"Leap","floor":14},{"not_picked":["Amplify","Machine Learning"],"picked":"Biased Cognition","floor":16},{"not_picked":["Leap","Cold Snap+1"],"picked":"Ball Lightning","floor":18},{"not_picked":["Auto Shields+1","Rebound"],"picked":"Reprogram","floor":20},{"not_picked":["Steam+1","Barrage"],"picked":"Cold Snap","floor":21},{"not_picked":["Cold Snap","Undo+1"],"picked":"Lockon","floor":22},{"not_picked":["Force Field","Redo"],"picked":"Stack+1","floor":23},{"not_picked":["Aggregate","Rip and Tear"],"picked":"Doom and Gloom","floor":25}],"player_experience":296397,"relics_obtained":[{"floor":6,"key":"Bottled Flame"},{"floor":8,"key":"DataDisk"},{"floor":9,"key":"Letter Opener"},{"floor":11,"key":"Blood Vial"},{"floor":23,"key":"Akabeko"},{"floor":25,"key":"Symbiotic Virus"},{"floor":26,"key":"Mercury Hourglass"}],"event_choices":[{"damage_healed":25,"gold_gain":0,"player_choice":"Banana","damage_taken":0,"max_hp_gain":0,"max_hp_loss":0,"event_name":"Big Fish","floor":5,"gold_loss":0},{"cards_removed":["Strike_B"],"damage_healed":0,"gold_gain":0,"player_choice":"Card Removal","damage_taken":0,"max_hp_gain":0,"max_hp_loss":0,"event_name":"The Cleric","floor":12,"gold_loss":50}],"is_beta":false,"boss_relics":[{"not_picked":["Tiny House","Philosopher\u0027s Stone"],"picked":"FrozenCore"}],"items_purged_floors":[],"is_endless":false,"potions_floor_spawned":[1,11,21,23],"killed_by":"Centurion and Healer","ascension_level":6}}