{"host":"2461dio7vetlq1z3","time":1608609439,"event":{"mods":["2.2 Compatiblity","AchievementEnabler","BaseMod","Better Third Choice","Hermit","Minty Spire (QoL Compilation)","Relic Stats","Spicy Shops","StSLib","The Runesmith","Waifu the Spire"],"gold_per_floor":[118,135,135,154,166,166,195,195,195,129,154,180,180,219,219,219,219],"floor_reached":16,"playtime":449,"items_purged":[],"score":236,"play_id":"5c6ac23a-4bc7-4e6e-8240-5635e3a1e512","local_time":"20201222045719","is_ascension_mode":true,"campfire_choices":[{"data":"Whirlwind","floor":6,"key":"SMITH"},{"floor":8,"key":"REST"},{"floor":15,"key":"REST"}],"circlet_count":0,"master_deck":["AscendersBane","Strike_R","Strike_R","Strike_R","Strike_R","Defend_R","Defend_R","Defend_R","Defend_R","Bash","Anger","Shrug It Off","Hemokinesis","Rupture","Whirlwind+1","Clothesline","Sever Soul","Shockwave"],"relics":["Burning Blood","TungstenRod","Runesmith:Locket","Juzu Bracelet","Mercury Hourglass","Golden Idol","Regal Pillow"],"acts_visited":["Exordium"],"potions_floor_usage":[14,16],"damage_taken":[{"damage":7,"enemies":"2 Louse","floor":1,"turns":5},{"damage":7,"enemies":"Jaw Worm","floor":2,"turns":6},{"damage":3,"enemies":"Small Slimes","floor":4,"turns":5},{"damage":13,"enemies":"2 Fungi Beasts","floor":5,"turns":3},{"damage":56,"enemies":"Gremlin Nob","floor":7,"turns":5},{"damage":31,"enemies":"Lagavulin","floor":12,"turns":6},{"damage":4,"enemies":"Gremlin Nob","floor":14,"turns":3},{"damage":59,"enemies":"Hexaghost","floor":16,"turns":9}],"seed_played":"-3728960958533317345","potions_obtained":[{"floor":12,"key":"EssenceOfSteel"},{"floor":14,"key":"BloodPotion"}],"is_trial":false,"path_per_floor":["M","M","?","M","M","R","E","R","T","?","T","E","?","E","R","B"],"character_chosen":"IRONCLAD","items_purchased":[],"campfire_rested":2,"item_purchase_floors":[],"current_hp_per_floor":[67,66,66,69,62,62,12,34,34,34,34,9,9,11,46,0,0],"gold":219,"neow_bonus":"THREE_CARDS","is_daily":false,"chose_seed":false,"campfire_upgraded":1,"win_rate":0.0,"timestamp":1608609439,"path_taken":["M","M","?","M","M","R","E","R","T","?","?","E","?","E","R","BOSS"],"items_purchased_type":[],"build_version":"2020-12-13","purchased_purges":0,"victory":false,"max_hp_per_floor":[75,75,75,75,75,75,75,75,75,75,75,75,68,68,68,68,68],"relic_stats":{"Regal Pillow":15,"counters":[8,42],"Golden Idol":8,"Juzu Bracelet":0,"obtain_stats":[{"Regal Pillow":14,"Golden Idol":13,"Runesmith:Locket":9,"Juzu Bracelet":11,"Burning Blood":0,"TungstenRod":7,"Mercury Hourglass":12},{"Regal Pillow":7,"Golden Idol":6,"Runesmith:Locket":5,"Juzu Bracelet":5,"Burning Blood":0,"TungstenRod":5,"Mercury Hourglass":6},{"Regal Pillow":33,"Golden Idol":30,"Runesmith:Locket":24,"Juzu Bracelet":24,"Burning Blood":0,"TungstenRod":24,"Mercury Hourglass":30}],"Burning Blood":42,"TungstenRod":24,"Mercury Hourglass":[33]},"card_choices":[{"not_picked":["Warcry","Body Slam"],"picked":"Anger","floor":0},{"not_picked":["Sword Boomerang","Flex"],"picked":"Shrug It Off","floor":1},{"not_picked":["Anger","Bloodletting"],"picked":"Hemokinesis","floor":2},{"not_picked":["Sword Boomerang","Rage"],"picked":"Rupture","floor":4},{"not_picked":["True Grit","Dark Embrace"],"picked":"Whirlwind","floor":5},{"not_picked":["Armaments","Headbutt"],"picked":"Clothesline","floor":7},{"not_picked":["Body Slam","Armaments"],"picked":"Sever Soul","floor":12},{"not_picked":["Iron Wave","True Grit"],"picked":"Shockwave","floor":14}],"player_experience":843869,"relics_obtained":[{"floor":7,"key":"TungstenRod"},{"floor":9,"key":"Runesmith:Locket"},{"floor":11,"key":"Juzu Bracelet"},{"floor":12,"key":"Mercury Hourglass"},{"floor":14,"key":"Regal Pillow"}],"event_choices":[{"cards_removed":["Strike_R"],"damage_healed":0,"gold_gain":0,"player_choice":"Forget","damage_taken":0,"max_hp_gain":0,"max_hp_loss":0,"event_name":"Living Wall","floor":3,"gold_loss":0},{"damage_healed":0,"gold_gain":0,"player_choice":"Left","damage_taken":0,"max_hp_gain":0,"max_hp_loss":0,"event_name":"betterThird:BetterGoop","floor":10,"gold_loss":66},{"damage_healed":0,"gold_gain":0,"player_choice":"Lose Max HP","damage_taken":0,"relics_obtained":["Golden Idol"],"max_hp_gain":0,"max_hp_loss":7,"event_name":"Golden Idol","floor":13,"gold_loss":0}],"is_beta":false,"boss_relics":[],"items_purged_floors":[],"is_endless":false,"potions_floor_spawned":[12,14],"killed_by":"Hexaghost","ascension_level":20}}