{"host":"8o45mh5p3pp1o2mi","time":1608665248,"event":{"mods":["BaseMod","Better Match","Better Third Choice","BetterRewards","Minty Spire (QoL Compilation)","Rare Cards Sparkle","Relic Stats","Replay The Spire","Shop Mod","StSLib","everything is the same but u backflip on backflip"],"gold_per_floor":[116,127,45,64,64,96,114,145,145,179,179,233,264,154,154,249,249,261,66,66,66,85,85,111,111,135,153,184,194,223,223,223,223,223],"floor_reached":33,"playtime":2049,"items_purged":["Parasite","Strike_G"],"score":383,"play_id":"e53d841b-35cb-49ce-8b13-9026a5b39009","local_time":"20201222192728","is_ascension_mode":true,"campfire_choices":[{"floor":15.0,"key":"REST"},{"data":"Glass Knife","floor":23.0,"key":"SMITH"},{"data":"Leg Sweep","floor":25.0,"key":"SMITH"},{"floor":32,"key":"REST"}],"circlet_count":0,"master_deck":["Strike_G","Strike_G","Strike_G+1","Defend_G","Defend_G","Defend_G","Defend_G","Survivor","Neutralize","Deadly Poison","Backstab","Leg Sweep+1","Dodge and Roll","Glass Knife+1","Deadly Poison+1","Poisoned Stab","PiercingWail+1","Well Laid Plans","Well Laid Plans","Night Terror+1","AbeCurse","CommonCold","Shame","Backflip+1","Distraction+1","Footwork","Toxin Wave+1","Corpse Explosion+1"],"relics":["Ring of the Snake","Replay:Wax Seal","Toxic Egg 2","Ornamental Fan","Replay:Bottled Flurry","Smiling Mask","ReplayFunnel","Darkstone Periapt","Abe\u0027s Treasure","TwistedFunnel","Ring of Hypnosis","Blood Vial","ReplayTheSpireMod:TigerMarble","Gremlin Food","Potion Belt","Bottled Lightning"],"acts_visited":["Exordium","TheCity"],"potions_floor_usage":[33],"damage_taken":[{"damage":3.0,"enemies":"Jaw Worm","floor":1.0,"turns":7.0},{"damage":0.0,"enemies":"Cultist","floor":2.0,"turns":3.0},{"damage":0.0,"enemies":"Small Slimes","floor":4.0,"turns":3.0},{"damage":16.0,"enemies":"Replay:BlueRogue","floor":6.0,"turns":7.0},{"damage":3.0,"enemies":"Blue Slaver","floor":7.0,"turns":4.0},{"damage":16.0,"enemies":"Gremlin Nob","floor":8.0,"turns":4.0},{"damage":1.0,"enemies":"Replay:BlueRogue","floor":10.0,"turns":5.0},{"damage":5.0,"enemies":"3 Sentries","floor":13.0,"turns":7.0},{"damage":19.0,"enemies":"Hexaghost","floor":16.0,"turns":9.0},{"damage":13.0,"enemies":"3 Byrds","floor":18.0,"turns":6.0},{"damage":14.0,"enemies":"2 Thieves","floor":22.0,"turns":5.0},{"damage":0.0,"enemies":"Snake Plant","floor":27.0,"turns":3.0},{"damage":42.0,"enemies":"Gremlin Leader","floor":28.0,"turns":5.0},{"damage":0.0,"enemies":"Chosen and Byrds","floor":29.0,"turns":5.0},{"damage":21.0,"enemies":"Slavers","floor":30.0,"turns":5.0},{"damage":31,"enemies":"Collector","floor":33,"turns":8}],"seed_played":"2577416013315256522","potions_obtained":[{"floor":1.0,"key":"Block Potion"},{"floor":4.0,"key":"Explosive Potion"},{"floor":10.0,"key":"ColorlessPotion"},{"floor":18.0,"key":"Block Potion"},{"floor":22.0,"key":"Poison Potion"},{"floor":29.0,"key":"Elixir"}],"is_trial":false,"path_per_floor":["M","M","$","M","?","E","M","E","T","E","?","T","E","$","R","B",null,"M","$","?","?","M","R","T","R","T","M","E","M","E","?","R","B"],"character_chosen":"THE_SILENT","items_purchased":["Leg Sweep","Well Laid Plans","TwistedFunnel"],"campfire_rested":2,"item_purchase_floors":[3,14,19],"current_hp_per_floor":[46,46,46,46,46,30,27,11,11,10,27,27,22,22,42,23,73,60,60,66,72,60,60,60,60,60,62,22,24,5,5,30,1,1],"gold":223,"neow_bonus":"REMOVE_TWO","is_daily":false,"chose_seed":false,"campfire_upgraded":2,"win_rate":0.0,"timestamp":1608665248,"path_taken":["M","M","$","M","?","E","?","E","T","E","?","?","E","$","R","BOSS","M","$","?","?","M","R","?","R","T","M","E","?","E","?","R","BOSS"],"items_purchased_type":["Card","Card","Relic"],"build_version":"2020-12-13","purchased_purges":2,"victory":false,"max_hp_per_floor":[70,70,70,70,70,70,70,70,70,70,70,70,70,67,67,67,73,73,73,79,85,85,85,85,85,85,85,85,85,85,85,85,85,85],"relic_stats":{"Darkstone Periapt":18,"Blood Vial":12,"counters":[16,86],"Ornamental Fan":[32],"Smiling Mask":75,"obtain_stats":[{"ReplayFunnel":12,"Darkstone Periapt":13,"TwistedFunnel":19,"Gremlin Food":26,"Potion Belt":28,"Ring of Hypnosis":20,"Smiling Mask":10,"Blood Vial":21,"Ornamental Fan":8,"Replay:Bottled Flurry":9,"ReplayTheSpireMod:TigerMarble":24,"Bottled Lightning":30,"Replay:Wax Seal":5,"Toxic Egg 2":6,"Abe\u0027s Treasure":17,"Ring of the Snake":0},{"ReplayFunnel":7,"Darkstone Periapt":8,"TwistedFunnel":10,"Gremlin Food":11,"Potion Belt":13,"Ring of Hypnosis":10,"Smiling Mask":7,"Blood Vial":10,"Ornamental Fan":6,"Replay:Bottled Flurry":6,"ReplayTheSpireMod:TigerMarble":11,"Bottled Lightning":15,"Replay:Wax Seal":3,"Toxic Egg 2":4,"Abe\u0027s Treasure":9,"Ring of the Snake":0},{"ReplayFunnel":33,"Darkstone Periapt":40,"TwistedFunnel":55,"Gremlin Food":60,"Potion Belt":68,"Ring of Hypnosis":55,"Smiling Mask":33,"Blood Vial":55,"Ornamental Fan":28,"Replay:Bottled Flurry":28,"ReplayTheSpireMod:TigerMarble":60,"Bottled Lightning":78,"Replay:Wax Seal":13,"Toxic Egg 2":20,"Abe\u0027s Treasure":49,"Ring of the Snake":0}],"Ring of the Snake":[32]},"card_choices":[{"not_picked":["Deflect","Cloak And Dagger"],"picked":"Deadly Poison","floor":1.0},{"not_picked":["Slice","Deflect"],"picked":"Backstab","floor":2.0},{"not_picked":["Finisher","Dagger Throw"],"picked":"Dodge and Roll","floor":4.0},{"not_picked":["Fluid Movement","Well Laid Plans"],"picked":"Glass Knife","floor":6.0},{"not_picked":["Well Laid Plans","Leg Sweep+1"],"picked":"Deadly Poison+1","floor":7.0},{"not_picked":["Dash","Backstab","Outmaneuver+1"],"picked":"SKIP","floor":8.0},{"not_picked":["Heel Hook","ReplayTheSpireMod:Shiv Toss+1"],"picked":"Poisoned Stab","floor":10.0},{"not_picked":["Dagger Throw","Quick Slash"],"picked":"PiercingWail+1","floor":13.0},{"not_picked":["Glass Knife","Bullet Time+1"],"picked":"Night Terror+1","floor":16.0},{"not_picked":["Masterful Stab+1","Dagger Throw","Sucker Punch"],"picked":"SKIP","floor":18.0},{"not_picked":["Poisoned Stab","Dash+1"],"picked":"Backflip+1","floor":22.0},{"not_picked":["Backflip+1","Quick Slash","Poisoned Stab+1"],"picked":"SKIP","floor":27.0},{"not_picked":["Bane","Hidden Blade+1"],"picked":"Distraction+1","floor":28.0},{"not_picked":["Poisoned Stab","Fluid Movement"],"picked":"Footwork","floor":29.0},{"not_picked":["Dagger Throw","Finisher"],"picked":"Toxin Wave+1","floor":30.0}],"player_experience":22690,"relics_obtained":[{"floor":6.0,"key":"Toxic Egg 2"},{"floor":8.0,"key":"Ornamental Fan"},{"floor":9.0,"key":"Replay:Bottled Flurry"},{"floor":10.0,"key":"Smiling Mask"},{"floor":12.0,"key":"ReplayFunnel"},{"floor":13.0,"key":"Darkstone Periapt"},{"floor":20.0,"key":"Ring of Hypnosis"},{"floor":24.0,"key":"ReplayTheSpireMod:TigerMarble"},{"floor":26.0,"key":"Gremlin Food"},{"floor":28.0,"key":"Potion Belt"},{"floor":30.0,"key":"Bottled Lightning"}],"event_choices":[{"damage_healed":0.0,"max_hp_gain":0.0,"max_hp_loss":0.0,"gold_gain":0.0,"event_name":"WeMeetAgain","player_choice":"Gave Potion","floor":5.0,"gold_loss":0.0,"damage_taken":0.0,"relics_obtained":["Replay:Wax Seal"]},{"damage_healed":17.0,"max_hp_gain":0.0,"max_hp_loss":0.0,"gold_gain":0.0,"event_name":"Mushrooms","player_choice":"Healed and dodged fight","floor":11.0,"gold_loss":0.0,"damage_taken":0.0,"cards_obtained":["Parasite"]},{"damage_healed":0.0,"max_hp_gain":0.0,"max_hp_loss":0.0,"gold_gain":0.0,"event_name":"Addict","player_choice":"Stole Relic","floor":21.0,"gold_loss":0.0,"damage_taken":0.0,"relics_obtained":["Blood Vial"],"cards_obtained":["Shame"]},{"damage_healed":0.0,"max_hp_gain":0.0,"max_hp_loss":0.0,"gold_gain":0.0,"event_name":"The Library","player_choice":"Read","floor":31.0,"gold_loss":0.0,"damage_taken":0.0,"cards_obtained":["Corpse Explosion"]}],"is_beta":false,"boss_relics":[{"not_picked":["Cursed Key","Philosopher\u0027s Stone"],"picked":"Abe\u0027s Treasure"}],"items_purged_floors":[14,19],"is_endless":false,"potions_floor_spawned":[1,4,10,18,22,29],"killed_by":"Collector","ascension_level":3}}