{"host":"99ad87xtd5ypi7ii","time":1608624796,"event":{"mods":["BaseMod","Hermit","Highlight Path","Marisa????????","Minty Spire (QoL Compilation)","Robot Space Explorer","StSLib","The Bladedancer","The Construct","The Cursed","The Disciple","The Gatherer","The Hierophant","The Runesmith","The Servant 0.9.4","TheVacant"],"gold_per_floor":[116,116,137,137,207,207,274,274,274,298,258,258,258,285,285,388,388,417,436,436,436,108,157,72,72,95,95,112,112,112],"floor_reached":29,"playtime":1661,"items_purged":["hermit:Strike_Hermit"],"score":241,"play_id":"6ff1b733-3b16-445a-8af6-fea37f3daf44","local_time":"20201222091316","is_ascension_mode":false,"campfire_choices":[{"data":"hermit:Scavenge","floor":6,"key":"SMITH"},{"data":"hermit:Vantage","floor":8,"key":"SMITH"},{"data":"hermit:Scavenge","floor":13,"key":"SMITH"},{"data":"hermit:Virtue","floor":15,"key":"SMITH"},{"floor":27,"key":"REST"}],"circlet_count":0,"master_deck":["hermit:Strike_Hermit","hermit:Defend_Hermit","hermit:Defend_Hermit","hermit:Defend_Hermit","hermit:Defend_Hermit","hermit:Snapshot","hermit:Covet","hermit:Scavenge+1","hermit:Purgatory","hermit:Headshot+1","hermit:Vantage+1","hermit:Scavenge+1","hermit:Virtue+1","hermit:Adapt","hermit:Snipe","hermit:Glare","hermit:BigShot","hermit:TrackingShot","hermit:ItchyTrigger","hermit:GhostlyPresence"],"relics":["hermit:Momento","TungstenRod","Potion Belt","SacredBark","Dream Catcher","HornCleat","Bronze Scales"],"acts_visited":["Exordium","TheCity"],"potions_floor_usage":[7,7,12,14,14,14,16,16,16,19,23,28,28],"damage_taken":[{"damage":1,"enemies":"Jaw Worm","floor":1,"turns":4},{"damage":5,"enemies":"Cultist","floor":3,"turns":4},{"damage":21,"enemies":"Gremlin Nob","floor":7,"turns":4},{"damage":0,"enemies":"Small Slimes","floor":10,"turns":3},{"damage":0,"enemies":"2 Fungi Beasts","floor":12,"turns":1},{"damage":0,"enemies":"Large Slime","floor":14,"turns":4},{"damage":9,"enemies":"Hexaghost","floor":16,"turns":14},{"damage":18,"enemies":"Chosen","floor":18,"turns":8},{"damage":5,"enemies":"Spheric Guardian","floor":19,"turns":4},{"damage":25,"enemies":"Book of Stabbing","floor":23,"turns":9},{"damage":43,"enemies":"Snake Plant","floor":28,"turns":4},{"damage":15,"enemies":"Chosen and Byrds","floor":29,"turns":2}],"seed_played":"2294916535983302792","potions_obtained":[{"floor":0,"key":"AttackPotion"},{"floor":0,"key":"LiquidMemories"},{"floor":0,"key":"Fire Potion"},{"floor":11,"key":"SmokeBomb"},{"floor":11,"key":"EntropicBrew"},{"floor":11,"key":"ColorlessPotion"},{"floor":14,"key":"Fire Potion"}],"is_trial":false,"path_per_floor":["M","?","M","?","?","R","E","R","T","M","?","M","R","M","R","B",null,"M","M","?","?","$","E","?","?","T","R","M","M"],"character_chosen":"HERMIT","items_purchased":["hermit:BigShot","hermit:TrackingShot","PowerPotion","Ancient Potion"],"campfire_rested":1,"item_purchase_floors":[22,22,22,22],"current_hp_per_floor":[74,74,69,69,69,69,48,48,48,48,48,48,48,48,48,39,75,57,52,52,52,52,27,27,27,27,49,6,0,0],"gold":112,"neow_bonus":"THREE_SMALL_POTIONS","is_daily":false,"chose_seed":false,"campfire_upgraded":4,"win_rate":0.0,"timestamp":1608624796,"path_taken":["M","?","?","?","?","R","E","R","T","M","?","?","R","?","R","BOSS","M","M","?","?","$","E","?","?","T","R","M","M"],"items_purchased_type":["Card","Card","Potion","Potion"],"build_version":"2020-12-13","purchased_purges":1,"victory":false,"max_hp_per_floor":[75,75,75,75,75,75,75,75,75,75,75,75,75,75,75,75,75,75,75,75,75,75,75,75,75,75,75,75,75,75],"card_choices":[{"not_picked":["hermit:Cheat","hermit:Dive"],"picked":"hermit:Scavenge","floor":1},{"not_picked":["hermit:Manifest","hermit:Coalescence"],"picked":"hermit:Headshot","floor":3},{"not_picked":["hermit:Quickdraw","hermit:Brawl"],"picked":"hermit:Vantage","floor":7},{"not_picked":["hermit:Headshot","hermit:Misfire"],"picked":"hermit:Scavenge","floor":10},{"not_picked":["hermit:Manifest","hermit:Ricochet"],"picked":"hermit:Virtue","floor":14},{"not_picked":["hermit:FinalCanter","hermit:DeadOrAlive"],"picked":"hermit:Adapt","floor":16},{"not_picked":["hermit:Coalescence+1","hermit:Dive"],"picked":"hermit:Snipe","floor":18},{"not_picked":["hermit:WideOpen","hermit:Manifest"],"picked":"hermit:Glare","floor":19},{"not_picked":["hermit:Brawl+1","hermit:Adapt"],"picked":"hermit:ItchyTrigger","floor":23},{"not_picked":["hermit:TakeCover+1","hermit:Feint+1"],"picked":"hermit:GhostlyPresence","floor":28}],"player_experience":810498,"relics_obtained":[{"floor":7,"key":"TungstenRod"},{"floor":9,"key":"Potion Belt"},{"floor":23,"key":"Dream Catcher"},{"floor":26,"key":"Bronze Scales"}],"event_choices":[{"damage_healed":0,"gold_gain":0,"cards_transformed":["hermit:Strike_Hermit"],"player_choice":"Transformed","damage_taken":0,"max_hp_gain":0,"max_hp_loss":0,"event_name":"Transmorgrifier","floor":2,"gold_loss":0,"cards_obtained":["hermit:Purgatory"]},{"damage_healed":0,"gold_gain":0,"player_choice":"Grow","damage_taken":0,"max_hp_gain":0,"max_hp_loss":0,"event_name":"Living Wall","floor":4,"gold_loss":0,"cards_upgraded":["hermit:Headshot"]},{"damage_healed":0,"gold_gain":70,"player_choice":"Gained Gold","damage_taken":0,"max_hp_gain":0,"max_hp_loss":0,"event_name":"Golden Wing","floor":5,"gold_loss":0},{"damage_healed":0,"gold_gain":0,"player_choice":"Bought 3 Potions","damage_taken":0,"max_hp_gain":0,"max_hp_loss":0,"event_name":"The Woman in Blue","floor":11,"gold_loss":0},{"damage_healed":0,"gold_gain":0,"player_choice":"Ignored","damage_taken":0,"max_hp_gain":0,"max_hp_loss":0,"event_name":"Ghosts","floor":20,"gold_loss":0},{"damage_healed":0,"gold_gain":0,"player_choice":"Ignored","damage_taken":0,"max_hp_gain":0,"max_hp_loss":0,"event_name":"Vampires","floor":21,"gold_loss":0},{"damage_healed":0,"gold_gain":0,"player_choice":"Obtained Relic","damage_taken":0,"relics_obtained":["HornCleat"],"max_hp_gain":0,"max_hp_loss":0,"event_name":"Addict","floor":24,"gold_loss":85},{"cards_removed":["hermit:Strike_Hermit"],"damage_healed":0,"gold_gain":0,"player_choice":"Elegance","damage_taken":0,"max_hp_gain":0,"max_hp_loss":0,"event_name":"Back to Basics","floor":25,"gold_loss":0}],"is_beta":false,"boss_relics":[{"not_picked":["Busted Crown","Tiny House"],"picked":"SacredBark"}],"items_purged_floors":[22],"is_endless":false,"potions_floor_spawned":[1,12,14],"killed_by":"Chosen and Byrds","ascension_level":0}}