{"host":"jgqxb38yl0c1w101","time":1608608648,"event":{"mods":["2.2 Compatiblity","AchievementEnabler","BaseMod","Colored Map","Downfall","Hubris","Minty Spire (QoL Compilation)","Replay The Spire","StSLib"],"gold_per_floor":[99,113,126,60,60,88,112,124,164,187,199,226,74,74,93,93,93,93],"floor_reached":16,"playtime":1354,"items_purged":[],"score":127,"play_id":"5bed29fe-d6d5-4f18-85c5-4a764e6da87b","local_time":"20201221224408","is_ascension_mode":true,"campfire_choices":[{"floor":11,"key":"REST"}],"circlet_count":0,"master_deck":["champ:Strike","champ:Strike","champ:Strike","champ:Defend","champ:Defend","champ:Defend","champ:Taunt","champ:CheapShot","champ:StanceDance","champ:DancingMaster","champ:DefensiveShout","champ:FanOfKnives","champ:GladiatorsShout","champ:HeartStrike","champ:DefensiveShout","champ:IronFortress","champ:BerserkersShout","champ:VampiricStrike"],"relics":["champ:ChampionCrown","Regal Pillow","hubris:BundleOfHerbs","MawBank","Sundial","HandDrill","hubris:Potato"],"acts_visited":["Exordium"],"potions_floor_usage":[9,12,16],"damage_taken":[{"damage":14.0,"enemies":"Small Slimes","floor":2.0,"turns":6.0},{"damage":7.0,"enemies":"Jaw Worm","floor":3.0,"turns":5.0},{"damage":20.0,"enemies":"downfall:FleeingMerchant","floor":4.0,"turns":5.0},{"damage":60.0,"enemies":"Lagavulin","floor":6.0,"turns":9.0},{"damage":36,"enemies":"Gremlin Nob","floor":9,"turns":6},{"damage":2,"enemies":"Cultist","floor":10,"turns":3},{"damage":21,"enemies":"Exordium Thugs","floor":12,"turns":4},{"damage":9,"enemies":"downfall:FleeingMerchant","floor":13,"turns":5},{"damage":0,"enemies":"3 Louse","floor":15,"turns":4},{"damage":43,"enemies":"downfall:Ironclad","floor":16,"turns":7}],"seed_played":"-8556493895196687374","potions_obtained":[{"floor":2.0,"key":"LiquidBronze"},{"floor":3.0,"key":"SkillPotion"},{"floor":10,"key":"Explosive Potion"},{"floor":12,"key":"Elixir"}],"is_trial":false,"path_per_floor":["R_BF","M","M","$","?","E","T","?","E","M","R","M","$","T","M","B"],"character_chosen":"THE_CHAMP","items_purchased":["champ:FanOfKnives","HandDrill"],"campfire_rested":1,"item_purchase_floors":[4,13],"current_hp_per_floor":[90,81,79,74,74,23,23,23,10,8,50,32,29,29,35,0,0,0],"gold":93,"neow_bonus":"RANDOM_COMMON_RELIC","is_daily":false,"chose_seed":false,"campfire_upgraded":0,"win_rate":0.0,"timestamp":1608608648,"path_taken":["R_BF","M","M","$","?","E","T","?","E","M","R","?","?","?","M","BOSS"],"items_purchased_type":["Card","Relic"],"build_version":"2020-12-13","purchased_purges":0,"victory":false,"max_hp_per_floor":[90,90,90,90,90,90,90,90,90,90,90,90,90,90,90,90,90,90],"card_choices":[{"not_picked":["champ:Haymaker","champ:FaceSlap"],"picked":"champ:StanceDance","floor":2.0},{"not_picked":["champ:BringItOn","champ:Lariat"],"picked":"champ:DancingMaster","floor":3.0},{"not_picked":["champ:BerserkersShout","champ:Encircle"],"picked":"champ:DefensiveShout","floor":4.0},{"not_picked":["champ:BerserkersShout","champ:FocusedBerserking"],"picked":"champ:GladiatorsShout","floor":6.0},{"not_picked":["champ:EnchantShield","champ:Duel","champ:TornadoPunch"],"picked":"SKIP","floor":9},{"not_picked":["champ:Encircle","champ:FalseCounter"],"picked":"champ:DefensiveShout","floor":10},{"not_picked":["champ:SwordSigil","champ:Balance"],"picked":"champ:IronFortress","floor":12},{"not_picked":["champ:Backstep","champ:CrookedStrike"],"picked":"champ:BerserkersShout","floor":13},{"not_picked":["champ:Haymaker","champ:BerserkerStyle"],"picked":"champ:VampiricStrike","floor":15}],"player_experience":78070,"relics_obtained":[{"floor":6.0,"key":"hubris:BundleOfHerbs"},{"floor":7.0,"key":"MawBank"},{"floor":9,"key":"Sundial"},{"floor":14,"key":"hubris:Potato"}],"event_choices":[{"damage_healed":0.0,"max_hp_gain":0.0,"max_hp_loss":0.0,"gold_gain":0.0,"cards_transformed":["champ:Defend"],"event_name":"Transmorgrifier","player_choice":"Transformed","floor":8.0,"gold_loss":0.0,"damage_taken":0.0,"cards_obtained":["champ:HeartStrike"]}],"is_beta":false,"boss_relics":[],"items_purged_floors":[],"is_endless":false,"potions_floor_spawned":[2,3,10,12],"killed_by":"downfall:Ironclad","ascension_level":3}}