{"host":"bxdue9bkfm2khp2x","time":1608617255,"event":{"mods":["ATMod(阿瑾Mod)","Aspiration","BaseMod","Better Vampires","Challenge The Spire","Colored Powertips","Conspire","Decade(王小明)","Dota2Spire","Downfall","Highlight Path","Marisa（F雨　魔理沙）","Minty Spire (QoL Compilation)","MostiFishMod","Remilia（蕾米莉亚）","Replay The Spire","RumiaBox-露米娅的神秘盒子","StSLib","Td1madao Mod","The Alterego","The Cursed","The Marked","The Servant 0.9.4","Waifu the Spire","WarShipGirlsR/战舰少女R mod","Youmu（魂魄妖梦）","noobMod","vexMod","【功能Mod】混沌之环修复补丁","【遗物卡牌】REMEMod","篝火指南"],"gold_per_floor":[117,117,42,52,65,65,85,99,99,125,125,153,153,153,153,231,231,251,251,265,155,155,155,55,55,128,138,138,154,154,181,66,144,144,164,164,164,179,179,179,59,59,59,71,26,26,40,59,59,59],"floor_reached":51,"playtime":4709,"items_purged":["alterego_mod:Impale","alterego_mod:Strike","alterego_mod:Defend","alterego_mod:Strike"],"score":1295,"play_id":"12504435-fbfd-4392-9b16-f17f32ddd1ba","local_time":"20201222140735","is_ascension_mode":true,"campfire_choices":[{"data":"alterego_mod:ClassAdvantage","floor":6.0,"key":"SMITH"},{"data":"alterego_mod:DiscoLights","floor":11.0,"key":"SMITH"},{"data":"alterego_mod:Support","floor":13.0,"key":"SMITH"},{"data":"alterego_mod:ChallengeComplete","floor":15.0,"key":"SMITH"},{"data":"alterego_mod:TrickOrTreatment","floor":23.0,"key":"SMITH"},{"data":"alterego_mod:BreastValley","floor":25.0,"key":"SMITH"},{"data":"alterego_mod:MagicResistance","floor":28.0,"key":"SMITH"},{"data":"alterego_mod:BrynhildrsRune","floor":30.0,"key":"SMITH"},{"data":"alterego_mod:IndependentAction","floor":40,"key":"SMITH"},{"data":"alterego_mod:SakuraLabyrinth","floor":42,"key":"SMITH"},{"data":"alterego_mod:Undulate","floor":46,"key":"SMITH"},{"data":"SuddenPhantomFormationSlashOfKarmicWind","floor":49,"key":"SMITH"}],"circlet_count":0,"master_deck":["AscendersBane","alterego_mod:Strike","alterego_mod:Strike","alterego_mod:Defend","alterego_mod:Defend","alterego_mod:Defend","alterego_mod:BigMeatyClaws+1","alterego_mod:BrynhildrsRune+1","SuddenPhantomFormationSlashOfKarmicWind+1","alterego_mod:DiscoLights+1","alterego_mod:ClassAdvantage+1","alterego_mod:Support+1","alterego_mod:Undulate+1","alterego_mod:ChallengeComplete+1","alterego_mod:MagicResistance+1","alterego_mod:TrickOrTreatment+1","alterego_mod:BreastValley+1","alterego_mod:SakuraLabyrinth+1","alterego_mod:DiscoLights+1","alterego_mod:IndependentAction+1","alterego_mod:Rake","alterego_mod:DiscoLights+1","alterego_mod:Nekomimi+1","alterego_mod:DeftHands","alterego_mod:BreastValley+1"],"relics":["alterego_mod:MasochisticConstitution","REME_ComplimentaryCards","DaveBox","ice","DaCapo","NeowsBlessing","Question Card","MagicDraw2","Dota2Spire:AssaultCuirass","ImportantClient","Dota2Spire:Bloodstone","aspiration:FrozenJewel","vexMod:BarristanHead","Dota2Spire:ArmletOfMordiggian"],"acts_visited":["Exordium","TheCity","TheBeyond"],"potions_floor_usage":[50],"damage_taken":[{"damage":0.0,"enemies":"Small Slimes","floor":1.0,"turns":1.0},{"damage":0.0,"enemies":"Cultist","floor":4.0,"turns":2.0},{"damage":0.0,"enemies":"2 Louse","floor":5.0,"turns":1.0},{"damage":6.0,"enemies":"Looter","floor":7.0,"turns":4.0},{"damage":21.0,"enemies":"3 Louse","floor":8.0,"turns":8.0},{"damage":39.0,"enemies":"Gremlin Nob","floor":10.0,"turns":8.0},{"damage":0.0,"enemies":"Lagavulin","floor":12.0,"turns":15.0},{"damage":25.0,"enemies":"Fading Forest","floor":16.0,"turns":11.0},{"damage":5.0,"enemies":"Chosen","floor":18.0,"turns":7.0},{"damage":0.0,"enemies":"3 Byrds","floor":20.0,"turns":8.0},{"damage":0.0,"enemies":"Snecko","floor":27.0,"turns":6.0},{"damage":19.0,"enemies":"Chosen and Byrds","floor":29.0,"turns":10.0},{"damage":22.0,"enemies":"Slavers","floor":31.0,"turns":23.0},{"damage":16.0,"enemies":"conspire:MysteriousRune","floor":33.0,"turns":10.0},{"damage":26,"enemies":"Orb Walker","floor":35,"turns":6},{"damage":17,"enemies":"3 Darklings","floor":38,"turns":12},{"damage":34,"enemies":"Transient","floor":44,"turns":6},{"damage":23,"enemies":"Jaw Worm Horde","floor":47,"turns":11},{"damage":19,"enemies":"Spire Growth","floor":48,"turns":6},{"damage":22,"enemies":"Donu and Deca","floor":50,"turns":13}],"seed_played":"-2907483228315900846","potions_obtained":[{"floor":5.0,"key":"Elixir"},{"floor":7.0,"key":"PowerPotion"},{"floor":8.0,"key":"EssenceOfSteel"},{"floor":18.0,"key":"FearPotion"},{"floor":27.0,"key":"Energy Potion"},{"floor":31.0,"key":"Adrenaline Potion"},{"floor":48,"key":"DistilledChaos"}],"is_trial":false,"path_per_floor":["M","?","$","M","M","R","M","M","T","E","R","E","R","?","R","B",null,"M","?","M","$","?","R","$","R","T","M","R","M","R","E","R","B",null,"M","?","?","M","?","R","$","R","T","M","$","R","M","M","R","B",null],"character_chosen":"The_Alterego","items_purchased":["alterego_mod:BreastValley","alterego_mod:DiscoLights+1","alterego_mod:IndependentAction","alterego_mod:DeftHands"],"campfire_rested":0,"item_purchase_floors":[21,32,32,45],"current_hp_per_floor":[59,59,59,59,59,59,54,48,48,10,10,10,10,10,10,78,80,83,71,78,78,78,78,78,78,78,85,85,74,74,88,88,94,117,103,115,115,120,120,120,120,120,120,122,122,122,121,103,103,89],"gold":59,"neow_bonus":"THREE_ENEMY_KILL","is_daily":false,"chose_seed":false,"campfire_upgraded":12,"win_rate":0.0,"timestamp":1608617255,"path_taken":["M","?","?","M","M","R","M","?","T","E","R","E","R","?","R","BOSS","M","?","M","$","?","R","$","R","T","M","R","M","R","E","R","BOSS","M","?","?","M","?","R","$","R","T","M","?","R","?","M","R","BOSS"],"items_purchased_type":["Card","Card","Card","Card"],"build_version":"2020-12-13","purchased_purges":4,"victory":true,"max_hp_per_floor":[65,65,65,65,65,65,66,67,67,68,68,68,68,68,68,81,81,88,88,122,122,122,122,122,122,122,122,122,123,123,124,124,125,125,126,126,126,127,121,121,121,121,121,122,122,122,123,124,124,125],"card_choices":[{"not_picked":["alterego_mod:Lingerie","alterego_mod:DustData"],"picked":"alterego_mod:DiscoLights","floor":1.0},{"not_picked":["alterego_mod:PresenceConcealment","alterego_mod:PerceptionDisorder","alterego_mod:Jiggle","alterego_mod:Clap"],"picked":"SKIP","floor":4.0},{"not_picked":["alterego_mod:Cycle","alterego_mod:Punishment","alterego_mod:1TonWallop"],"picked":"alterego_mod:ClassAdvantage","floor":5.0},{"not_picked":["alterego_mod:Jiggle","alterego_mod:Belle","alterego_mod:SakuraLabyrinth"],"picked":"alterego_mod:Support","floor":7.0},{"not_picked":["alterego_mod:Complex","alterego_mod:Table","alterego_mod:Jiggle"],"picked":"alterego_mod:Undulate","floor":8.0},{"not_picked":["alterego_mod:Skirt","alterego_mod:Table","alterego_mod:Undulate","alterego_mod:Belle"],"picked":"SKIP","floor":10.0},{"not_picked":["alterego_mod:Rip","alterego_mod:Exercise","alterego_mod:SakuraLabyrinth"],"picked":"alterego_mod:ChallengeComplete","floor":12.0},{"not_picked":["alterego_mod:Bounce+1","alterego_mod:SakuraPetals+1","alterego_mod:Complex","alterego_mod:Clones"],"picked":"SKIP","floor":18.0},{"not_picked":["alterego_mod:DestructionOfProperty","alterego_mod:HighServant","alterego_mod:Bunnysuit+1"],"picked":"alterego_mod:MagicResistance","floor":19.0},{"not_picked":["alterego_mod:Clones","alterego_mod:GachaTicket","alterego_mod:Complex"],"picked":"alterego_mod:TrickOrTreatment","floor":20.0},{"not_picked":["alterego_mod:1TonWallop","alterego_mod:MagicResistance+1","alterego_mod:Crossover","alterego_mod:Support"],"picked":"SKIP","floor":27.0},{"not_picked":["alterego_mod:TrashNCrash","alterego_mod:Support","alterego_mod:DustData","alterego_mod:GachaTicket"],"picked":"SKIP","floor":29.0},{"not_picked":["alterego_mod:RidiculouslyBig","alterego_mod:Support","alterego_mod:Crossover"],"picked":"alterego_mod:SakuraLabyrinth","floor":31.0},{"not_picked":["alterego_mod:BrynhildrRomantia","alterego_mod:TrickOrTreatment","alterego_mod:Venus"],"picked":"alterego_mod:Rake","floor":33.0},{"not_picked":["alterego_mod:TrashNCrash","alterego_mod:1TonWallop","alterego_mod:Cycle"],"picked":"alterego_mod:DiscoLights+1","floor":35},{"not_picked":["alterego_mod:Bloomers","alterego_mod:1TonWallop","alterego_mod:DiscoLights"],"picked":"alterego_mod:Nekomimi+1","floor":38},{"not_picked":["alterego_mod:Bunnysuit","alterego_mod:Skirt","alterego_mod:SakuraPetals","alterego_mod:Jiggle"],"picked":"SKIP","floor":44},{"not_picked":["alterego_mod:PresenceConcealment","alterego_mod:Rip","alterego_mod:TrashNCrash"],"picked":"alterego_mod:BreastValley+1","floor":47},{"not_picked":["alterego_mod:Cushion","alterego_mod:BreastValley","alterego_mod:HighServant","alterego_mod:GoddessCore"],"picked":"SKIP","floor":48}],"player_experience":1403961,"relics_obtained":[{"floor":1.0,"key":"Question Card"},{"floor":9.0,"key":"MagicDraw2"},{"floor":12.0,"key":"Dota2Spire:AssaultCuirass"},{"floor":16.0,"key":"ImportantClient"},{"floor":26.0,"key":"aspiration:FrozenJewel"},{"floor":31.0,"key":"vexMod:BarristanHead"},{"floor":43,"key":"Dota2Spire:ArmletOfMordiggian"}],"event_choices":[{"damage_healed":0.0,"max_hp_gain":0.0,"max_hp_loss":0.0,"gold_gain":0.0,"event_name":"Accursed Blacksmith","player_choice":"Forge","floor":2.0,"gold_loss":0.0,"damage_taken":0.0,"cards_upgraded":["alterego_mod:BigMeatyClaws"]},{"damage_healed":0.0,"max_hp_gain":0.0,"max_hp_loss":0.0,"gold_gain":0.0,"event_name":"Scrap Ooze","player_choice":"Fled","floor":14.0,"gold_loss":0.0,"damage_taken":0.0},{"damage_healed":0,"gold_gain":0,"player_choice":"Max HP","damage_taken":0,"max_hp_gain":0,"max_hp_loss":6,"event_name":"Winding Halls","floor":39,"gold_loss":0}],"is_beta":false,"boss_relics":[{"not_picked":["MetatronsCube","MostiFishMod:Hod"],"picked":"Dota2Spire:Bloodstone"},{"not_picked":["Honey Jar","vexMod:MysteryBossChallenge","Calling Bell"]}],"items_purged_floors":[3,21,24,41],"is_endless":false,"potions_floor_spawned":[5,7,8,18,27,31,48],"ascension_level":17}}