{"host":"lpze9ywvzk5bsxql","time":1608673580,"event":{"mods":["2.2 Compatiblity","BaseMod","Bestiary","Better Third Choice","Colored Map","Downfall","Hermit","Ironclad Rager","Minty Spire (QoL Compilation)","Replay The Spire","StSLib"],"gold_per_floor":[112,132,151,36,49,75,75,101,125,135,100,116,191,191,191,295,295,305,325,112,128,141,141,159,159,211,64,133,133,144,159,159,260,260,279,293,312,312,312],"floor_reached":38,"playtime":3677,"items_purged":["hermit:Strike_Hermit"],"score":467,"play_id":"edbc004e-99bd-45ab-9b4f-c0c04fffd3cc","local_time":"20201222224620","is_ascension_mode":false,"campfire_choices":[{"floor":7,"key":"RECALL"},{"data":"hermit:Determination","floor":15,"key":"SMITH"},{"floor":23,"key":"REST"},{"floor":25,"key":"REST"},{"floor":29,"key":"REST"},{"data":"hermit:EternalForm","floor":32,"key":"SMITH"}],"circlet_count":0,"master_deck":["hermit:Strike_Hermit+1","hermit:Strike_Hermit","hermit:Defend_Hermit+1","hermit:Defend_Hermit","hermit:Snapshot+1","hermit:Covet","hermit:WideOpen","hermit:RoundhouseKick+1","hermit:GhostlyPresence+1","hermit:Brawl","hermit:Misfire","hermit:FinalCanter+1","hermit:TrackingShot","hermit:Determination+1","hermit:Headshot","Pain","hermit:EternalForm+1","hermit:Shortfuse+1","hermit:Deadeye+1","hermit:PistolWhip+1","hermit:Virtue","hermit:Feint","hermit:Malice+1","hermit:Horror","hermit:Quickdraw+1","hermit:DeadMansHand","hermit:Feint","hermit:BigShot","hermit:Headshot","hermit:Reprieve","hermit:BodyArmor","hermit:Dive+1","hermit:Adapt","hermit:NoHoldsBarred+1","hermit:HoleUp+1","hermit:Feint+1"],"relics":["hermit:ClaspedLocket","Whetstone","Gremlin Food","Oddly Smooth Stone","WarpedTongs","Astrolabe","Guide Book","Eternal Feather"],"acts_visited":["Exordium","TheCity","TheBeyond"],"potions_floor_usage":[6,8,8,21,30,31,33,38],"damage_taken":[{"damage":0,"enemies":"2 Louse","floor":1,"turns":2},{"damage":1,"enemies":"Jaw Worm","floor":2,"turns":4},{"damage":1,"enemies":"Cultist","floor":3,"turns":4},{"damage":0,"enemies":"2 Fungi Beasts","floor":5,"turns":2},{"damage":19,"enemies":"Lagavulin","floor":6,"turns":6},{"damage":0,"enemies":"3 Sentries","floor":8,"turns":2},{"damage":0,"enemies":"3 Louse","floor":10,"turns":2},{"damage":0,"enemies":"Gremlin Gang","floor":12,"turns":4},{"damage":27,"enemies":"Fading Forest","floor":16,"turns":11},{"damage":10,"enemies":"Chosen","floor":18,"turns":2},{"damage":17,"enemies":"Shell Parasite","floor":19,"turns":3},{"damage":18,"enemies":"Shelled Parasite and Fungi","floor":21,"turns":4},{"damage":22,"enemies":"Sentry and Sphere","floor":22,"turns":5},{"damage":23,"enemies":"Centurion and Healer","floor":24,"turns":5},{"damage":0,"enemies":"Snake Plant","floor":30,"turns":3},{"damage":2,"enemies":"3 Cultists","floor":31,"turns":5},{"damage":46,"enemies":"Automaton","floor":33,"turns":11},{"damage":47,"enemies":"3 Shapes","floor":35,"turns":5},{"damage":0,"enemies":"Orb Walker","floor":36,"turns":3},{"damage":21,"enemies":"Maw","floor":37,"turns":7},{"damage":25,"enemies":"Jaw Worm Horde","floor":38,"turns":3}],"seed_played":"-987888501121144234","potions_obtained":[{"floor":2,"key":"DuplicationPotion"},{"floor":5,"key":"FearPotion"},{"floor":6,"key":"Energy Potion"},{"floor":16,"key":"Milkshake"},{"floor":18,"key":"LifebloodPotion"},{"floor":24,"key":"Explosive Potion"},{"floor":28,"key":"hermit:Eclipse"},{"floor":31,"key":"champ:CounterPotion"},{"floor":37,"key":"Flashbang"}],"is_trial":false,"path_per_floor":["M","M","M","$","M","E","R","E","T","M","?","M","?","?","R","B",null,"M","M","$","M","M","R","M","R","T","$","?","R","M","M","R","B",null,"M","M","M","M"],"character_chosen":"HERMIT","items_purchased":["hermit:Brawl","hermit:Malice+1","Guide Book","hermit:Feint","hermit:BigShot","hermit:Headshot"],"campfire_rested":3,"item_purchase_floors":[4,20,20,27,27,27],"current_hp_per_floor":[82,81,80,80,80,61,61,61,61,61,81,81,70,70,70,63,82,72,55,55,37,15,39,16,40,40,40,40,82,82,80,82,36,82,35,39,21,0,0],"gold":312,"neow_bonus":"TEN_PERCENT_HP_BONUS","is_daily":false,"chose_seed":false,"campfire_upgraded":2,"win_rate":0.0,"timestamp":1608673580,"path_taken":["M","M","M","$","M","E","R","E","T","M","?","M","?","?","R","BOSS","M","M","$","M","M","R","M","R","T","?","?","R","M","?","R","BOSS","M","M","M","M"],"items_purchased_type":["Card","Card","Relic","Card","Card","Card"],"build_version":"2020-12-13","purchased_purges":1,"victory":false,"max_hp_per_floor":[82,82,82,82,82,82,82,82,82,82,82,82,82,82,82,82,82,82,82,82,82,82,82,82,82,82,82,82,82,82,82,82,82,82,82,82,82,82,82],"card_choices":[{"not_picked":["hermit:HoleUp","hermit:Misfire"],"picked":"hermit:WideOpen","floor":1},{"not_picked":["hermit:Desperado","hermit:Coalescence"],"picked":"hermit:RoundhouseKick","floor":2},{"not_picked":["hermit:Shortfuse","hermit:Ricochet"],"picked":"hermit:GhostlyPresence","floor":3},{"not_picked":["hermit:Roulette","hermit:Ricochet"],"picked":"hermit:Misfire","floor":5},{"not_picked":["hermit:Manifest","hermit:Ricochet"],"picked":"hermit:FinalCanter","floor":6},{"not_picked":["hermit:SprayPray","hermit:Desperado"],"picked":"hermit:TrackingShot","floor":8},{"not_picked":["hermit:Snipe","hermit:GoldenBullet"],"picked":"hermit:Determination","floor":10},{"not_picked":["hermit:BodyArmor","hermit:ItchyTrigger"],"picked":"hermit:Headshot","floor":12},{"not_picked":["hermit:Roughhouse","hermit:HighNoon"],"picked":"hermit:EternalForm","floor":16},{"not_picked":["hermit:Spite+1","hermit:Malice"],"picked":"hermit:Virtue","floor":18},{"not_picked":["hermit:Brawl+1","hermit:Cheat"],"picked":"hermit:Feint","floor":19},{"not_picked":["hermit:Brawl","hermit:Manifest"],"picked":"hermit:Horror","floor":21},{"not_picked":["hermit:Combo","hermit:Manifest"],"picked":"hermit:Quickdraw","floor":22},{"not_picked":["hermit:Headshot","hermit:WideOpen"],"picked":"hermit:DeadMansHand","floor":24},{"not_picked":["hermit:TrackingShot","hermit:Glare"],"picked":"hermit:Reprieve","floor":28},{"not_picked":["hermit:Roulette","hermit:Enervate"],"picked":"hermit:BodyArmor","floor":30},{"not_picked":["hermit:Roulette+1","hermit:BlackWind"],"picked":"hermit:Dive+1","floor":31},{"not_picked":["hermit:HeroicBravado","hermit:Gambit"],"picked":"hermit:Adapt","floor":33},{"not_picked":["hermit:Roulette","hermit:Snipe"],"picked":"hermit:NoHoldsBarred+1","floor":35},{"not_picked":["hermit:Desperado","hermit:BigShot+1"],"picked":"hermit:HoleUp+1","floor":36},{"not_picked":["hermit:ShadowCloak","hermit:Ricochet+1"],"picked":"hermit:Feint+1","floor":37}],"player_experience":271877,"relics_obtained":[{"floor":6,"key":"Whetstone"},{"floor":8,"key":"Gremlin Food"},{"floor":9,"key":"Oddly Smooth Stone"},{"floor":28,"key":"Eternal Feather"}],"event_choices":[{"damage_healed":20,"gold_gain":0,"player_choice":"Healed","damage_taken":0,"max_hp_gain":0,"max_hp_loss":0,"event_name":"The Cleric","floor":11,"gold_loss":35},{"damage_healed":0,"gold_gain":75,"player_choice":"Gold","damage_taken":11,"max_hp_gain":0,"max_hp_loss":0,"event_name":"betterThird:BetterGoop","floor":13,"gold_loss":0},{"damage_healed":0,"gold_gain":0,"player_choice":"Rummage","damage_taken":0,"relics_obtained":["WarpedTongs"],"max_hp_gain":0,"max_hp_loss":0,"event_name":"Accursed Blacksmith","floor":14,"gold_loss":0,"cards_obtained":["Pain"]}],"is_beta":false,"boss_relics":[{"not_picked":["Painkiller Herb","Kintsugi"],"picked":"Astrolabe"},{"not_picked":["Busted Crown","Replay:Wanted Poster"],"picked":"hermit:ClaspedLocket"}],"items_purged_floors":[4],"is_endless":false,"potions_floor_spawned":[2,5,6,16,18,24,31,37],"killed_by":"Jaw Worm Horde","ascension_level":0}}