{"host":"usewcu4ohw2wtmxk","time":1608639033,"event":{"mods":["BaseMod","Minty Spire (QoL Compilation)","Permanent Neow","Quick Restart","Relic Stats","UnlockEverythingMod"],"gold_per_floor":[117,128,128,203,216,247,257,290,290,307,17,17,48,63,63,140,140,155,166,166,166,186,218,235,261,261,294,304,254,273,273,273,346,346,359,359,214,214,231,231,260,185,231,256,273,273,289,299,299,299,299,299,299,119,154,154,154],"floor_reached":56,"playtime":1972,"items_purged":["Defend_P+1","Defend_P+1","Strike_P+1","Strike_P+1","Strike_P+1"],"score":2178,"play_id":"881dd6c2-320e-4a2e-a9c2-d9cf2fac3ca3","local_time":"20201222201033","is_ascension_mode":true,"campfire_choices":[{"data":"Adaptation","floor":12.0,"key":"SMITH"},{"floor":15.0,"key":"DIG"},{"floor":32.0,"key":"DIG"},{"floor":40.0,"key":"DIG"},{"floor":46.0,"key":"DIG"},{"floor":49.0,"key":"RECALL"},{"floor":53.0,"key":"DIG"}],"circlet_count":0,"master_deck":["AscendersBane","Strike_P+1","Defend_P+1","Defend_P+1","Eruption+1","Vigilance+1","LessonLearned+1","FearNoEvil+1","BowlingBash+1","Indignation+1","Adaptation+1","Adaptation+1","Scrawl+1","Fasting2+1","Madness"],"relics":["PureWater","Whetstone","Bag of Preparation","Meat on the Bone","Membership Card","Shovel","WingedGreaves","Coffee Dripper","Pocketwatch","Turnip","Oddly Smooth Stone","Strawberry","Fusion Hammer","TheAbacus","Bottled Tornado","Boot","Regal Pillow","Eternal Feather","StoneCalendar","Pantograph","Centennial Puzzle"],"acts_visited":["Exordium","TheCity","TheBeyond","TheEnding"],"potions_floor_usage":[56,56,56],"damage_taken":[{"damage":2.0,"enemies":"Jaw Worm","floor":1.0,"turns":3.0},{"damage":5.0,"enemies":"Small Slimes","floor":2.0,"turns":6.0},{"damage":0.0,"enemies":"Cultist","floor":5.0,"turns":3.0},{"damage":6.0,"enemies":"3 Sentries","floor":6.0,"turns":7.0},{"damage":0.0,"enemies":"Gremlin Gang","floor":7.0,"turns":2.0},{"damage":24.0,"enemies":"Lagavulin","floor":8.0,"turns":4.0},{"damage":0.0,"enemies":"2 Fungi Beasts","floor":10.0,"turns":2.0},{"damage":12.0,"enemies":"3 Sentries","floor":13.0,"turns":3.0},{"damage":2.0,"enemies":"Large Slime","floor":14.0,"turns":2.0},{"damage":18.0,"enemies":"The Guardian","floor":16.0,"turns":7.0},{"damage":3.0,"enemies":"2 Thieves","floor":18.0,"turns":2.0},{"damage":0.0,"enemies":"Spheric Guardian","floor":19.0,"turns":1.0},{"damage":0.0,"enemies":"Cultist and Chosen","floor":22.0,"turns":2.0},{"damage":0.0,"enemies":"Gremlin Leader","floor":23.0,"turns":2.0},{"damage":0.0,"enemies":"Centurion and Healer","floor":24.0,"turns":3.0},{"damage":10.0,"enemies":"Slavers","floor":25.0,"turns":3.0},{"damage":0.0,"enemies":"Gremlin Leader","floor":27.0,"turns":3.0},{"damage":0.0,"enemies":"Shelled Parasite and Fungi","floor":28.0,"turns":1.0},{"damage":0.0,"enemies":"3 Cultists","floor":30.0,"turns":2.0},{"damage":3.0,"enemies":"Automaton","floor":33.0,"turns":3.0},{"damage":0.0,"enemies":"3 Darklings","floor":35.0,"turns":2.0},{"damage":0.0,"enemies":"Orb Walker","floor":39.0,"turns":1.0},{"damage":15.0,"enemies":"Reptomancer","floor":41.0,"turns":3.0},{"damage":0.0,"enemies":"Nemesis","floor":44.0,"turns":1.0},{"damage":0.0,"enemies":"Transient","floor":45.0,"turns":3.0},{"damage":0.0,"enemies":"Spire Growth","floor":47.0,"turns":2.0},{"damage":0.0,"enemies":"Jaw Worm Horde","floor":48.0,"turns":2.0},{"damage":21.0,"enemies":"Awakened One","floor":50.0,"turns":4.0},{"damage":10.0,"enemies":"Time Eater","floor":51.0,"turns":8.0},{"damage":0.0,"enemies":"Shield and Spear","floor":55.0,"turns":1.0},{"damage":61,"enemies":"The Heart","floor":56,"turns":6}],"seed_played":"4122448133986413827","potions_obtained":[{"floor":5.0,"key":"BottledMiracle"},{"floor":6.0,"key":"Fire Potion"},{"floor":14.0,"key":"DistilledChaos"},{"floor":22.0,"key":"AttackPotion"},{"floor":24.0,"key":"Fire Potion"},{"floor":25.0,"key":"EntropicBrew"},{"floor":39.0,"key":"SteroidPotion"},{"floor":47.0,"key":"CultistPotion"},{"floor":55.0,"key":"FearPotion"}],"is_trial":false,"path_per_floor":["M","M","?","?","M","E","M","E","T","M","$","R","E","M","R","B",null,"M","M","?","?","M","E","M","E","T","E","M","$","M","?","R","B",null,"M","?","$","?","M","R","E","$","T","E","M","R","M","M","R","B","B",null,"R","$","E","B"],"character_chosen":"WATCHER","items_purchased":["Membership Card","Adaptation","StancePotion","TheAbacus","Madness","GamblersBrew"],"campfire_rested":0,"item_purchase_floors":[11,11,11,37,54,54],"current_hp_per_floor":[59,54,54,43,43,37,37,13,13,25,25,25,25,35,35,29,58,55,55,55,68,68,68,68,58,58,58,58,58,58,58,65,62,72,72,62,62,62,62,62,47,47,47,47,47,56,56,56,65,44,46,68,75,75,75,14,14],"gold":154,"neow_bonus":"ONE_RANDOM_RARE_CARD","is_daily":false,"chose_seed":false,"campfire_upgraded":1,"win_rate":0.0,"timestamp":1608639033,"path_taken":["M","M","?","?","M","E","M","E","T","M","$","R","E","M","R","BOSS","M","M","?","?","M","E","?","E","T","E","?","$","?","?","R","BOSS","M","?","$","?","M","R","E","$","T","E","M","R","M","M","R","BOSS","BOSS","R","$","E","BOSS"],"items_purchased_type":["Relic","Card","Potion","Relic","Card","Potion"],"build_version":"2020-12-13","purchased_purges":5,"victory":false,"max_hp_per_floor":[68,68,68,68,68,68,68,68,68,68,68,68,68,68,68,68,68,68,68,68,68,68,68,68,68,68,68,68,68,68,68,75,75,75,75,75,75,75,75,75,75,75,75,75,75,75,75,75,75,75,75,75,75,75,75,75,75],"relic_stats":{"Regal Pillow":0,"counters":[31,94],"Eternal Feather":25,"StoneCalendar":[52],"Bag of Preparation":[50],"Whetstone":["BowlingBash","LessonLearned"],"Boot":[1],"Centennial Puzzle":[3],"Shovel":4,"TheAbacus":[714],"Pantograph":0,"Turnip":[3],"obtain_stats":[{"Regal Pillow":43,"Oddly Smooth Stone":27,"Eternal Feather":44,"StoneCalendar":46,"Bag of Preparation":8,"Whetstone":6,"Bottled Tornado":40,"Boot":41,"Centennial Puzzle":55,"Shovel":13,"TheAbacus":37,"Strawberry":32,"Pantograph":53,"WingedGreaves":15,"Turnip":25,"Fusion Hammer":34,"Coffee Dripper":17,"Membership Card":11,"PureWater":0,"Meat on the Bone":9,"Pocketwatch":23},{"Regal Pillow":23,"Oddly Smooth Stone":17,"Eternal Feather":24,"StoneCalendar":25,"Bag of Preparation":6,"Whetstone":4,"Bottled Tornado":22,"Boot":23,"Centennial Puzzle":30,"Shovel":8,"TheAbacus":21,"Strawberry":19,"Pantograph":29,"WingedGreaves":9,"Turnip":16,"Fusion Hammer":20,"Coffee Dripper":10,"Membership Card":7,"PureWater":0,"Meat on the Bone":6,"Pocketwatch":14},{"Regal Pillow":67,"Oddly Smooth Stone":55,"Eternal Feather":68,"StoneCalendar":71,"Bag of Preparation":25,"Whetstone":19,"Bottled Tornado":64,"Boot":67,"Centennial Puzzle":88,"Shovel":30,"TheAbacus":63,"Strawberry":58,"Pantograph":87,"WingedGreaves":32,"Turnip":52,"Fusion Hammer":61,"Coffee Dripper":39,"Membership Card":27,"PureWater":0,"Meat on the Bone":25,"Pocketwatch":46}],"Meat on the Bone":60,"Pocketwatch":[12]},"card_choices":[{"not_picked":["CrushJoints","Swivel"],"picked":"FearNoEvil","floor":1.0},{"not_picked":["Halt","Consecrate"],"picked":"BowlingBash","floor":2.0},{"not_picked":["WindmillStrike","Evaluate","EmptyFist"],"picked":"SKIP","floor":5.0},{"not_picked":["Study","EmptyBody"],"picked":"Indignation","floor":6.0},{"not_picked":["CrushJoints","SignatureMove","Sanctity"],"picked":"SKIP","floor":7.0},{"not_picked":["DevaForm","Conclude"],"picked":"Adaptation","floor":8.0},{"not_picked":["Perseverance","DeceiveReality","ClearTheMind"],"picked":"SKIP","floor":10.0},{"not_picked":["Conclude","PathToVictory","CarveReality"],"picked":"SKIP","floor":13.0},{"not_picked":["WaveOfTheHand","InnerPeace","BowlingBash"],"picked":"SKIP","floor":14.0},{"not_picked":["Wish","MasterReality"],"picked":"Scrawl","floor":16.0},{"not_picked":["Weave","FollowUp","DeceiveReality"],"picked":"SKIP","floor":18.0},{"not_picked":["ForeignInfluence","InnerPeace","Protect"],"picked":"SKIP","floor":19.0},{"not_picked":["FlurryOfBlows+1","Brilliance","Evaluate"],"picked":"SKIP","floor":22.0},{"not_picked":["Wallop","Vengeance","CrushJoints+1"],"picked":"SKIP","floor":23.0},{"not_picked":["Study","Weave","FlurryOfBlows"],"picked":"SKIP","floor":24.0},{"not_picked":["Collect+1","FlurryOfBlows","Halt"],"picked":"SKIP","floor":25.0},{"not_picked":["WaveOfTheHand+1","BattleHymn","SashWhip+1"],"picked":"SKIP","floor":27.0},{"not_picked":["CrushJoints","TalkToTheHand+1","SashWhip+1"],"picked":"SKIP","floor":28.0},{"not_picked":["Tantrum","ClearTheMind","Pray"],"picked":"SKIP","floor":30.0},{"not_picked":["Adaptation","FollowUp","Vengeance+1"],"picked":"SKIP","floor":35.0},{"not_picked":["Weave","Evaluate","ThirdEye"],"picked":"SKIP","floor":39.0},{"not_picked":["Worship+1","Protect","Weave"],"picked":"SKIP","floor":41.0},{"not_picked":["SignatureMove","WreathOfFlame","Wireheading"],"picked":"SKIP","floor":44.0},{"not_picked":["Fasting2","Adaptation","Protect"],"picked":"SKIP","floor":45.0},{"not_picked":["Adaptation","Protect"],"picked":"Fasting2","floor":45.0},{"not_picked":["CrushJoints+1","EmptyBody","JustLucky"],"picked":"SKIP","floor":47.0},{"not_picked":["FlurryOfBlows","Consecrate+1","LikeWater"],"picked":"SKIP","floor":48.0},{"not_picked":["Crescendo+1","ReachHeaven","EmptyBody"],"picked":"SKIP","floor":55.0}],"player_experience":222364,"relics_obtained":[{"floor":6.0,"key":"Whetstone"},{"floor":8.0,"key":"Bag of Preparation"},{"floor":9.0,"key":"Meat on the Bone"},{"floor":13.0,"key":"Shovel"},{"floor":15.0,"key":"WingedGreaves"},{"floor":23.0,"key":"Pocketwatch"},{"floor":25.0,"key":"Turnip"},{"floor":27.0,"key":"Oddly Smooth Stone"},{"floor":32.0,"key":"Strawberry"},{"floor":40.0,"key":"Bottled Tornado"},{"floor":41.0,"key":"Boot"},{"floor":43.0,"key":"Regal Pillow"},{"floor":44.0,"key":"Eternal Feather"},{"floor":46.0,"key":"StoneCalendar"},{"floor":53.0,"key":"Pantograph"},{"floor":55.0,"key":"Centennial Puzzle"}],"event_choices":[{"damage_healed":0.0,"max_hp_gain":0.0,"max_hp_loss":0.0,"gold_gain":0.0,"event_name":"Living Wall","player_choice":"Grow","floor":3.0,"gold_loss":0.0,"damage_taken":0.0,"cards_upgraded":["Eruption"]},{"damage_healed":0.0,"max_hp_gain":0.0,"max_hp_loss":0.0,"gold_gain":75.0,"event_name":"World of Goop","player_choice":"Gather Gold","floor":4.0,"gold_loss":0.0,"damage_taken":11.0},{"damage_healed":0.0,"max_hp_gain":0.0,"max_hp_loss":0.0,"gold_gain":0.0,"event_name":"Cursed Tome","player_choice":"Ignored","floor":20.0,"gold_loss":0.0,"damage_taken":0.0},{"damage_healed":14.0,"max_hp_gain":0.0,"max_hp_loss":0.0,"gold_gain":0.0,"event_name":"The Library","player_choice":"Heal","floor":21.0,"gold_loss":0.0,"damage_taken":0.0},{"damage_healed":0.0,"max_hp_gain":0.0,"max_hp_loss":0.0,"gold_gain":0.0,"event_name":"Ghosts","player_choice":"Ignored","floor":31.0,"gold_loss":0.0,"damage_taken":0.0},{"damage_healed":0.0,"max_hp_gain":0.0,"max_hp_loss":0.0,"gold_gain":0.0,"event_name":"SensoryStone","player_choice":"Memory 3","floor":36.0,"gold_loss":0.0,"damage_taken":10.0},{"damage_healed":0.0,"max_hp_gain":0.0,"max_hp_loss":0.0,"gold_gain":0.0,"event_name":"Tomb of Lord Red Mask","player_choice":"Ignored","floor":38.0,"gold_loss":0.0,"damage_taken":0.0}],"is_beta":false,"boss_relics":[{"not_picked":["SacredBark","Black Star"],"picked":"Coffee Dripper"},{"not_picked":["Philosopher\u0027s Stone","Snecko Eye"],"picked":"Fusion Hammer"}],"items_purged_floors":[11,29,37,42,54],"is_endless":false,"potions_floor_spawned":[5,6,14,22,24,25,27,33,39,47,55],"killed_by":"The Heart","ascension_level":20}}