{"host":"egyxg9lnjq7g2hmw","time":1608610700,"event":{"mods":["AchievementEnabler","BaseMod","Block Reminder","Colored Map","Colored Powertips","Highlight Path","Minty Spire (QoL Compilation)","Rare Cards Sparkle","StSLib"],"gold_per_floor":[115,128,25,25,41,41,74,74,74,74,106,125,139,139,139,218,218,228,238,238,248,259,259,276,310,388,388,401,401,401,401,401,401,401],"floor_reached":33,"playtime":1224,"items_purged":["Strike_G"],"score":629,"play_id":"2a0194ba-ef55-4dea-b96e-c11dbc1078e2","local_time":"20201221201820","is_ascension_mode":true,"campfire_choices":[{"data":"Neutralize","floor":6.0,"key":"SMITH"},{"data":"Deadly Poison","floor":8.0,"key":"SMITH"},{"data":"Skewer","floor":10.0,"key":"SMITH"},{"floor":15.0,"key":"REST"},{"floor":23.0,"key":"REST"},{"data":"Night Terror","floor":27,"key":"SMITH"},{"data":"Footwork","floor":29,"key":"SMITH"},{"floor":32,"key":"REST"}],"circlet_count":0,"master_deck":["AscendersBane","Defend_G","Defend_G","Defend_G","Defend_G","Defend_G","Survivor","Neutralize+1","Backstab","Deadly Poison+1","Skewer+1","Crippling Poison","Footwork+1","Catalyst+1","Night Terror+1","Footwork","Deadly Poison","Bane","Bite","Bite","Bite","Bite","Bite","RitualDagger"],"relics":["Ring of the Snake","FaceOfCleric","Lizard Tail","Turnip","The Courier","Busted Crown","Mercury Hourglass","Blue Candle"],"acts_visited":["Exordium","TheCity"],"potions_floor_usage":[25,25],"damage_taken":[{"damage":8.0,"enemies":"Cultist","floor":1.0,"turns":5.0},{"damage":0.0,"enemies":"Jaw Worm","floor":2.0,"turns":5.0},{"damage":0.0,"enemies":"2 Louse","floor":5.0,"turns":2.0},{"damage":18.0,"enemies":"Lagavulin","floor":7.0,"turns":6.0},{"damage":17.0,"enemies":"3 Sentries","floor":11.0,"turns":9.0},{"damage":8.0,"enemies":"Gremlin Gang","floor":12.0,"turns":4.0},{"damage":0.0,"enemies":"Blue Slaver","floor":13.0,"turns":3.0},{"damage":9.0,"enemies":"Hexaghost","floor":16.0,"turns":9.0},{"damage":13.0,"enemies":"3 Byrds","floor":18.0,"turns":5.0},{"damage":0.0,"enemies":"Chosen","floor":19.0,"turns":3.0},{"damage":24.0,"enemies":"Snake Plant","floor":21.0,"turns":2.0},{"damage":9.0,"enemies":"Centurion and Healer","floor":22.0,"turns":6.0},{"damage":10.0,"enemies":"3 Cultists","floor":24.0,"turns":6.0},{"damage":61,"enemies":"Gremlin Leader","floor":25,"turns":7},{"damage":13,"enemies":"Snecko","floor":28,"turns":5},{"damage":78,"enemies":"Automaton","floor":33,"turns":6}],"seed_played":"2995890170021976644","potions_obtained":[{"floor":0.0,"key":"PowerPotion"},{"floor":0.0,"key":"Explosive Potion"},{"floor":12.0,"key":"Dexterity Potion"},{"floor":13.0,"key":"Fire Potion"},{"floor":16.0,"key":"LiquidBronze"},{"floor":19.0,"key":"PowerPotion"},{"floor":22.0,"key":"CultistPotion"},{"floor":28,"key":"LiquidBronze"}],"is_trial":false,"path_per_floor":["M","M","$","?","M","R","E","R","T","R","E","M","M","?","R","B",null,"M","M","?","M","M","R","M","E","T","R","M","R","?","?","R","B"],"character_chosen":"THE_SILENT","items_purchased":["Deadly Poison"],"campfire_rested":3,"item_purchase_floors":[3],"current_hp_per_floor":[51,51,51,51,52,52,35,35,35,35,19,12,13,13,34,26,61,49,50,50,27,19,41,32,23,23,23,11,11,11,5,21,0,0],"gold":401,"neow_bonus":"THREE_SMALL_POTIONS","is_daily":false,"chose_seed":false,"campfire_upgraded":5,"win_rate":0.0,"timestamp":1608610700,"path_taken":["M","?","$","?","M","R","E","R","T","R","E","?","M","?","R","BOSS","M","?","?","M","M","R","?","E","T","R","M","R","?","?","R","BOSS"],"items_purchased_type":["Card"],"build_version":"2020-12-13","purchased_purges":1,"victory":false,"max_hp_per_floor":[66,66,66,66,67,67,68,68,68,68,69,70,71,71,71,72,72,73,74,74,75,76,76,77,78,78,78,79,79,55,55,55,55,55],"card_choices":[{"not_picked":["Crippling Poison","Dodge and Roll"],"picked":"Backstab","floor":1.0},{"not_picked":["Acrobatics","Leg Sweep","PiercingWail"],"picked":"SKIP","floor":2.0},{"not_picked":["Calculated Gamble","Deflect"],"picked":"Skewer","floor":5.0},{"not_picked":["Reflex","Underhanded Strike"],"picked":"Crippling Poison","floor":7.0},{"not_picked":["Prepared","Escape Plan","Dodge and Roll"],"picked":"SKIP","floor":11.0},{"not_picked":["Distraction","Flying Knee"],"picked":"Footwork","floor":12.0},{"not_picked":["Glass Knife","Poisoned Stab"],"picked":"Catalyst","floor":13.0},{"not_picked":["Grand Finale","Malaise"],"picked":"Night Terror","floor":16.0},{"not_picked":["Deflect"],"picked":"SKIP","floor":18.0},{"not_picked":["Footwork"],"picked":"SKIP","floor":19.0},{"not_picked":[],"picked":"Footwork","floor":19.0},{"not_picked":[],"picked":"Bane","floor":21.0},{"not_picked":["Cloak And Dagger"],"picked":"SKIP","floor":22.0},{"not_picked":["Backflip"],"picked":"SKIP","floor":24.0},{"not_picked":["Bane"],"picked":"SKIP","floor":25},{"not_picked":["Backflip"],"picked":"SKIP","floor":28}],"player_experience":566960,"relics_obtained":[{"floor":7.0,"key":"Lizard Tail"},{"floor":9.0,"key":"Turnip"},{"floor":11.0,"key":"The Courier"},{"floor":25,"key":"Mercury Hourglass"},{"floor":26,"key":"Blue Candle"}],"event_choices":[{"damage_healed":0.0,"max_hp_gain":0.0,"max_hp_loss":0.0,"gold_gain":0.0,"event_name":"FaceTrader","player_choice":"Trade","floor":4.0,"gold_loss":0.0,"damage_taken":0.0,"relics_obtained":["FaceOfCleric"]},{"damage_healed":0.0,"max_hp_gain":0.0,"max_hp_loss":0.0,"gold_gain":0.0,"event_name":"Accursed Blacksmith","player_choice":"Forge","floor":14.0,"gold_loss":0.0,"damage_taken":0.0,"cards_upgraded":["Catalyst"]},{"damage_healed":0.0,"max_hp_gain":0.0,"max_hp_loss":0.0,"gold_gain":0.0,"cards_transformed":["Strike_G"],"event_name":"Transmorgrifier","player_choice":"Transformed","floor":20.0,"gold_loss":0.0,"damage_taken":0.0,"cards_obtained":["Deadly Poison"]},{"damage_healed":0,"gold_gain":0,"player_choice":"Became a vampire","damage_taken":0,"max_hp_gain":0,"max_hp_loss":24,"event_name":"Vampires","floor":30,"gold_loss":0,"cards_obtained":["Bite","Bite","Bite","Bite","Bite"]},{"damage_healed":0,"gold_gain":0,"player_choice":"Joined the Cult","damage_taken":6,"max_hp_gain":0,"max_hp_loss":0,"event_name":"Nest","floor":31,"gold_loss":0,"cards_obtained":["RitualDagger"]}],"is_beta":false,"boss_relics":[{"not_picked":["Philosopher\u0027s Stone","Astrolabe"],"picked":"Busted Crown"}],"items_purged_floors":[3],"is_endless":false,"potions_floor_spawned":[5,12,13,16,19,21,22,28],"killed_by":"Automaton","ascension_level":20}}