{"host":"7khtwbkyze7y134w","time":1608665494,"event":{"mods":["AchievementEnabler","BaseMod","Bestiary","Colored Map","Colored Powertips","Highlight Path","Minty Spire (QoL Compilation)","Quick Restart","Relic Stats","StSLib","SuperFastMode"],"gold_per_floor":[110,130,143,162,162,162,173,206,229,241,252,252,287,301,301,400,400,416,416,142,157,157],"floor_reached":21,"playtime":1178,"items_purged":["Defend_P"],"score":220,"play_id":"e0b15888-c102-4559-8ad1-6e7d262bcc11","local_time":"20201222193134","is_ascension_mode":false,"campfire_choices":[{"data":"WindmillStrike","floor":6,"key":"SMITH"},{"data":"FlyingSleeves","floor":12,"key":"SMITH"},{"floor":15,"key":"REST"}],"circlet_count":0,"master_deck":["Strike_P","Strike_P+1","Strike_P+1","Defend_P+1","Defend_P","Defend_P","Eruption","Vigilance","WindmillStrike+1","ClearTheMind+1","ThirdEye","FlyingSleeves+1","Crescendo","Establishment","Necronomicurse","Protect","Halt"],"relics":["PureWater","NeowsBlessing","Bag of Marbles","War Paint","Nunchaku","SlaversCollar","Necronomicon","Whetstone"],"acts_visited":["Exordium","TheCity"],"potions_floor_usage":[8,8,13,16,18,21],"damage_taken":[{"damage":0,"enemies":"Small Slimes","floor":1,"turns":1},{"damage":0,"enemies":"Cultist","floor":2,"turns":1},{"damage":0,"enemies":"Jaw Worm","floor":3,"turns":1},{"damage":19,"enemies":"Large Slime","floor":4,"turns":5},{"damage":8,"enemies":"Red Slaver","floor":7,"turns":3},{"damage":0,"enemies":"Gremlin Nob","floor":8,"turns":3},{"damage":2,"enemies":"Blue Slaver","floor":10,"turns":5},{"damage":0,"enemies":"Exordium Wildlife","floor":11,"turns":3},{"damage":15,"enemies":"3 Sentries","floor":13,"turns":8},{"damage":5,"enemies":"Looter","floor":14,"turns":3},{"damage":6,"enemies":"Slime Boss","floor":16,"turns":6},{"damage":0,"enemies":"Shell Parasite","floor":18,"turns":4},{"damage":55,"enemies":"3 Byrds","floor":21,"turns":7}],"seed_played":"-5421760523778500159","potions_obtained":[{"floor":1,"key":"Block Potion"},{"floor":2,"key":"Strength Potion"},{"floor":3,"key":"SkillPotion"},{"floor":11,"key":"Fire Potion"},{"floor":14,"key":"CultistPotion"},{"floor":16,"key":"LiquidMemories"}],"is_trial":false,"path_per_floor":["M","M","M","M","?","R","M","E","T","M","M","R","E","M","R","B",null,"M","?","$","M"],"character_chosen":"WATCHER","items_purchased":["Protect","Whetstone"],"campfire_rested":1,"item_purchase_floors":[20,20],"current_hp_per_floor":[72,72,72,53,53,53,45,45,45,43,43,43,28,23,44,38,72,72,56,56,1,1],"gold":157,"neow_bonus":"THREE_ENEMY_KILL","is_daily":false,"chose_seed":false,"campfire_upgraded":2,"win_rate":0.0,"timestamp":1608665494,"path_taken":["M","M","M","M","?","R","M","E","T","M","?","R","E","M","R","BOSS","M","?","$","M"],"items_purchased_type":["Card","Relic"],"build_version":"2020-12-13","purchased_purges":1,"victory":false,"max_hp_per_floor":[72,72,72,72,72,72,72,72,72,72,72,72,72,72,72,72,72,72,72,72,72,72],"relic_stats":{"Nunchaku":[2],"counters":[13,50],"Necronomicon":[1],"Whetstone":["Strike_P","Strike_P"],"War Paint":["ClearTheMind","Defend_P"],"obtain_stats":[{"SlaversCollar":17,"Nunchaku":13,"NeowsBlessing":0,"Bag of Marbles":8,"Necronomicon":19,"Whetstone":20,"PureWater":0,"War Paint":9},{"SlaversCollar":11,"Nunchaku":9,"NeowsBlessing":0,"Bag of Marbles":6,"Necronomicon":12,"Whetstone":12,"PureWater":0,"War Paint":6},{"SlaversCollar":39,"Nunchaku":30,"NeowsBlessing":0,"Bag of Marbles":14,"Necronomicon":43,"Whetstone":43,"PureWater":0,"War Paint":14}]},"card_choices":[{"not_picked":["SashWhip","PathToVictory"],"picked":"WindmillStrike","floor":1},{"not_picked":["EmptyFist","Consecrate","SashWhip"],"picked":"SKIP","floor":2},{"not_picked":["EmptyBody","DeusExMachina"],"picked":"ClearTheMind","floor":3},{"not_picked":["FlurryOfBlows","Indignation","Swivel"],"picked":"SKIP","floor":4},{"not_picked":["Wallop","Consecrate"],"picked":"ThirdEye","floor":7},{"not_picked":["Tantrum","Halt","WreathOfFlame"],"picked":"SKIP","floor":8},{"not_picked":["DeceiveReality","LessonLearned"],"picked":"FlyingSleeves","floor":10},{"not_picked":["Evaluate","FearNoEvil"],"picked":"Crescendo","floor":11},{"not_picked":["Consecrate","CrushJoints","FlurryOfBlows"],"picked":"SKIP","floor":13},{"not_picked":["Study","CrushJoints","InnerPeace"],"picked":"SKIP","floor":14},{"not_picked":["Scrawl","ConjureBlade"],"picked":"Establishment","floor":16},{"not_picked":["Nirvana+1","Halt","Evaluate+1"],"picked":"SKIP","floor":18},{"not_picked":["ReachHeaven","FlurryOfBlows"],"picked":"Halt","floor":21}],"player_experience":13396,"relics_obtained":[{"floor":8,"key":"Bag of Marbles"},{"floor":9,"key":"War Paint"},{"floor":13,"key":"Nunchaku"},{"floor":19,"key":"Necronomicon"}],"event_choices":[{"cards_removed":["Strike_P"],"damage_healed":0,"gold_gain":0,"player_choice":"Purged","damage_taken":0,"max_hp_gain":0,"max_hp_loss":0,"event_name":"Purifier","floor":5,"gold_loss":0},{"damage_healed":0,"gold_gain":0,"player_choice":"Obtained Book","damage_taken":16,"max_hp_gain":0,"max_hp_loss":0,"event_name":"Cursed Tome","floor":19,"gold_loss":0}],"is_beta":false,"boss_relics":[{"not_picked":["Coffee Dripper","Velvet Choker"],"picked":"SlaversCollar"}],"items_purged_floors":[20],"is_endless":false,"potions_floor_spawned":[1,2,3,11,14,16],"killed_by":"3 Byrds","ascension_level":0}}