{"host":"kdt6w7ix8lwe69i9","time":1608608144,"event":{"mods":["Bartender","BaseMod","Downfall","Fiend Mod","Jorbs\u0027s Wanderer Trilogy","Minty Spire (QoL Compilation)","Reimu（博丽灵梦）","Robot Space Explorer","StSLib","The Cursed","The Disciple","The Dragon Tamer","The Druid","The Elementalist","The Forsaken","The Gatherer","The Judge","TheBandit"],"gold_per_floor":[118,136,149,168,268,268,280,280,280,314,274,274,292,292,292,393,393,393,393,393,393,393,393,393,393,393,393,135,135,135,135,135],"floor_reached":31,"playtime":2331,"items_purged":[],"score":282,"play_id":"67b201a2-5114-48bd-8794-21747ec66132","local_time":"20201221223544","is_ascension_mode":false,"campfire_choices":[{"data":"RobotSpaceExplorer:Explosion","floor":6,"key":"SMITH"},{"floor":8,"key":"REST"},{"data":"RobotSpaceExplorer:PlasmaMissile","floor":15,"key":"SMITH"},{"floor":25,"key":"REST"}],"circlet_count":0,"master_deck":["RobotSpaceExplorer:Strike","RobotSpaceExplorer:Strike","RobotSpaceExplorer:Strike","RobotSpaceExplorer:Strike","RobotSpaceExplorer:Defend","RobotSpaceExplorer:Defend","RobotSpaceExplorer:Defend","RobotSpaceExplorer:Defend","RobotSpaceExplorer:Scan","RobotSpaceExplorer:MiniLasers","RobotSpaceExplorer:Pulsar","RobotSpaceExplorer:Explosion+1","RobotSpaceExplorer:PlasmaMissile+1","RobotSpaceExplorer:SlimeMissile","RobotSpaceExplorer:Fix","RobotSpaceExplorer:Electropulse","RobotSpaceExplorer:Jetpack","RobotSpaceExplorer:Arsenal","RobotSpaceExplorer:SelfCleaning","RobotSpaceExplorer:FrostMissile","RobotSpaceExplorer:ScrapMissile","RobotSpaceExplorer:Reload","RobotSpaceExplorer:Ammunition","RobotSpaceExplorer:Electropulse","Bite","Bite","Bite","Bite","Bite","RobotSpaceExplorer:MiniBoosters","RobotSpaceExplorer:BigMissile","RobotSpaceExplorer:ShockKick+1","RobotSpaceExplorer:ScrapMissile"],"relics":["RobotSpaceExplorer:RoboCore","CaptainsWheel","White Beast Statue","Mastiff:ReiMu","PaintedHorse:ReiMu","Bottled Flame","Ectoplasm","Shuriken","Ancient Tea Set","TentaclePot:ReiMu","PureWhite:ReiMu","CrazyTorch:ReiMu"],"acts_visited":["Exordium","TheCity"],"potions_floor_usage":[10,10,16,16,18,20,24,29,29,30,30,31],"damage_taken":[{"damage":6,"enemies":"Cultist","floor":1,"turns":4},{"damage":0,"enemies":"Jaw Worm","floor":2,"turns":3},{"damage":7,"enemies":"2 Louse","floor":3,"turns":3},{"damage":6,"enemies":"Looter","floor":4,"turns":3},{"damage":8,"enemies":"2 Fungi Beasts","floor":7,"turns":3},{"damage":9,"enemies":"3 Sentries","floor":10,"turns":6},{"damage":0,"enemies":"Blue Slaver","floor":13,"turns":3},{"damage":19,"enemies":"The Guardian","floor":16,"turns":9},{"damage":1,"enemies":"3 Byrds","floor":18,"turns":3},{"damage":1,"enemies":"Chosen","floor":19,"turns":2},{"damage":12,"enemies":"Shelled Parasite and Fungi","floor":20,"turns":5},{"damage":9,"enemies":"Book of Stabbing","floor":23,"turns":3},{"damage":9,"enemies":"Snake Plant","floor":24,"turns":3},{"damage":8,"enemies":"Snecko","floor":29,"turns":3},{"damage":20,"enemies":"Colosseum Slavers","floor":30,"turns":2},{"damage":9,"enemies":"Colosseum Nobs","floor":30,"turns":3},{"damage":23,"enemies":"Gremlin Leader","floor":31,"turns":1}],"seed_played":"6393681800798684813","potions_obtained":[{"floor":1,"key":"Dexterity Potion"},{"floor":3,"key":"RobotSpaceExplorer:RecyclePotion"},{"floor":4,"key":"FearPotion"},{"floor":10,"key":"AttackPotion"},{"floor":13,"key":"Fire Potion"},{"floor":16,"key":"Fire Potion"},{"floor":18,"key":"BlessingOfTheForge"},{"floor":19,"key":"PowerPotion"},{"floor":20,"key":"RobotSpaceExplorer:RecyclePotion"},{"floor":23,"key":"BlessingOfTheForge"},{"floor":24,"key":"AttackPotion"},{"floor":29,"key":"Energy Potion"},{"floor":30,"key":"GrandPatriotsElixir:ReiMu"}],"is_trial":false,"path_per_floor":["M","M","M","M","?","R","M","R","T","E","?","?","M","T","R","B",null,"M","M","M","?","?","E","M","R","T","?","$","M","?","E"],"character_chosen":"RobotSpaceExplorer","items_purchased":["TentaclePot:ReiMu","RobotSpaceExplorer:MiniBoosters","RobotSpaceExplorer:BigMissile"],"campfire_rested":2,"item_purchase_floors":[28,28,28],"current_hp_per_floor":[62,62,55,49,49,49,41,61,61,56,56,56,60,60,60,45,68,67,66,58,58,58,49,40,60,60,47,47,43,22,0,0],"gold":135,"neow_bonus":"ONE_RARE_RELIC","is_daily":false,"chose_seed":false,"campfire_upgraded":2,"win_rate":0.0,"timestamp":1608608144,"path_taken":["M","?","M","M","?","R","?","R","T","E","?","?","M","?","R","BOSS","M","M","M","?","?","E","M","R","T","?","?","?","?","E"],"items_purchased_type":["Relic","Card","Card"],"build_version":"2020-12-13","purchased_purges":0,"victory":false,"max_hp_per_floor":[68,68,68,68,68,68,68,68,68,68,68,68,68,68,68,68,68,68,68,68,68,68,68,68,68,68,47,47,47,47,47,47],"card_choices":[{"not_picked":["RobotSpaceExplorer:GlueShot","RobotSpaceExplorer:FrostMissile"],"picked":"RobotSpaceExplorer:Pulsar","floor":1},{"not_picked":["RobotSpaceExplorer:GlueShot","RobotSpaceExplorer:FranticSearch"],"picked":"RobotSpaceExplorer:Explosion","floor":2},{"not_picked":["RobotSpaceExplorer:LaserBurst","RobotSpaceExplorer:Smokescreen"],"picked":"RobotSpaceExplorer:PlasmaMissile","floor":3},{"not_picked":["RobotSpaceExplorer:Pulsar","RobotSpaceExplorer:FranticSearch"],"picked":"RobotSpaceExplorer:SlimeMissile","floor":4},{"not_picked":["RobotSpaceExplorer:Pulsar","RobotSpaceExplorer:DualCore"],"picked":"RobotSpaceExplorer:Fix","floor":7},{"not_picked":["RobotSpaceExplorer:ExhaustFan","RobotSpaceExplorer:ScrapShield"],"picked":"RobotSpaceExplorer:Electropulse","floor":10},{"not_picked":["RobotSpaceExplorer:DoubleBlock","RobotSpaceExplorer:ToxicBomb"],"picked":"RobotSpaceExplorer:Jetpack","floor":13},{"not_picked":["RobotSpaceExplorer:Scanner","RobotSpaceExplorer:Explosion"],"picked":"RobotSpaceExplorer:Arsenal","floor":16},{"not_picked":["RobotSpaceExplorer:ShovelStrike","RobotSpaceExplorer:ImprovisedAttack"],"picked":"RobotSpaceExplorer:SelfCleaning","floor":18},{"not_picked":["RobotSpaceExplorer:Fix","RobotSpaceExplorer:GlueShot"],"picked":"RobotSpaceExplorer:FrostMissile","floor":19},{"not_picked":["RobotSpaceExplorer:Counterblock","RobotSpaceExplorer:GlueSpray"],"picked":"RobotSpaceExplorer:ScrapMissile","floor":20},{"not_picked":["RobotSpaceExplorer:GearShield","RobotSpaceExplorer:Calculate"],"picked":"RobotSpaceExplorer:Ammunition","floor":23},{"not_picked":["RobotSpaceExplorer:TurboDodge","RobotSpaceExplorer:SurgingShield+1"],"picked":"RobotSpaceExplorer:Electropulse","floor":24},{"not_picked":["RobotSpaceExplorer:Calculate","RobotSpaceExplorer:GlueShot"],"picked":"RobotSpaceExplorer:ShockKick+1","floor":29},{"not_picked":["RobotSpaceExplorer:ShockKick","RobotSpaceExplorer:BigMissile"],"picked":"RobotSpaceExplorer:ScrapMissile","floor":30}],"player_experience":1563456,"relics_obtained":[{"floor":9,"key":"White Beast Statue"},{"floor":10,"key":"Mastiff:ReiMu"},{"floor":14,"key":"Bottled Flame"},{"floor":23,"key":"Shuriken"},{"floor":26,"key":"Ancient Tea Set"},{"floor":30,"key":"PureWhite:ReiMu"},{"floor":30,"key":"CrazyTorch:ReiMu"}],"event_choices":[{"damage_healed":0,"gold_gain":100,"player_choice":"Gold","damage_taken":0,"max_hp_gain":0,"max_hp_loss":0,"event_name":"Wheel of Change","floor":5,"gold_loss":0},{"damage_healed":0,"gold_gain":0,"player_choice":"Donate","damage_taken":0,"relics_obtained":["PaintedHorse:ReiMu"],"max_hp_gain":0,"max_hp_loss":0,"event_name":"yidonshenshe","floor":11,"gold_loss":40},{"damage_healed":0,"gold_gain":0,"player_choice":"Leave","damage_taken":0,"max_hp_gain":0,"max_hp_loss":0,"event_name":"The Cleric","floor":12,"gold_loss":0},{"damage_healed":0,"gold_gain":0,"player_choice":"Read","damage_taken":0,"max_hp_gain":0,"max_hp_loss":0,"event_name":"The Library","floor":22,"gold_loss":0,"cards_obtained":["RobotSpaceExplorer:Reload"]},{"damage_healed":0,"gold_gain":0,"player_choice":"Became a vampire","damage_taken":0,"max_hp_gain":0,"max_hp_loss":21,"event_name":"Vampires","floor":27,"gold_loss":0,"cards_obtained":["Bite","Bite","Bite","Bite","Bite"]},{"damage_healed":0,"gold_gain":0,"player_choice":"Fight","damage_taken":0,"max_hp_gain":0,"max_hp_loss":0,"event_name":"Colosseum","floor":30,"gold_loss":0},{"damage_healed":0,"gold_gain":0,"player_choice":"Fought Nobs","damage_taken":0,"max_hp_gain":0,"max_hp_loss":0,"event_name":"Colosseum","floor":30,"gold_loss":0}],"is_beta":false,"boss_relics":[{"not_picked":["Sozu","Runic Dome"],"picked":"Ectoplasm"}],"items_purged_floors":[],"is_endless":false,"potions_floor_spawned":[1,3,4,10,13,16,18,19,20,23,24,29,30,30],"killed_by":"Gremlin Leader","ascension_level":0}}