{"host":"126yiuos2nq86se7","time":1608626377,"event":{"mods":["AchievementEnabler","Act Like it!","BaseMod","Colored Map","Colored Powertips","Downfall","Friendly Minions","Highlight Path","Minty Spire (QoL Compilation)","StSLib","SuperFastMode","The Animator"],"gold_per_floor":[119,139,139,139,151,151,151,151,176,205,2,18,18,36,36,139,189,202,202,252,15,33,33,46,46,71,71,85,102,102,118,118,118,118],"floor_reached":33,"playtime":830,"items_purged":["Parasite","Strike_R"],"score":247,"play_id":"fa19f647-8b7a-4350-91d9-e67e2162dccf","local_time":"20201222193937","is_ascension_mode":false,"campfire_choices":[{"data":"Armaments","floor":6,"key":"SMITH"},{"data":"Rupture","floor":8,"key":"SMITH"},{"data":"Inflame","floor":15,"key":"SMITH"},{"data":"Combust","floor":23,"key":"SMITH"},{"floor":25,"key":"REST"},{"floor":27,"key":"REST"},{"floor":30,"key":"REST"},{"data":"Fire Breathing","floor":32,"key":"SMITH"}],"circlet_count":0,"master_deck":["Strike_R+1","Strike_R+1","Strike_R","Defend_R","Defend_R","Defend_R","Defend_R","Bash+1","Rupture+1","Armaments+1","Inflame+1","Combust+1","Power Through","Power Through","Fire Breathing+1","Hemokinesis","Hemokinesis+1","Disarm","Power Through","Sever Soul+1","Blood for Blood+1","Ghostly Armor+1"],"relics":["Burning Blood","Lantern","StrikeDummy","Orichalcum","Smiling Mask","Bag of Marbles","Tiny House","Orrery","Whetstone"],"acts_visited":["Exordium","TheCity"],"potions_floor_usage":[10,10,16,33,33,33],"damage_taken":[{"damage":1,"enemies":"Cultist","floor":1,"turns":3},{"damage":2,"enemies":"Small Slimes","floor":2,"turns":5},{"damage":2,"enemies":"2 Louse","floor":5,"turns":4},{"damage":4,"enemies":"Gremlin Nob","floor":10,"turns":5},{"damage":4,"enemies":"2 Fungi Beasts","floor":12,"turns":4},{"damage":2,"enemies":"Blue Slaver","floor":14,"turns":3},{"damage":50,"enemies":"Hexaghost","floor":16,"turns":9},{"damage":23,"enemies":"3 Byrds","floor":18,"turns":7},{"damage":11,"enemies":"2 Thieves","floor":22,"turns":4},{"damage":46,"enemies":"3 Cultists","floor":24,"turns":6},{"damage":2,"enemies":"Snecko","floor":28,"turns":6},{"damage":22,"enemies":"Sentry and Sphere","floor":29,"turns":6},{"damage":25,"enemies":"Centurion and Healer","floor":31,"turns":7},{"damage":61,"enemies":"Collector","floor":33,"turns":8}],"seed_played":"2988585618869186729","potions_obtained":[{"floor":1,"key":"Weak Potion"},{"floor":2,"key":"Block Potion"},{"floor":12,"key":"Swift Potion"},{"floor":16,"key":"LiquidMemories"},{"floor":17,"key":"SneckoOil"},{"floor":22,"key":"Block Potion"},{"floor":24,"key":"SkillPotion"}],"is_trial":false,"path_per_floor":["M","M","?","?","M","R","?","R","T","E","$","M","?","M","R","B",null,"M","?","?","$","M","R","M","R","T","R","M","M","R","M","R","B"],"character_chosen":"IRONCLAD","items_purchased":["Bag of Marbles","Hemokinesis","Orrery"],"campfire_rested":3,"item_purchase_floors":[11,21,21],"current_hp_per_floor":[80,80,77,70,74,74,80,80,80,80,77,77,77,77,77,33,82,65,65,65,65,60,60,20,44,44,68,72,56,80,61,61,0,0],"gold":118,"neow_bonus":"RANDOM_COMMON_RELIC","is_daily":false,"chose_seed":false,"campfire_upgraded":5,"win_rate":0.0,"timestamp":1608626377,"path_taken":["M","M","?","?","M","R","?","R","T","E","$","M","?","M","R","BOSS","M","?","?","$","M","R","M","R","T","R","M","?","R","M","R","BOSS"],"items_purchased_type":["Relic","Card","Relic"],"build_version":"2020-12-13","purchased_purges":2,"victory":false,"max_hp_per_floor":[80,80,80,80,80,80,80,80,80,80,77,77,77,77,77,77,82,82,82,82,82,82,82,82,82,82,82,82,82,82,82,82,82,82],"card_choices":[{"not_picked":["Clothesline","Evolve"],"picked":"Rupture","floor":1},{"not_picked":["Infernal Blade","Pommel Strike"],"picked":"Armaments","floor":2},{"not_picked":["Shockwave","Body Slam","Dual Wield"],"picked":"SKIP","floor":5},{"not_picked":["Immolate","Fiend Fire","Pommel Strike"],"picked":"SKIP","floor":10},{"not_picked":["Whirlwind","Flex"],"picked":"Inflame","floor":12},{"not_picked":["Clash","Wild Strike"],"picked":"Combust","floor":14},{"not_picked":["Rampage","Second Wind"],"picked":"Power Through","floor":17},{"not_picked":["Clash","Searing Blow+1"],"picked":"Power Through","floor":18},{"not_picked":["Havoc","Clothesline+1"],"picked":"Hemokinesis+1","floor":21},{"not_picked":["Rampage","Battle Trance"],"picked":"Disarm","floor":21},{"not_picked":["Pummel","Thunderclap"],"picked":"Power Through","floor":21},{"not_picked":["Sword Boomerang","Clothesline"],"picked":"Sever Soul+1","floor":21},{"not_picked":["Fiend Fire","Heavy Blade","Armaments"],"picked":"SKIP","floor":22},{"not_picked":["Disarm","Bloodletting"],"picked":"Blood for Blood+1","floor":24},{"not_picked":["Shockwave","Warcry+1"],"picked":"Ghostly Armor+1","floor":28},{"not_picked":["Bloodletting","Searing Blow","Iron Wave"],"picked":"SKIP","floor":29},{"not_picked":["Perfected Strike","Heavy Blade","Rage+1"],"picked":"SKIP","floor":31}],"player_experience":1584905,"relics_obtained":[{"floor":9,"key":"Orichalcum"},{"floor":10,"key":"Smiling Mask"},{"floor":26,"key":"Whetstone"}],"event_choices":[{"damage_healed":0,"gold_gain":0,"player_choice":"Success","damage_taken":3,"relics_obtained":["StrikeDummy"],"max_hp_gain":0,"max_hp_loss":0,"event_name":"Scrap Ooze","floor":3,"gold_loss":0},{"cards_removed":["Strike_R"],"damage_healed":0,"gold_gain":0,"player_choice":"Card Removal","damage_taken":7,"max_hp_gain":0,"max_hp_loss":0,"event_name":"Golden Wing","floor":4,"gold_loss":0},{"damage_healed":20,"gold_gain":0,"player_choice":"Healed and dodged fight","damage_taken":0,"max_hp_gain":0,"max_hp_loss":0,"event_name":"Mushrooms","floor":7,"gold_loss":0,"cards_obtained":["Parasite"]},{"damage_healed":0,"gold_gain":0,"player_choice":"Ignored","damage_taken":0,"max_hp_gain":0,"max_hp_loss":0,"event_name":"Liars Game","floor":13,"gold_loss":0},{"damage_healed":0,"gold_gain":0,"player_choice":"Read","damage_taken":0,"max_hp_gain":0,"max_hp_loss":0,"event_name":"The Library","floor":19,"gold_loss":0,"cards_obtained":["Fire Breathing"]},{"damage_healed":0,"gold_gain":100,"player_choice":"Bet on Murderer","damage_taken":0,"max_hp_gain":0,"max_hp_loss":0,"event_name":"The Joust","floor":20,"gold_loss":50}],"is_beta":false,"boss_relics":[{"not_picked":["Calling Bell","SacredBark"],"picked":"Tiny House"}],"items_purged_floors":[11,21],"is_endless":false,"potions_floor_spawned":[1,2,12,16,22,24],"killed_by":"Collector","ascension_level":0}}