{"host":"Teixeira","time":1608657690,"event":{"mods":["2.2 Compatiblity","AchievementEnabler","Aspiration","BaseMod","Better Match","Better Note","Better Sensory Stone","Better Skull","Better Third Choice","Colored Map","Colored Powertips","Downfall","Hermit","Hubris","Infinite Spire","Marked Mod","Minty Spire (QoL Compilation)","Permanent Neow","Quick Restart","Rare Cards Sparkle","Relic Filter","Replay The Spire","Spicy Shops","StSLib","SuperFastMode"],"gold_per_floor":[116,116,130,130,147,147,178,178,178,194,204,269,39,57,57,182,182,202,202,216,216,235,275,24,64,64,64,88,6,6,6,6,125,125,144,200,214,214,101,139,139,181,181,181,196,196,237,255,255,255,255,255,176,214,214],"floor_reached":56,"playtime":3523,"items_purged":["Strike_G","Strike_G","Defend_G","Strike_G","Strike_G","Defend_G","Decay"],"score":1866,"play_id":"dad52395-879c-44f6-8bff-7476cdd9b91e","local_time":"20201222142130","is_ascension_mode":true,"campfire_choices":[{"data":"Neutralize","floor":6.0,"key":"SMITH"},{"data":"Finisher","floor":8.0,"key":"SMITH"},{"data":"Backflip","floor":15.0,"key":"SMITH"},{"data":"Blade Dance","floor":27.0,"key":"SMITH"},{"data":"Envenom","floor":30.0,"key":"SMITH"},{"floor":32.0,"key":"RECALL"},{"data":"A Thousand Cuts","floor":44.0,"key":"SMITH"},{"data":"Accuracy","floor":46.0,"key":"SMITH"},{"data":"Sucker Punch","floor":52.0,"key":"SMITH"}],"circlet_count":0,"master_deck":["Defend_G+1","Defend_G+1","Defend_G","Survivor","Neutralize+1","Slice","Finisher+1","Backflip+1","Sucker Punch+1","Corpse Explosion+1","Envenom+1","expansioncontent:Chronoboost+1","Blade Dance+1","Blade Dance+1","Accuracy+1","A Thousand Cuts+1","Blade Dance+1","Blade Dance+1","ReplayTheSpireMod:Shiv Toss+1"],"relics":["Ring of the Snake","Durian","Eternal Feather","Kunai","Paper Crane","Golden Idol","Question Card","hubris:Backtick","Membership Card","Iron Hammer","hubris:TerracottaHorce","CaptainsWheel","hubris:Zylophone","Toxic Egg 2","Oddly Smooth Stone","Molten Egg 2","Ninja Scroll","Lantern","infinitespire:Golems Mask","Sling","StoneCalendar","aspiration:Lifesprig","Sozu","CeramicFish","War Paint","BargainBundle","infinitespire:PuzzleCube","ReplayTheSpireMod:TigerMarble","Anchor","Replay:Baseball","infinitespire:Satchel"],"acts_visited":["Exordium","TheCity","TheBeyond","TheEnding"],"potions_floor_usage":[55],"damage_taken":[{"damage":0.0,"enemies":"2 Louse","floor":1.0,"turns":3.0},{"damage":0.0,"enemies":"Cultist","floor":3.0,"turns":4.0},{"damage":2.0,"enemies":"Jaw Worm","floor":5.0,"turns":5.0},{"damage":31.0,"enemies":"3 Sentries","floor":7.0,"turns":10.0},{"damage":6.0,"enemies":"Looter","floor":10.0,"turns":3.0},{"damage":0.0,"enemies":"2 Fungi Beasts","floor":11.0,"turns":3.0},{"damage":17.0,"enemies":"Replay:BlueRogue","floor":12.0,"turns":8.0},{"damage":0.0,"enemies":"Large Slime","floor":14.0,"turns":4.0},{"damage":22.0,"enemies":"The Guardian","floor":16.0,"turns":15.0},{"damage":12.0,"enemies":"Spheric Guardian","floor":18.0,"turns":7.0},{"damage":2.0,"enemies":"Shell Parasite","floor":20.0,"turns":5.0},{"damage":1.0,"enemies":"Snecko","floor":22.0,"turns":6.0},{"damage":22.0,"enemies":"Gremlin Leader","floor":23.0,"turns":10.0},{"damage":4.0,"enemies":"Replay:Snechameleon","floor":25.0,"turns":6.0},{"damage":4.0,"enemies":"Centurion and Healer","floor":28.0,"turns":3.0},{"damage":14.0,"enemies":"Automaton","floor":33.0,"turns":6.0},{"damage":0.0,"enemies":"3 Darklings","floor":35.0,"turns":2.0},{"damage":29.0,"enemies":"2 Orb Walkers","floor":36.0,"turns":4.0},{"damage":12.0,"enemies":"3 Shapes","floor":37.0,"turns":3.0},{"damage":0.0,"enemies":"Giant Head","floor":40.0,"turns":5.0},{"damage":0.0,"enemies":"Nemesis","floor":42.0,"turns":3.0},{"damage":19.0,"enemies":"Sphere and 2 Shapes","floor":45.0,"turns":3.0},{"damage":0.0,"enemies":"R_Hoarder","floor":47.0,"turns":5.0},{"damage":8.0,"enemies":"Spire Growth","floor":48.0,"turns":3.0},{"damage":30.0,"enemies":"infinitespire:MassOfShapes","floor":50.0,"turns":6.0},{"damage":0.0,"enemies":"Shield and Spear","floor":54.0,"turns":2.0},{"damage":31,"enemies":"The Heart","floor":55,"turns":6}],"seed_played":"-3044230696118009164","potions_obtained":[{"floor":1.0,"key":"Cursed Concoction"},{"floor":3.0,"key":"Explosive Potion"},{"floor":11.0,"key":"DistilledChaos"},{"floor":14.0,"key":"Doom Potion"},{"floor":18.0,"key":"Dexterity Potion"},{"floor":23.0,"key":"Swift Potion"},{"floor":28.0,"key":"Poison Potion"},{"floor":37.0,"key":"AttackPotion"}],"is_trial":false,"path_per_floor":["M","?","M","T","M","R","E","R","T","M","M","E","$","M","R","B",null,"M","?","M","AVR","M","E","$","E","T","R","M","$","R","?","R","B",null,"M","?","M","?","$","E","AVR","E","T","R","M","R","E","M","R_BF","B",null,"R","$","E","B",null],"character_chosen":"THE_SILENT","items_purchased":["Corpse Explosion","hubris:Zylophone","Toxic Egg 2","Oddly Smooth Stone","Accuracy","Sling","BargainBundle","infinitespire:PuzzleCube","ReplayTheSpireMod:TigerMarble","Anchor","Replay:Baseball"],"campfire_rested":0,"item_purchase_floors":[13,24,24,24,29,39,53,53,53,53,53],"current_hp_per_floor":[54,59,59,59,57,66,35,44,44,38,38,21,21,21,30,8,80,68,68,66,66,65,43,43,39,39,48,44,44,53,53,62,48,72,72,43,31,31,31,31,31,31,31,40,21,30,30,22,55,25,66,75,75,75,44],"gold":214,"neow_bonus":"ONE_RARE_RELIC","is_daily":false,"chose_seed":false,"campfire_upgraded":8,"win_rate":0.0,"timestamp":1608657690,"path_taken":["M","?","M","?","?","R","E","R","T","M","M","E","$","M","R","BOSS","M","?","M","AVR","M","E","$","E","T","R","M","$","R","?","R","BOSS","M","?","M","?","$","E","AVR","E","T","R","M","R","E","M","R_BF","BOSS","R","$","E","BOSS"],"items_purchased_type":["Card","Relic","Relic","Relic","Card","Relic","Relic","Relic","Relic","Relic","Relic"],"build_version":"2020-11-17","purchased_purges":7,"victory":true,"max_hp_per_floor":[75,80,80,80,80,80,80,80,80,80,80,80,80,80,80,80,80,80,80,80,80,80,80,80,80,80,80,80,80,80,80,80,80,80,80,80,80,80,80,80,80,80,80,80,80,80,80,80,80,80,80,80,80,80,80],"card_choices":[{"not_picked":["PiercingWail","Cloak And Dagger"],"picked":"Slice","floor":1.0},{"not_picked":["Distraction","Riddle With Holes"],"picked":"Finisher","floor":3.0},{"not_picked":["Bouncing Flask","Flechettes"],"picked":"Backflip","floor":5.0},{"not_picked":["Outmaneuver","Leg Sweep","Sucker Punch"],"picked":"SKIP","floor":7.0},{"not_picked":["Flying Knee","Dagger Spray"],"picked":"Sucker Punch","floor":10.0},{"not_picked":["hubris:Sniper","Prepared","Skewer"],"picked":"SKIP","floor":11.0},{"not_picked":["Distraction","Dagger Spray","hubris:TrickCloak","Flying Knee"],"picked":"SKIP","floor":12.0},{"not_picked":["Cloak And Dagger","Sucker Punch","hubris:Counter","Flying Knee"],"picked":"SKIP","floor":14.0},{"not_picked":["After Image","Tools of the Trade","A Thousand Cuts"],"picked":"Envenom","floor":16.0},{"not_picked":["ReplayTheSpireMod:Speed Training","Dodge and Roll","ReplayTheSpireMod:The Works","ReplayTheSpireMod:Exploit Weakness"],"picked":"SKIP","floor":18.0},{"not_picked":["ReplayTheSpireMod:Speed Training","Dodge and Roll","ReplayTheSpireMod:The Works","ReplayTheSpireMod:Exploit Weakness"],"picked":"SKIP","floor":18.0},{"not_picked":["Sucker Punch","Backflip","Bane","Well Laid Plans+1"],"picked":"SKIP","floor":20.0},{"not_picked":["Hidden Blade","Dagger Throw","PiercingWail","Backflip"],"picked":"SKIP","floor":22.0},{"not_picked":["Acrobatics","Catalyst","hubris:SlightOfHand"],"picked":"Blade Dance","floor":23.0},{"not_picked":["ReplayTheSpireMod:Tripwire+1","Noxious Fumes+1","Eviscerate+1","Infinite Blades"],"picked":"SKIP","floor":25.0},{"not_picked":["Flying Knee+1","Poisoned Stab+1","PiercingWail+1"],"picked":"Blade Dance+1","floor":28.0},{"not_picked":["aspiration:Lunge+1","Glass Knife+1","infinitespire:Neurotoxin+1"],"picked":"A Thousand Cuts","floor":33.0},{"not_picked":["Toxin Wave+1","Escape Plan+1","Crippling Poison+1"],"picked":"Blade Dance+1","floor":35.0},{"not_picked":["Deadly Poison+1","Dagger Throw+1","Catalyst+1"],"picked":"Blade Dance+1","floor":36.0},{"not_picked":["Prepared+1","hubris:SlightOfHand+1","Blade Dance+1","Flying Knee+1"],"picked":"SKIP","floor":37.0},{"not_picked":["Dagger Spray+1","Flying Knee+1","Footwork","Toxin Wave+1"],"picked":"SKIP","floor":40.0},{"not_picked":["Dash+1","Slice+1","Backflip+1"],"picked":"ReplayTheSpireMod:Shiv Toss+1","floor":42.0},{"not_picked":["Underhanded Strike+1","Deadly Poison+1","Slice+1","Outmaneuver+1"],"picked":"SKIP","floor":45.0},{"not_picked":["Sucker Punch+1","Dagger Spray+1","Toxin Wave+1","ReplayTheSpireMod:Shiv Toss+1"],"picked":"SKIP","floor":47.0},{"not_picked":["Cloak And Dagger+1","Slice+1","Skewer+1","Dagger Throw+1"],"picked":"SKIP","floor":48.0},{"not_picked":["Acrobatics+1","hubris:SlightOfHand+1","Outmaneuver+1","Infinite Blades+1"],"picked":"SKIP","floor":54.0}],"player_experience":95297,"relics_obtained":[{"floor":4.0,"key":"Eternal Feather"},{"floor":7.0,"key":"Kunai"},{"floor":9.0,"key":"Paper Crane"},{"floor":23.0,"key":"CaptainsWheel"},{"floor":25.0,"key":"Molten Egg 2"},{"floor":26.0,"key":"Ninja Scroll"},{"floor":36.0,"key":"infinitespire:Golems Mask"},{"floor":40.0,"key":"StoneCalendar"},{"floor":42.0,"key":"CeramicFish"},{"floor":47.0,"key":"War Paint"},{"floor":54.0,"key":"infinitespire:Satchel"}],"event_choices":[{"damage_healed":0.0,"max_hp_gain":5.0,"max_hp_loss":0.0,"gold_gain":0.0,"event_name":"Big Fish","player_choice":"Donut","floor":2.0,"gold_loss":0.0,"damage_taken":0.0},{"cards_removed":["Corpse Explosion"],"damage_healed":0.0,"max_hp_gain":0.0,"max_hp_loss":0.0,"gold_gain":0.0,"event_name":"betterNote:BetterNote","player_choice":"Take \u0026 Give","floor":19.0,"gold_loss":0.0,"damage_taken":0.0,"cards_obtained":["expansioncontent:Chronoboost"]},{"damage_healed":0.0,"max_hp_gain":0.0,"max_hp_loss":0.0,"gold_gain":0.0,"event_name":"Mysterious Sphere","player_choice":"Fight","floor":36.0,"gold_loss":0.0,"damage_taken":0.0},{"cards_removed":["Strike_G"],"damage_healed":0.0,"max_hp_gain":0.0,"max_hp_loss":0.0,"gold_gain":0.0,"event_name":"Falling","player_choice":"Removed Attack","floor":38.0,"gold_loss":0.0,"damage_taken":0.0}],"is_beta":true,"boss_relics":[{"not_picked":["aspiration:IroncladSkillbook","Pandora\u0027s Box"],"picked":"hubris:Backtick"},{"not_picked":[]}],"items_purged_floors":[13,21,24,29,39,41,53],"is_endless":false,"potions_floor_spawned":[1,3,11,14,18,23,28,33,37,40,42,47],"ascension_level":8}}