{"host":"91yrvee9vuf6n2vk","time":1608659170,"event":{"mods":["BaseMod","Downfall","Minty Spire (QoL Compilation)","Prisma Mod","StSLib"],"gold_per_floor":[99,24,24,24,44,44,44,60,75,75,75,75,75,75,87,87,87,87],"floor_reached":16,"playtime":504,"items_purged":["Slimebound:Defend_Slimebound"],"score":113,"play_id":"2e92fc05-341f-4a57-8ecd-f87209248c64","local_time":"20201222174610","is_ascension_mode":false,"campfire_choices":[{"data":"Slimebound:Split","floor":1,"key":"SMITH"},{"data":"Slimebound:FinishingTackle","floor":6,"key":"SMITH"},{"data":"Slimebound:RejuvenatingLick","floor":10,"key":"SMITH"},{"data":"Slimebound:SplitBruiser","floor":12,"key":"SMITH"}],"circlet_count":0,"master_deck":["Slimebound:Strike_Slimebound","Slimebound:Strike_Slimebound","Slimebound:Strike_Slimebound","Slimebound:Tackle","Slimebound:Defend_Slimebound","Slimebound:Defend_Slimebound","Slimebound:Defend_Slimebound","Slimebound:Split+1","Slimebound:CorrosiveSpit","Slimebound:RollThrough","Slimebound:LeechEnergy","Slimebound:SplitBruiser+1","Slimebound:FinishingTackle+1","Slimebound:SplitLeeching+1","Slimebound:RejuvenatingLick+1","Slimebound:SlimeSpikes"],"relics":["Slimebound:AbsorbEndCombat","downfall:HeartsMalice","Mango"],"acts_visited":["Exordium"],"potions_floor_usage":[16],"damage_taken":[{"damage":0,"enemies":"downfall:FleeingMerchant","floor":2,"turns":1},{"damage":0,"enemies":"Cultist","floor":3,"turns":1},{"damage":0,"enemies":"Jaw Worm","floor":4,"turns":1},{"damage":11,"enemies":"2 Louse","floor":5,"turns":3},{"damage":22,"enemies":"2 Fungi Beasts","floor":8,"turns":4},{"damage":21,"enemies":"Blue Slaver","floor":9,"turns":4},{"damage":11,"enemies":"Red Slaver","floor":15,"turns":2},{"damage":75,"enemies":"downfall:Defect","floor":16,"turns":6}],"seed_played":"-5092038859143308079","potions_obtained":[{"floor":8,"key":"SteroidPotion"},{"floor":9,"key":"SpeedPotion"},{"floor":15,"key":"Slimebound:SlimedPotion"}],"is_trial":false,"path_per_floor":["R","$","M","M","M","R","T","M","M","R","?","R","?","?","M","B"],"character_chosen":"SLIMEBOUND","items_purchased":[],"campfire_rested":0,"item_purchase_floors":[],"current_hp_per_floor":[60,60,60,60,53,53,67,57,54,54,54,54,54,59,62,0,0,0],"gold":87,"neow_bonus":"THREE_ENEMY_KILL","is_daily":false,"chose_seed":false,"campfire_upgraded":4,"win_rate":0.0,"timestamp":1608659170,"path_taken":["R","$","M","?","M","R","T","M","M","R","?","R","?","?","M","BOSS"],"items_purchased_type":[],"build_version":"2020-12-13","purchased_purges":1,"victory":false,"max_hp_per_floor":[60,60,60,60,60,60,74,74,74,74,74,74,74,79,79,79,79,79],"card_choices":[{"not_picked":["Slimebound:Schlurp","Slimebound:FinishingTackle"],"picked":"Slimebound:RollThrough","floor":2},{"not_picked":["Slimebound:ViciousTackle","Slimebound:RejuvenatingLick"],"picked":"Slimebound:LeechEnergy","floor":3},{"not_picked":["Slimebound:Dissolve","Slimebound:WasteNot"],"picked":"Slimebound:SplitBruiser","floor":4},{"not_picked":["Slimebound:ViciousTackle","Slimebound:HauntingLick"],"picked":"Slimebound:FinishingTackle","floor":5},{"not_picked":["Slimebound:SplitBruiser","Slimebound:FinishingTackle"],"picked":"Slimebound:SplitLeeching","floor":8},{"not_picked":["Slimebound:ItLooksTasty","Slimebound:LeechingTouch"],"picked":"Slimebound:RejuvenatingLick","floor":9},{"not_picked":["Slimebound:RejuvenatingLick","Slimebound:FormOfPuddle"],"picked":"Slimebound:SlimeSpikes","floor":15}],"player_experience":83673,"relics_obtained":[{"floor":7,"key":"Mango"}],"event_choices":[{"damage_healed":0,"gold_gain":0,"player_choice":"Grow","damage_taken":0,"max_hp_gain":0,"max_hp_loss":0,"event_name":"Living Wall","floor":13,"gold_loss":0,"cards_upgraded":["Slimebound:SplitLeeching"]},{"damage_healed":0,"gold_gain":0,"player_choice":"Donut","damage_taken":0,"max_hp_gain":5,"max_hp_loss":0,"event_name":"Big Fish","floor":14,"gold_loss":0}],"is_beta":false,"boss_relics":[],"items_purged_floors":[2],"is_endless":false,"potions_floor_spawned":[8,9,15],"killed_by":"downfall:Defect","ascension_level":0}}