{"host":"f0gpob8hq9vgebej","time":1608610793,"event":{"mods":["AchievementEnabler","BaseMod","Googly Eyes","Minty Spire (QoL Compilation)","Quick Restart","SuperFastMode"],"gold_per_floor":[19,29,43,54,71,84,84,84,133,153,168,43,54,71,71,167,167,182,199,199,199,298,298,298,298],"floor_reached":24,"playtime":567,"items_purged":["Strike_G"],"score":310,"play_id":"6991cb21-22b1-43f0-b9f8-f8442d3dfea9","local_time":"20201222131953","is_ascension_mode":true,"campfire_choices":[{"data":"Prepared","floor":8.0,"key":"SMITH"},{"data":"Eviscerate","floor":15.0,"key":"SMITH"},{"data":"Calculated Gamble","floor":23.0,"key":"SMITH"}],"circlet_count":0,"master_deck":["AscendersBane","Strike_G","Strike_G","Strike_G","Defend_G","Defend_G","Defend_G","Defend_G","Survivor","Neutralize","Tactician","Blade Dance","Reflex","Cloak And Dagger","Blade Dance","Prepared+1","Backstab","Eviscerate+1","After Image","Calculated Gamble+1"],"relics":["Ring of the Snake","Nunchaku","HoveringKite"],"acts_visited":["Exordium","TheCity"],"potions_floor_usage":[24],"damage_taken":[{"damage":0.0,"enemies":"2 Louse","floor":1.0,"turns":3.0},{"damage":2.0,"enemies":"Cultist","floor":2.0,"turns":4.0},{"damage":3.0,"enemies":"Jaw Worm","floor":3.0,"turns":5.0},{"damage":1.0,"enemies":"2 Fungi Beasts","floor":4.0,"turns":4.0},{"damage":2.0,"enemies":"Looter","floor":5.0,"turns":3.0},{"damage":0.0,"enemies":"Large Slime","floor":6.0,"turns":5.0},{"damage":3.0,"enemies":"Blue Slaver","floor":10.0,"turns":4.0},{"damage":1.0,"enemies":"Exordium Thugs","floor":11.0,"turns":5.0},{"damage":5.0,"enemies":"Exordium Wildlife","floor":13.0,"turns":6.0},{"damage":0.0,"enemies":"Blue Slaver","floor":14.0,"turns":3.0},{"damage":28.0,"enemies":"The Guardian","floor":16.0,"turns":15.0},{"damage":0.0,"enemies":"Shell Parasite","floor":18.0,"turns":8.0},{"damage":8.0,"enemies":"Chosen","floor":19.0,"turns":4.0},{"damage":45,"enemies":"Book of Stabbing","floor":24,"turns":6}],"seed_played":"-6585603541884232600","potions_obtained":[{"floor":2.0,"key":"CunningPotion"},{"floor":3.0,"key":"SteroidPotion"},{"floor":7.0,"key":"Poison Potion"},{"floor":7.0,"key":"Explosive Potion"},{"floor":7.0,"key":"Fire Potion"},{"floor":19.0,"key":"Ancient Potion"}],"is_trial":false,"path_per_floor":["M","M","M","M","M","M","?","R","T","M","M","$","M","M","R","B",null,"M","M","?","?","?","R","E"],"character_chosen":"THE_SILENT","items_purchased":["BlessingOfTheForge"],"campfire_rested":0,"item_purchase_floors":[12],"current_hp_per_floor":[63,61,58,57,55,55,55,55,55,52,51,51,46,46,46,18,57,57,49,49,49,49,49,4,4],"gold":298,"neow_bonus":"REMOVE_TWO","is_daily":false,"chose_seed":false,"campfire_upgraded":3,"win_rate":0.0,"timestamp":1608610793,"path_taken":["M","M","M","M","M","M","?","R","T","?","M","$","M","M","R","BOSS","M","M","?","?","?","R","E"],"items_purchased_type":["Potion"],"build_version":"2020-12-13","purchased_purges":1,"victory":false,"max_hp_per_floor":[70,70,70,70,70,70,70,70,70,70,70,70,70,70,70,70,70,70,70,70,70,70,70,70,70],"card_choices":[{"not_picked":["Dagger Throw","Flying Knee"],"picked":"Tactician","floor":1.0},{"not_picked":["Dagger Throw","Caltrops"],"picked":"Blade Dance","floor":2.0},{"not_picked":["Flechettes","Dodge and Roll"],"picked":"Reflex","floor":3.0},{"not_picked":["Sucker Punch","Quick Slash"],"picked":"Cloak And Dagger","floor":4.0},{"not_picked":["Slice","Venomology"],"picked":"Blade Dance","floor":5.0},{"not_picked":["Deflect","Deadly Poison"],"picked":"Prepared","floor":6.0},{"not_picked":["Underhanded Strike","Blur","Heel Hook"],"picked":"SKIP","floor":10.0},{"not_picked":["Slice","Riddle With Holes","Expertise"],"picked":"SKIP","floor":11.0},{"not_picked":["Setup","Escape Plan"],"picked":"Backstab","floor":13.0},{"not_picked":["Setup","Outmaneuver"],"picked":"Eviscerate","floor":14.0},{"not_picked":["Storm of Steel","Wraith Form v2"],"picked":"After Image","floor":16.0},{"not_picked":["Poisoned Stab","Flying Knee+1","Dash"],"picked":"SKIP","floor":18.0},{"not_picked":["Setup+1","Endless Agony"],"picked":"Calculated Gamble","floor":19.0}],"player_experience":184818,"relics_obtained":[{"floor":9.0,"key":"Nunchaku"}],"event_choices":[{"damage_healed":0.0,"max_hp_gain":0.0,"max_hp_loss":0.0,"gold_gain":0.0,"event_name":"Lab","player_choice":"Got Potions","floor":7.0,"gold_loss":0.0,"damage_taken":0.0},{"damage_healed":0.0,"max_hp_gain":0.0,"max_hp_loss":0.0,"gold_gain":0.0,"event_name":"Vampires","player_choice":"Ignored","floor":20.0,"gold_loss":0.0,"damage_taken":0.0},{"damage_healed":0.0,"max_hp_gain":0.0,"max_hp_loss":0.0,"gold_gain":0.0,"event_name":"Cursed Tome","player_choice":"Ignored","floor":21.0,"gold_loss":0.0,"damage_taken":0.0},{"damage_healed":0.0,"max_hp_gain":0.0,"max_hp_loss":0.0,"gold_gain":99.0,"event_name":"Nest","player_choice":"Stole From Cult","floor":22.0,"gold_loss":0.0,"damage_taken":0.0}],"is_beta":false,"boss_relics":[{"not_picked":["Cursed Key","Runic Dome"],"picked":"HoveringKite"}],"items_purged_floors":[12],"is_endless":false,"potions_floor_spawned":[2,3,4,13,14,19],"killed_by":"Book of Stabbing","ascension_level":12}}