{"host":"bxdue9bkfm2khp2x","time":1608629247,"event":{"mods":["ATMod(阿瑾Mod)","Aspiration","BaseMod","Better Vampires","Challenge The Spire","Colored Powertips","Conspire","Decade(王小明)","Dota2Spire","Downfall","Highlight Path","Marisa（F雨　魔理沙）","Minty Spire (QoL Compilation)","MostiFishMod","Remilia（蕾米莉亚）","Replay The Spire","RumiaBox-露米娅的神秘盒子","Spicy Shops","StSLib","Td1madao Mod","The Alterego","The Cursed","The Servant 0.9.4","Waifu the Spire","WarShipGirlsR/战舰少女R mod","Youmu（魂魄妖梦）","noobMod","vexMod","【功能Mod】混沌之环修复补丁","【遗物卡牌】REMEMod","篝火指南"],"gold_per_floor":[114,133,152,152,165,90,125,125,125,125,25,38,38,0,0,90,90,69,69,69,119,137,137,157,157,234,270,270],"floor_reached":27,"playtime":3574,"items_purged":["alterego_mod:BigMeatyClaws","alterego_mod:Strike"],"score":448,"play_id":"843a63d6-d0cd-47a3-aec7-7acbca8569b4","local_time":"20201222172727","is_ascension_mode":true,"campfire_choices":[{"data":"alterego_mod:Belts","floor":8.0,"key":"SMITH"},{"data":"alterego_mod:ChallengeComplete","floor":10.0,"key":"SMITH"},{"data":"alterego_mod:BrynhildrsRune","floor":15.0,"key":"SMITH"},{"data":"alterego_mod:Palingenesis","floor":23,"key":"SMITH"},{"data":"alterego_mod:BreastValley","floor":25,"key":"SMITH"}],"circlet_count":0,"master_deck":["AscendersBane","alterego_mod:Strike","alterego_mod:Strike","alterego_mod:Strike","alterego_mod:Defend","alterego_mod:Defend","alterego_mod:Defend","alterego_mod:Defend","alterego_mod:BrynhildrsRune+1","AT_ShadowStep","MostiFishMod:DustFall","alterego_mod:BreastValley+1","alterego_mod:ChallengeComplete+1","alterego_mod:DeftHands","alterego_mod:Belts+1","alterego_mod:Birthday","alterego_mod:BreastValley","alterego_mod:Palingenesis+1","alterego_mod:Cooking"],"relics":["alterego_mod:MasochisticConstitution","REME_ComplimentaryCards","DaveBox","ice","AT_ATBox","GuanYuAspect","Question Card","Bird Faced Urn","DianDianMeat","Golden Idol","ImportantClient","MutagenicStrength","REME_ArchaeologicalTools"],"acts_visited":["Exordium","TheCity"],"potions_floor_usage":[22],"damage_taken":[{"damage":0.0,"enemies":"Cultist","floor":1.0,"turns":4.0},{"damage":7.0,"enemies":"Jaw Worm","floor":2.0,"turns":3.0},{"damage":12.0,"enemies":"Small Slimes","floor":3.0,"turns":4.0},{"damage":9.0,"enemies":"3 Louse","floor":5.0,"turns":6.0},{"damage":0.0,"enemies":"Lagavulin","floor":7.0,"turns":9.0},{"damage":3.0,"enemies":"Large Slime","floor":12.0,"turns":9.0},{"damage":6.0,"enemies":"Looter","floor":14.0,"turns":4.0},{"damage":18.0,"enemies":"Slime Boss","floor":16.0,"turns":16.0},{"damage":45.0,"enemies":"2 Thieves","floor":18.0,"turns":5.0},{"damage":0,"enemies":"Spheric Guardian","floor":22,"turns":7},{"damage":10,"enemies":"Snake Plant","floor":24,"turns":10},{"damage":41,"enemies":"Slavers","floor":27,"turns":3}],"seed_played":"-7226281123104203908","potions_obtained":[{"floor":3.0,"key":"Guardian:BlockOnCardUsePotion"},{"floor":5.0,"key":"CultistPotion"},{"floor":18.0,"key":"Dota2Spire:HealingSalve"},{"floor":22,"key":"Dexterity Potion"}],"is_trial":false,"path_per_floor":["M","M","M","?","M","$","E","R","T","R","$","M","?","M","R","B",null,"M","?","?","?","M","R","M","R","T","E"],"character_chosen":"The_Alterego","items_purchased":[],"campfire_rested":0,"item_purchase_floors":[],"current_hp_per_floor":[33,34,35,35,36,36,36,36,36,36,36,38,25,31,31,44,45,19,19,20,20,46,46,49,49,49,17,17],"gold":270,"neow_bonus":"REMOVE_CARD","is_daily":false,"chose_seed":false,"campfire_upgraded":5,"win_rate":0.0,"timestamp":1608629247,"path_taken":["M","M","?","?","M","?","E","R","T","R","$","M","?","M","R","BOSS","M","?","?","?","M","R","M","R","T","E"],"items_purchased_type":[],"build_version":"2020-12-13","purchased_purges":2,"victory":false,"max_hp_per_floor":[33,34,35,35,36,36,36,36,36,36,36,38,38,41,41,45,45,46,46,46,46,46,46,51,51,51,51,51],"card_choices":[{"not_picked":["alterego_mod:Cushion","alterego_mod:Santa"],"picked":"alterego_mod:BreastValley","floor":1.0},{"not_picked":["alterego_mod:Cooking","alterego_mod:DustData","alterego_mod:Smother"],"picked":"alterego_mod:ChallengeComplete","floor":2.0},{"not_picked":["alterego_mod:PerceptionDisorder","alterego_mod:Belle","alterego_mod:Skirt"],"picked":"alterego_mod:DeftHands","floor":3.0},{"not_picked":["alterego_mod:Jiggle","alterego_mod:GachaTicket","alterego_mod:BoobPocket","alterego_mod:Schoolgirl"],"picked":"SKIP","floor":5.0},{"not_picked":["alterego_mod:HighServant","alterego_mod:Swimsuit","alterego_mod:Clones"],"picked":"alterego_mod:Belts","floor":7.0},{"not_picked":["alterego_mod:Undulate","alterego_mod:Bounce","alterego_mod:Maid"],"picked":"alterego_mod:Birthday","floor":12.0},{"not_picked":["alterego_mod:Bounce","alterego_mod:Skirt","alterego_mod:RidiculouslyBig"],"picked":"alterego_mod:BreastValley","floor":14.0},{"not_picked":["alterego_mod:InsideBaseball","alterego_mod:Lift","alterego_mod:STier"],"picked":"alterego_mod:Palingenesis","floor":16.0},{"not_picked":["alterego_mod:Belts","alterego_mod:GachaTicket","alterego_mod:HighServant","alterego_mod:BiFurious"],"picked":"SKIP","floor":18.0},{"not_picked":["alterego_mod:DiscoLights","alterego_mod:Mirror+1","alterego_mod:1TonWallop","alterego_mod:PainIsPleasure"],"picked":"SKIP","floor":22},{"not_picked":["alterego_mod:Cushion","alterego_mod:DeftHands","alterego_mod:BiFurious"],"picked":"alterego_mod:Cooking","floor":24}],"player_experience":1409533,"relics_obtained":[{"floor":1.0,"key":"Question Card"},{"floor":7.0,"key":"Bird Faced Urn"},{"floor":9.0,"key":"DianDianMeat"},{"floor":16.0,"key":"ImportantClient"},{"floor":26,"key":"REME_ArchaeologicalTools"}],"event_choices":[{"damage_healed":0.0,"max_hp_gain":0.0,"max_hp_loss":0.0,"gold_gain":0.0,"event_name":"Liars Game","player_choice":"Ignored","floor":4.0,"gold_loss":0.0,"damage_taken":0.0},{"damage_healed":0.0,"max_hp_gain":0.0,"max_hp_loss":0.0,"gold_gain":0.0,"event_name":"Golden Idol","player_choice":"Take Damage","floor":13.0,"gold_loss":0.0,"damage_taken":13.0,"relics_obtained":["Golden Idol"]},{"damage_healed":0,"gold_gain":0,"player_choice":"Inject Mutagens","damage_taken":0,"relics_obtained":["MutagenicStrength"],"max_hp_gain":0,"max_hp_loss":0,"event_name":"Drug Dealer","floor":19,"gold_loss":0},{"damage_healed":0,"gold_gain":100,"player_choice":"Bet on Murderer","damage_taken":0,"max_hp_gain":0,"max_hp_loss":0,"event_name":"The Joust","floor":21,"gold_loss":50}],"is_beta":false,"boss_relics":[{"not_picked":["DiscerningMonocle","aspiration:IroncladSkillbook","FixedStarFall"]}],"items_purged_floors":[6,11],"is_endless":false,"potions_floor_spawned":[3,5,12,18,22],"killed_by":"Slavers","ascension_level":18}}