{"host":"0pljgn4gjyqmpm94","time":1608634882,"event":{"mods":["BaseMod","Downfall","Marisa£®ÏF”Í°°ƒß¿Ì…≥£©","Minty Spire (QoL Compilation)","StSLib","The Servant 0.9.4"],"gold_per_floor":[99,99,99,99,99,199,199,210,280,298,333,345,270,379,399,399,399],"floor_reached":16,"playtime":863,"items_purged":[],"score":150,"play_id":"73c1f4b0-e79d-443f-bd27-760077a39c8c","local_time":"20201222190122","is_ascension_mode":false,"campfire_choices":[{"floor":1.0,"key":"RECALL"},{"floor":13.0,"key":"REST"}],"circlet_count":0,"master_deck":["Strike_MRS","Strike_MRS","Strike_MRS","Strike_MRS","Defend_MRS","Defend_MRS","Defend_MRS","MasterSpark","UpSweep","PowerUp","Iron Wave","PowerUp","ShootTheMoon","SporeBomb","6A","Acceleration","PowerUp","PowerUp","AlicesGift","MysteriousBeam","PropBag"],"relics":["MiniHakkero","downfall:HeartsMalice","downfall:CloakOfManyFaces","CultistMask","FaceOfCleric","NlothsMask","GremlinMask","SsserpentHead","Mango","downfall:HeartBlessingRed","Ancient Tea Set","Mercury Hourglass"],"acts_visited":["Exordium"],"potions_floor_usage":[16],"damage_taken":[{"damage":0.0,"enemies":"Jaw Worm","floor":2.0,"turns":1.0},{"damage":0.0,"enemies":"Cultist","floor":4.0,"turns":1.0},{"damage":0.0,"enemies":"Small Slimes","floor":5.0,"turns":1.0},{"damage":18.0,"enemies":"downfall:FaceTrader","floor":6.0,"turns":5.0},{"damage":4.0,"enemies":"Blue Slaver","floor":8.0,"turns":3.0},{"damage":8.0,"enemies":"2 Fungi Beasts","floor":9.0,"turns":3.0},{"damage":12.0,"enemies":"Exordium Thugs","floor":10.0,"turns":4.0},{"damage":34.0,"enemies":"3 Sentries","floor":11.0,"turns":8.0},{"damage":12.0,"enemies":"Lots of Slimes","floor":12.0,"turns":4.0},{"damage":17.0,"enemies":"Lagavulin Event","floor":14.0,"turns":4.0},{"damage":8.0,"enemies":"Exordium Wildlife","floor":15.0,"turns":3.0},{"damage":12,"enemies":"downfall:Defect","floor":16,"turns":4}],"seed_played":"-6895126343816444792","potions_obtained":[{"floor":6.0,"key":"Block Potion"},{"floor":8.0,"key":"Strength Potion"},{"floor":10.0,"key":"champ:CounterPotion"},{"floor":11.0,"key":"AttackPotion"}],"is_trial":false,"path_per_floor":["R","M","?","M","M","?","T","M","M","M","E","M","R","?","M","B"],"character_chosen":"MARISA","items_purchased":[],"campfire_rested":1,"item_purchase_floors":[],"current_hp_per_floor":[75,75,75,75,75,57,57,54,47,36,17,6,34,18,11,0,0],"gold":399,"neow_bonus":"THREE_ENEMY_KILL","is_daily":false,"chose_seed":false,"campfire_upgraded":0,"win_rate":0.0,"timestamp":1608634882,"path_taken":["R","M","?","M","?","?","T","M","?","M","E","M","R","?","M","BOSS"],"items_purchased_type":[],"build_version":"2020-12-13","purchased_purges":0,"victory":false,"max_hp_per_floor":[75,75,75,75,75,75,75,76,77,78,93,94,94,95,96,96,96],"card_choices":[{"not_picked":["WitchOfGreed","GravityBeat"],"picked":"PowerUp","floor":2.0},{"not_picked":["WitchLeyline","GrandCross"],"picked":"PowerUp","floor":4.0},{"not_picked":["6A","OortCloud"],"picked":"ShootTheMoon","floor":5.0},{"not_picked":["GrandCross","Acceleration"],"picked":"SporeBomb","floor":6.0},{"not_picked":["DoubleSpark","EscapeVelocity"],"picked":"6A","floor":8.0},{"not_picked":["DeepEcoloBomb","DoubleSpark"],"picked":"Acceleration","floor":9.0},{"not_picked":["IllusionStar","OrrerysSun"],"picked":"PowerUp","floor":10.0},{"not_picked":["AlicesGift","MagicAbsorber"],"picked":"PowerUp","floor":11.0},{"not_picked":["DarkSpark","NonDirectionalLaser"],"picked":"AlicesGift","floor":12.0},{"not_picked":["ShootingEcho","UnstableBomb"],"picked":"MysteriousBeam","floor":14.0},{"not_picked":["MeteoricShower","LuminesStrike"],"picked":"PropBag","floor":15.0}],"player_experience":25061,"relics_obtained":[{"floor":6.0,"key":"downfall:CloakOfManyFaces"},{"floor":11.0,"key":"Mango"}],"event_choices":[{"cards_removed":["Defend_MRS"],"damage_healed":0.0,"max_hp_gain":0.0,"max_hp_loss":0.0,"gold_gain":0.0,"event_name":"NoteForYourself","player_choice":"Took Card","floor":3.0,"gold_loss":0.0,"damage_taken":0.0,"cards_obtained":["Iron Wave"]}],"is_beta":false,"boss_relics":[],"items_purged_floors":[],"is_endless":false,"potions_floor_spawned":[6,8,10,11],"killed_by":"downfall:Defect","ascension_level":0}}