{"host":"vfjw5z5u57sxa51v","time":1608659775,"event":{"mods":["AchievementEnabler","Act Like it!","Aspiration","Bard","BaseMod","Beaked The Cultist","Better Altar","Better Match","Better Note","Better Sensory Stone","Better Skull","Better Third Choice","BetterRewards","CCEM","Clawfect","Colored Map","Conspire","Downfall","GifTheSpireLib","Halation","Hallownest","Highlight Path","Hubris","Hunter ??","Infinite Spire","Jedi Mod","Jorbs\u0027s Wanderer Trilogy","Mad Scientist","Marisa????????","Minty Spire (QoL Compilation)","Permanent Neow","Replay The Spire","Shade Mod","Shop Mod","Spicy Shops","StSLib","Stuff the Spire","The Administrix","The Blackbeard","The Bug Knight","The Mystic","The Necromancer","The Runesmith","The Servant 0.9.4","The Spell Scribe","Unceasing Turn Reminder","everything is the same but u backflip on backflip"],"gold_per_floor":[115,129,129,144,144,177,22,36,36,63,83,101,126,201,201,296,296,314,414,425,148,166,183,183,211,211,237,249,249,249,261,261,361,361,372,386,69,123,133,133,183,212,212,231,256,308,308,325,325,325],"floor_reached":51,"playtime":5779,"items_purged":["Hallucinations"],"score":1069,"play_id":"9438e17b-4adc-412d-a452-332a47929c66","local_time":"20201222185615","is_ascension_mode":false,"campfire_choices":[{"data":"bard:MantleOfInspiration","floor":32,"key":"SMITH"},{"floor":47,"key":"REST"}],"circlet_count":0,"master_deck":["bard:Strike","bard:Strike","bard:Strike","bard:Strike","bard:Defend","bard:Defend","bard:Defend","bard:Riposte","bard:Inspire","bard:GlyphOfWarding","bard:LifeDrain","bard:FirstStrike","bard:DervishDance+1","bard:EchoEcho","bard:ThickOfTheFight","bard:DiscordantVoice","bard:FirstStrike","bard:Thunderwave","bard:Flourish","bard:SplendidForm+1","bard:Shout","bard:FalseLife","hubris:EnhanceAbility","Transmutation","ReplayTheSpireMod:Brewmster+1","bard:BestowCurse","bard:GreaterMagicWeapon","bard:PrismaticSpray","bard:MagnumOpus","bard:MantleOfInspiration+1","Heatsinks+1","Creative AI","ReplayTheSpireMod:Doomed","ReplayTheSpireMod:Doomed","StuffTheSpire:SnapShoot","expansioncontent:DecasProtection","bard:Sift","aspiration:Polymerization","bard:CovetousAura","StuffTheSpire:Plugnplay","bard:HarmoniousVoice"],"relics":["bard:PitchPipe","bard:BagPipes","aspiration:DSix","halation:EternalFortune","ReplayTheSpireMod:TigerMarble","Cauldron","hubris:TinFlute","Quantum Egg","hubris:BlackHole","Pet Ghost","ReplayTheSpireMod:ShopPack","ReplayTheSpireMod:Lightbulb","conspire:GiftBox","CCEMRelics:JestersCrown","aspiration:DefectSkillbook","infinitespire:FocusingShard","Replay:Ancient Bell","halation:LettersToHer","Letter Opener","hubris:CuriousFeather","conspire:TreasureMap","aspiration:AnachronicSnailShell","hubris:Towel","Replay:Towering Pillar of Hats","bard:OilPainting","halation:AfternoonTea","Potion Belt","Blood Vial"],"acts_visited":["Exordium","TheCity","TheBeyond"],"potions_floor_usage":[7,16,23,33,41,50],"damage_taken":[{"damage":0,"enemies":"Cultist","floor":1,"turns":4},{"damage":0,"enemies":"conspire:RoseBush","floor":2,"turns":3},{"damage":1,"enemies":"Small Slimes","floor":4,"turns":4},{"damage":0,"enemies":"HollowMod:MossKnight","floor":6,"turns":6},{"damage":0,"enemies":"2 Fungi Beasts","floor":8,"turns":1},{"damage":0,"enemies":"Gremlin Nob","floor":10,"turns":2},{"damage":9,"enemies":"Looter","floor":11,"turns":2},{"damage":0,"enemies":"Red Slaver","floor":12,"turns":2},{"damage":34,"enemies":"Lagavulin","floor":13,"turns":7},{"damage":32,"enemies":"Hexaghost","floor":16,"turns":7},{"damage":1,"enemies":"2 Thieves","floor":18,"turns":2},{"damage":1,"enemies":"Chosen","floor":20,"turns":2},{"damage":4,"enemies":"conspire:HollyBat","floor":22,"turns":9},{"damage":0,"enemies":"Centurion and Healer","floor":23,"turns":3},{"damage":0,"enemies":"Book of Stabbing","floor":25,"turns":3},{"damage":0,"enemies":"conspire:Head Lice","floor":27,"turns":2},{"damage":0,"enemies":"Snake Plant","floor":28,"turns":2},{"damage":0,"enemies":"conspire:HollyBat","floor":31,"turns":5},{"damage":0,"enemies":"Automaton","floor":33,"turns":4},{"damage":0,"enemies":"Orb Walker","floor":35,"turns":2},{"damage":25,"enemies":"3 Shapes","floor":36,"turns":2},{"damage":15,"enemies":"2 Orb Walkers","floor":38,"turns":2},{"damage":0,"enemies":"Spire Growth","floor":39,"turns":2},{"damage":13,"enemies":"Mind Bloom Boss Battle","floor":41,"turns":3},{"damage":0,"enemies":"beaked:SuperParasite","floor":42,"turns":3},{"damage":0,"enemies":"Jaw Worm Horde","floor":44,"turns":1},{"damage":4,"enemies":"Giant Head","floor":45,"turns":2},{"damage":0,"enemies":"Writhing Mass","floor":48,"turns":1},{"damage":15,"enemies":"hubris:GrandSnecko","floor":50,"turns":2}],"seed_played":"5219570667248705929","potions_obtained":[{"floor":2,"key":"Strength Potion"},{"floor":6,"key":"Venom Potion"},{"floor":7,"key":"Fruit Juice"},{"floor":7,"key":"Slimebound:ThreeZeroPotion"},{"floor":7,"key":"BlessingOfTheForge"},{"floor":18,"key":"Elixir"},{"floor":23,"key":"jedi:tentaclejuice"},{"floor":28,"key":"PowerPotion"},{"floor":31,"key":"jedi:StrikingPotion"},{"floor":33,"key":"infinitespire:BlackPotion"},{"floor":36,"key":"jedi:mysterypotion"},{"floor":39,"key":"Slimebound:ThreeZeroPotion"},{"floor":41,"key":"Energy Potion"}],"is_trial":false,"path_per_floor":["M","M","?","M","?","E","$","M","T","E","M","M","E","?","R_BF","B",null,"M","?","M","$","M","M","?","E","T","E","M","AVR","?","M","R","B",null,"M","M","$","?","M","?","?","E","T","M","E","T","R","M","R_BF","B",null],"character_chosen":"BARD","items_purchased":["bard:ThickOfTheFight","Cauldron","Pet Ghost","ReplayTheSpireMod:ShopPack","expansioncontent:DecasProtection","conspire:TreasureMap"],"campfire_rested":1,"item_purchase_floors":[7,7,21,21,37,37],"current_hp_per_floor":[70,70,73,72,72,75,80,80,80,80,71,71,40,29,54,31,84,83,83,82,82,78,81,81,81,81,81,81,81,81,81,81,81,87,87,68,68,53,53,53,43,43,43,43,39,39,66,68,90,75],"gold":325,"neow_bonus":"DSIX","is_daily":false,"chose_seed":false,"campfire_upgraded":1,"win_rate":0.0,"timestamp":1608659775,"path_taken":["M","M","?","M","?","E","$","M","T","E","M","M","E","?","R_BF","BOSS","M","?","M","$","?","M","?","E","T","E","M","AVR","?","M","R","BOSS","M","M","$","?","M","?","?","E","T","M","E","?","R","M","R_BF","BOSS"],"items_purchased_type":["Card","Relic","Relic","Relic","Card","Relic"],"build_version":"2020-12-13","purchased_purges":1,"victory":true,"max_hp_per_floor":[70,70,73,73,73,76,81,81,81,81,81,81,84,84,84,84,84,84,84,84,84,84,87,87,87,87,87,87,87,87,87,87,87,87,87,87,87,87,87,87,90,90,90,90,90,90,90,90,90,90],"card_choices":[{"not_picked":["bard:LingeringEcho","bard:LocateObject"],"picked":"bard:GlyphOfWarding","floor":1},{"not_picked":["bard:BucklerBash","bard:Silence"],"picked":"bard:LifeDrain","floor":2},{"not_picked":["bard:Heroism","bard:TinyHut"],"picked":"bard:FirstStrike","floor":4},{"not_picked":["bard:FingerOfDeath","bard:Rest"],"picked":"bard:EchoEcho","floor":6},{"not_picked":["bard:Fermata","bard:Silence","bard:PhantasmalForce"],"picked":"SKIP","floor":8},{"not_picked":["bard:Silence","bard:FirstStrike"],"picked":"bard:DiscordantVoice","floor":10},{"not_picked":["bard:ViciousMockery","bard:GreaterMagicWeapon"],"picked":"bard:FirstStrike","floor":11},{"not_picked":["bard:EchoEcho","bard:BottledSong"],"picked":"bard:Thunderwave","floor":12},{"not_picked":["bard:Fermata","bard:PhantasmalForce"],"picked":"bard:Flourish","floor":13},{"not_picked":["bard:MnemonicVestments","bard:Focused"],"picked":"bard:SplendidForm","floor":16},{"not_picked":["bard:Solo+1","bard:LocateObject"],"picked":"bard:Shout","floor":18},{"not_picked":["bard:Demoralize","bard:Doot"],"picked":"bard:FalseLife","floor":20},{"not_picked":["The Bomb","jedi:LeechingStrike"],"picked":"hubris:EnhanceAbility","floor":21},{"not_picked":["conspire:Banana","expansioncontent:Hexaburn"],"picked":"Transmutation","floor":21},{"not_picked":["Mayhem","expansioncontent:GuardianWhirl"],"picked":"ReplayTheSpireMod:Brewmster","floor":21},{"not_picked":["bard:Fermata+1","bard:Aphasia"],"picked":"bard:BestowCurse","floor":22},{"not_picked":["bard:Fermata","bard:Parry"],"picked":"bard:GreaterMagicWeapon","floor":23},{"not_picked":["bard:Wish","bard:Fermata+1"],"picked":"bard:PrismaticSpray","floor":25},{"not_picked":["bard:Focused","bard:BottledSong"],"picked":"bard:MagnumOpus","floor":26},{"not_picked":["bard:CuttingWords","bard:Gamble","bard:Parry"],"picked":"SKIP","floor":27},{"not_picked":["bard:FeastOnFear","bard:StudiedStrike"],"picked":"bard:MantleOfInspiration","floor":28},{"not_picked":["jedi:BurstLightning+1","bard:MantleOfInspiration","hubris:PowerSurge"],"picked":"Heatsinks+1","floor":31},{"not_picked":["Rainbow","Mirror Shield","Clawfect:ClawForOne"],"picked":"Creative AI","floor":33},{"not_picked":["Pain","ReplayTheSpireMod:Faulty Equipment","Sickly"],"picked":"ReplayTheSpireMod:Doomed","floor":34},{"not_picked":["Guardian:Aged","sneckomod:Bewildered","Spreading Infection"],"picked":"ReplayTheSpireMod:Doomed","floor":34},{"not_picked":["Looming Evil","stsjorbsmod:Amnesia","Replay:Hysterical Blindness"],"picked":"Hallucinations","floor":34},{"not_picked":["FTL","Meteor Strike","Clawfect:ClawLightning+1"],"picked":"StuffTheSpire:SnapShoot","floor":35},{"not_picked":["StuffTheSpire:ShieldGenerator+1","bard:InspiringSong+1","Blizzard","Clawfect:ClawForTheEyes+1"],"picked":"SKIP","floor":36},{"not_picked":["bard:Solo","bard:FeastOnFear","Clawfect:Clawrage+1"],"picked":"bard:Sift","floor":38},{"not_picked":["bard:Heroism","Clawfect:Clawter+1","bard:PhantasmalForce","Auto Shields"],"picked":"SKIP","floor":39},{"not_picked":["Fission","conspire:SharedLibrary+1","Clawfect:ClawLightning"],"picked":"aspiration:Polymerization","floor":41},{"not_picked":["bard:Accelerando","Aggregate","Coolheaded"],"picked":"bard:CovetousAura","floor":42},{"not_picked":["Clawfect:Clawline+1","Hologram+1","bard:PhantasmalForce"],"picked":"StuffTheSpire:Plugnplay","floor":44},{"not_picked":["Clawfect:ClawLightning+1","Panic Button","bard:Parry+1"],"picked":"bard:HarmoniousVoice","floor":45},{"not_picked":["bard:StudiedStrike+1","Leap","Steam+1","jedi:blockon+1"],"picked":"SKIP","floor":48}],"player_experience":9398,"relics_obtained":[{"floor":6,"key":"halation:EternalFortune"},{"floor":6,"key":"ReplayTheSpireMod:TigerMarble"},{"floor":10,"key":"hubris:TinFlute"},{"floor":13,"key":"halation:EternalFortune"},{"floor":13,"key":"Quantum Egg"},{"floor":23,"key":"halation:EternalFortune"},{"floor":25,"key":"ReplayTheSpireMod:Lightbulb"},{"floor":26,"key":"conspire:GiftBox"},{"floor":27,"key":"CCEMRelics:JestersCrown"},{"floor":38,"key":"aspiration:AnachronicSnailShell"},{"floor":41,"key":"Replay:Towering Pillar of Hats"},{"floor":41,"key":"halation:EternalFortune"},{"floor":42,"key":"bard:OilPainting"},{"floor":43,"key":"halation:AfternoonTea"},{"floor":43,"key":"halation:LettersToHer"},{"floor":45,"key":"Potion Belt"},{"floor":46,"key":"Blood Vial"},{"floor":46,"key":"halation:LettersToHer"}],"event_choices":[{"damage_healed":0,"gold_gain":75,"player_choice":"Gold","damage_taken":11,"max_hp_gain":0,"max_hp_loss":0,"event_name":"betterThird:BetterGoop","floor":14,"gold_loss":0},{"damage_healed":0,"gold_gain":100,"player_choice":"Pray","damage_taken":0,"max_hp_gain":0,"max_hp_loss":0,"event_name":"Golden Shrine","floor":19,"gold_loss":0},{"damage_healed":0,"gold_gain":0,"player_choice":"Upgraded","damage_taken":0,"max_hp_gain":0,"max_hp_loss":0,"event_name":"Upgrade Shrine","floor":24,"gold_loss":0,"cards_upgraded":["bard:SplendidForm"]},{"damage_healed":0,"gold_gain":0,"player_choice":"Ignored","damage_taken":0,"max_hp_gain":0,"max_hp_loss":0,"event_name":"betterNote:BetterNote","floor":30,"gold_loss":0,"cards_obtained":["conspire:Charge"]},{"damage_healed":0,"gold_gain":0,"player_choice":"Fight","damage_taken":0,"max_hp_gain":0,"max_hp_loss":0,"event_name":"Mysterious Sphere","floor":38,"gold_loss":0},{"damage_healed":0,"gold_gain":0,"player_choice":"Fight","damage_taken":0,"max_hp_gain":0,"max_hp_loss":0,"event_name":"MindBloom","floor":41,"gold_loss":0}],"is_beta":false,"boss_relics":[{"not_picked":["Runic Pyramid","Replay:Drink Me"],"picked":"hubris:BlackHole"},{"not_picked":["halation:Yufonium","hubris:Stopwatch"],"picked":"Replay:Ancient Bell"},{"not_picked":["Orichalcum","jedi:cryingmask"],"picked":"halation:LettersToHer"},{"not_picked":["Mirror","infinitespire:BottledMercury"],"picked":"Letter Opener"},{"not_picked":["WingedGreaves","Peace Pipe"],"picked":"hubris:CuriousFeather"}],"items_purged_floors":[37],"is_endless":false,"potions_floor_spawned":[2,6,10,13,18,23,28,31,33,35,36,39,41,44],"ascension_level":0}}