{"host":"w4b7hmige5bnqipq","time":1608665102,"event":{"mods":["BaseMod","Minty Spire (QoL Compilation)","Rare Cards Sparkle","SuperFastMode","everything is the same but u backflip on backflip","slay the spire mod where everything is the same but ironclad has a cowboy hat"],"gold_per_floor":[117,140,159,84,84,110,130,130,130,146,158,158,191,210,210,284,284,301,301,314,314,314,348,348,363,363,363,363],"floor_reached":27,"playtime":595,"items_purged":[],"score":500,"play_id":"fd9482a3-c93f-40fe-b061-6c61e9c9de48","local_time":"20201223042502","is_ascension_mode":true,"campfire_choices":[{"data":"Bash","floor":8.0,"key":"SMITH"},{"data":"Inflame","floor":12.0,"key":"SMITH"},{"data":"Hemokinesis","floor":15.0,"key":"SMITH"},{"floor":24,"key":"REST"}],"circlet_count":0,"master_deck":["AscendersBane","Strike_R","Defend_R+1","Defend_R","Defend_R","Defend_R+1","Bash+1","Hemokinesis+1","Twin Strike","Rampage+1","Inflame+1","Uppercut+1","Evolve","Fiend Fire+1","Second Wind","Searing Blow+1","Feel No Pain","Battle Trance","Feel No Pain","Barricade","Shrug It Off"],"relics":["Burning Blood","NeowsBlessing","Bag of Marbles","Potion Belt","War Paint","Molten Egg 2","Question Card","Black Star","Vajra","Mercury Hourglass","Art of War"],"acts_visited":["Exordium","TheCity"],"potions_floor_usage":[16,20,22,23],"damage_taken":[{"damage":0.0,"enemies":"Cultist","floor":1.0,"turns":1.0},{"damage":0.0,"enemies":"Jaw Worm","floor":3.0,"turns":1.0},{"damage":0.0,"enemies":"Gremlin Nob","floor":6.0,"turns":1.0},{"damage":8.0,"enemies":"2 Louse","floor":7.0,"turns":3.0},{"damage":10.0,"enemies":"Lots of Slimes","floor":10.0,"turns":4.0},{"damage":16.0,"enemies":"3 Louse","floor":11.0,"turns":3.0},{"damage":31.0,"enemies":"Lagavulin","floor":13.0,"turns":4.0},{"damage":14.0,"enemies":"Red Slaver","floor":14.0,"turns":2.0},{"damage":17,"enemies":"The Guardian","floor":16,"turns":9},{"damage":2,"enemies":"Chosen","floor":18,"turns":3},{"damage":8,"enemies":"Spheric Guardian","floor":20,"turns":3},{"damage":0,"enemies":"Snecko","floor":22,"turns":2},{"damage":59,"enemies":"Gremlin Leader","floor":23,"turns":9},{"damage":32,"enemies":"Sentry and Sphere","floor":25,"turns":6},{"damage":0,"enemies":"Slavers","floor":27,"turns":1}],"seed_played":"7707099432003495927","potions_obtained":[{"floor":3.0,"key":"Dexterity Potion"},{"floor":7.0,"key":"Fire Potion"},{"floor":11.0,"key":"SmokeBomb"},{"floor":14.0,"key":"Ancient Potion"},{"floor":16,"key":"Block Potion"},{"floor":20,"key":"EssenceOfSteel"}],"is_trial":false,"path_per_floor":["M","T","M","?","?","E","M","R","T","M","M","R","E","M","R","B",null,"M","?","M","?","M","E","R","M","T","E"],"character_chosen":"IRONCLAD","items_purchased":[],"campfire_rested":1,"item_purchase_floors":[],"current_hp_per_floor":[74,74,75,75,75,75,73,73,73,69,59,59,34,26,26,15,60,64,64,62,62,68,15,37,11,11,11,11],"gold":363,"neow_bonus":"THREE_ENEMY_KILL","is_daily":false,"chose_seed":false,"campfire_upgraded":3,"win_rate":0.0,"timestamp":1608665102,"path_taken":["M","?","M","?","?","E","M","R","T","M","?","R","E","M","R","BOSS","M","?","?","?","M","E","R","M","T","E"],"items_purchased_type":[],"build_version":"2020-12-13","purchased_purges":0,"victory":false,"max_hp_per_floor":[75,75,75,75,75,75,75,75,75,75,75,75,75,75,75,75,75,75,75,75,75,75,75,75,75,75,75,75],"card_choices":[{"not_picked":["Iron Wave","Clash","Perfected Strike"],"picked":"SKIP","floor":1.0},{"not_picked":["Warcry","Iron Wave"],"picked":"Sword Boomerang","floor":3.0},{"not_picked":["Headbutt","Warcry"],"picked":"Hemokinesis","floor":6.0},{"not_picked":["Body Slam","Warcry"],"picked":"Twin Strike","floor":7.0},{"not_picked":["Twin Strike+1","Clothesline+1"],"picked":"Rampage+1","floor":10.0},{"not_picked":["Cleave+1","Heavy Blade+1"],"picked":"Inflame","floor":11.0},{"not_picked":["Armaments","Dropkick+1"],"picked":"Uppercut+1","floor":13.0},{"not_picked":["Brutality","Headbutt+1","True Grit"],"picked":"Evolve","floor":14.0},{"not_picked":["Feed+1","Berserk","Demon Form"],"picked":"Fiend Fire+1","floor":16},{"not_picked":["Carnage+1","Armaments","Rampage+1"],"picked":"Second Wind","floor":18},{"not_picked":["Armaments","Battle Trance","Iron Wave+1"],"picked":"Feel No Pain","floor":20},{"not_picked":["Dual Wield","Shockwave","Immolate+1"],"picked":"Barricade","floor":23},{"not_picked":["Clash+1","Sword Boomerang+1","Combust+1"],"picked":"Shrug It Off","floor":25}],"player_experience":414166,"relics_obtained":[{"floor":2.0,"key":"Bag of Marbles"},{"floor":6.0,"key":"War Paint"},{"floor":9.0,"key":"Molten Egg 2"},{"floor":13.0,"key":"Question Card"},{"floor":23,"key":"Vajra"},{"floor":23,"key":"Mercury Hourglass"},{"floor":26,"key":"Art of War"}],"event_choices":[{"cards_removed":["Strike_R"],"damage_healed":0.0,"max_hp_gain":0.0,"max_hp_loss":0.0,"gold_gain":0.0,"event_name":"The Cleric","player_choice":"Card Removal","floor":4.0,"gold_loss":75.0,"damage_taken":0.0},{"cards_removed":["Sword Boomerang"],"damage_healed":0.0,"max_hp_gain":0.0,"max_hp_loss":0.0,"gold_gain":0.0,"event_name":"WeMeetAgain","player_choice":"Gave Card","floor":5.0,"gold_loss":0.0,"damage_taken":0.0,"relics_obtained":["Potion Belt"]},{"damage_healed":0,"gold_gain":0,"cards_transformed":["Strike_R"],"player_choice":"Transformed","damage_taken":0,"max_hp_gain":0,"max_hp_loss":0,"event_name":"Transmorgrifier","floor":19,"gold_loss":0,"cards_obtained":["Searing Blow"]},{"damage_healed":0,"gold_gain":0,"cards_transformed":["Strike_R","Strike_R"],"player_choice":"Became Test Subject","damage_taken":0,"max_hp_gain":0,"max_hp_loss":0,"event_name":"Drug Dealer","floor":21,"gold_loss":0,"cards_obtained":["Battle Trance","Feel No Pain"]}],"is_beta":false,"boss_relics":[{"not_picked":["SlaversCollar","SacredBark"],"picked":"Black Star"}],"items_purged_floors":[],"is_endless":false,"potions_floor_spawned":[3,7,11,14,16,20,22],"killed_by":"Slavers","ascension_level":17}}