{"host":"vumwfieg2b2mnrfl","time":1608681043,"event":{"mods":["AchievementEnabler","BaseMod","Minty Spire (QoL Compilation)","Rare Cards Sparkle","Relic Stats"],"gold_per_floor":[110,129,129,129,143,175,192,205,205,205,240,11,86,140,140,140,140],"floor_reached":16,"playtime":521,"items_purged":["Strike_R"],"score":196,"play_id":"8e990c49-956d-4f30-bb7f-038eb9bc7a83","local_time":"20201222175043","is_ascension_mode":true,"campfire_choices":[{"floor":10,"key":"REST"},{"data":"Feed","floor":15,"key":"SMITH"}],"circlet_count":0,"master_deck":["AscendersBane","Strike_R+1","Strike_R","Strike_R","Defend_R","Defend_R","Defend_R","Defend_R","Bash+1","Headbutt","Flame Barrier","Disarm","Twin Strike","Headbutt","Feed+1"],"relics":["Burning Blood","CultistMask","Whetstone","Pear","Strange Spoon","Orichalcum"],"acts_visited":["Exordium"],"potions_floor_usage":[6,16],"damage_taken":[{"damage":7,"enemies":"2 Louse","floor":1,"turns":4},{"damage":10,"enemies":"Small Slimes","floor":2,"turns":5},{"damage":6,"enemies":"Cultist","floor":5,"turns":4},{"damage":45,"enemies":"3 Sentries","floor":6,"turns":9},{"damage":0,"enemies":"Large Slime","floor":7,"turns":5},{"damage":11,"enemies":"Blue Slaver","floor":8,"turns":3},{"damage":18,"enemies":"Gremlin Nob","floor":11,"turns":4},{"damage":53,"enemies":"The Guardian","floor":16,"turns":13}],"seed_played":"-4973367359153575766","potions_obtained":[{"floor":1,"key":"ColorlessPotion"},{"floor":6,"key":"LiquidBronze"},{"floor":8,"key":"Explosive Potion"}],"is_trial":false,"path_per_floor":["M","M","?","?","M","E","M","M","T","R","E","$","?","T","R","B"],"character_chosen":"IRONCLAD","items_purchased":["Strange Spoon"],"campfire_rested":1,"item_purchase_floors":[12],"current_hp_per_floor":[79,75,75,75,75,36,42,37,47,76,64,64,53,53,53,0,0],"gold":140,"neow_bonus":"TEN_PERCENT_HP_BONUS","is_daily":false,"chose_seed":false,"campfire_upgraded":1,"win_rate":0.0,"timestamp":1608681043,"path_taken":["M","M","?","?","M","E","?","M","T","R","E","$","?","?","R","BOSS"],"items_purchased_type":["Relic"],"build_version":"2020-12-13","purchased_purges":1,"victory":false,"max_hp_per_floor":[88,88,88,88,88,88,88,88,98,98,98,98,98,98,98,98,98],"relic_stats":{"Strange Spoon":[0],"counters":[8,47],"Whetstone":["Bash","Strike_R"],"Orichalcum":[36],"obtain_stats":[{"Strange Spoon":12,"Pear":9,"CultistMask":4,"Whetstone":6,"Orichalcum":14,"Burning Blood":0},{"Strange Spoon":7,"Pear":6,"CultistMask":2,"Whetstone":4,"Orichalcum":7,"Burning Blood":0},{"Strange Spoon":34,"Pear":30,"CultistMask":9,"Whetstone":22,"Orichalcum":34,"Burning Blood":0}],"Burning Blood":42},"card_choices":[{"not_picked":["Feel No Pain","Clothesline"],"picked":"Headbutt","floor":1},{"not_picked":["Thunderclap","Twin Strike"],"picked":"Flame Barrier","floor":2},{"not_picked":["Bloodletting","Power Through","Havoc"],"picked":"SKIP","floor":5},{"not_picked":["Fire Breathing","Thunderclap"],"picked":"Twin Strike","floor":6},{"not_picked":["Heavy Blade","Warcry"],"picked":"Headbutt","floor":7},{"not_picked":["Combust","Warcry","Dark Embrace"],"picked":"SKIP","floor":8},{"not_picked":["Blood for Blood","Metallicize"],"picked":"Feed","floor":11}],"player_experience":290010,"relics_obtained":[{"floor":6,"key":"Whetstone"},{"floor":9,"key":"Pear"},{"floor":14,"key":"Orichalcum"}],"event_choices":[{"damage_healed":0,"gold_gain":0,"cards_transformed":["Strike_R"],"player_choice":"Change","damage_taken":0,"max_hp_gain":0,"max_hp_loss":0,"event_name":"Living Wall","floor":3,"gold_loss":0,"cards_obtained":["Disarm"]},{"damage_healed":0,"gold_gain":0,"player_choice":"Trade","damage_taken":0,"relics_obtained":["CultistMask"],"max_hp_gain":0,"max_hp_loss":0,"event_name":"FaceTrader","floor":4,"gold_loss":0},{"damage_healed":0,"gold_gain":75,"player_choice":"Gather Gold","damage_taken":11,"max_hp_gain":0,"max_hp_loss":0,"event_name":"World of Goop","floor":13,"gold_loss":0}],"is_beta":false,"boss_relics":[],"items_purged_floors":[12],"is_endless":false,"potions_floor_spawned":[1,6,8,11],"killed_by":"The Guardian","ascension_level":11}}