{"host":"b2gck3v68i09pmif","time":1608603547,"event":{"mods":["BaseMod","Block Reminder","Minty Spire (QoL Compilation)","StSLib"],"gold_per_floor":[117,117,117,133,151,180,180,190,190,190,190,190,223,125,125,228,228,240,67,67,87,12,39,39,39,39,39,39,39,51,51,51,151,151,162,182,82,95,115,115,115],"floor_reached":40,"playtime":1047,"items_purged":["Defend_R","Exhume"],"score":677,"play_id":"aee73dc5-9367-4cc2-a10b-6679b547bb2a","local_time":"20201222101907","is_ascension_mode":true,"campfire_choices":[{"data":"Whirlwind","floor":7,"key":"SMITH"},{"data":"Shrug It Off","floor":10,"key":"SMITH"},{"data":"Inflame","floor":15,"key":"SMITH"},{"data":"Apotheosis","floor":24,"key":"SMITH"},{"floor":27,"key":"REST"},{"data":"Berserk","floor":32,"key":"SMITH"}],"circlet_count":0,"master_deck":["AscendersBane","Strike_R+1","Defend_R","Defend_R","Defend_R","Bash+1","Shrug It Off+1","Thunderclap","Cleave","Whirlwind+1","Inflame+1","Shrug It Off+1","Berserk+1","Apotheosis+1","Flex","Ghostly Armor","Flex+1"],"relics":["Burning Blood","NeowsBlessing","Juzu Bracelet","Akabeko","Darkstone Periapt","Philosopher\u0027s Stone","Lantern","Nilry\u0027s Codex","Boot","InkBottle","Black Star"],"acts_visited":["Exordium","TheCity","TheBeyond"],"potions_floor_usage":[6,18,18,30],"damage_taken":[{"damage":0,"enemies":"Jaw Worm","floor":1,"turns":1},{"damage":0,"enemies":"Cultist","floor":4,"turns":1},{"damage":0,"enemies":"Small Slimes","floor":5,"turns":1},{"damage":8,"enemies":"Gremlin Nob","floor":6,"turns":3},{"damage":6,"enemies":"Blue Slaver","floor":8,"turns":5},{"damage":0,"enemies":"3 Sentries","floor":13,"turns":1},{"damage":56,"enemies":"The Guardian","floor":16,"turns":9},{"damage":19,"enemies":"3 Byrds","floor":18,"turns":3},{"damage":0,"enemies":"2 Thieves","floor":21,"turns":1},{"damage":26,"enemies":"Slavers","floor":23,"turns":2},{"damage":0,"enemies":"Centurion and Healer","floor":30,"turns":2},{"damage":50,"enemies":"Collector","floor":33,"turns":10},{"damage":0,"enemies":"3 Darklings","floor":35,"turns":1},{"damage":0,"enemies":"3 Shapes","floor":36,"turns":2},{"damage":16,"enemies":"Transient","floor":38,"turns":5},{"damage":52,"enemies":"4 Shapes","floor":39,"turns":4},{"damage":19,"enemies":"Nemesis","floor":40,"turns":2}],"seed_played":"-4505198542147307295","potions_obtained":[{"floor":1,"key":"Strength Potion"},{"floor":6,"key":"LiquidBronze"},{"floor":8,"key":"SkillPotion"},{"floor":18,"key":"AttackPotion"},{"floor":23,"key":"Swift Potion"},{"floor":30,"key":"DuplicationPotion"},{"floor":35,"key":"Fire Potion"}],"is_trial":false,"path_per_floor":["M","?","?","M","M","E","R","M","T","R","?","?","E","$","R","B",null,"M","$","?","M","?","E","R","?","T","R","?","?","M","?","R","B",null,"M","M","$","M","M","E"],"character_chosen":"IRONCLAD","items_purchased":["Shrug It Off","Apotheosis"],"campfire_rested":1,"item_purchase_floors":[14,19],"current_hp_per_floor":[78,62,62,68,74,72,72,72,72,72,72,72,78,78,78,28,67,54,54,54,60,60,40,40,24,24,48,48,48,54,54,54,10,63,69,75,75,65,19,0,0],"gold":115,"neow_bonus":"THREE_ENEMY_KILL","is_daily":false,"chose_seed":false,"campfire_upgraded":5,"win_rate":0.0,"timestamp":1608603547,"path_taken":["M","?","?","M","?","E","R","M","T","R","?","?","E","$","R","BOSS","M","$","?","M","?","E","R","?","T","R","?","?","M","?","R","BOSS","M","M","$","M","M","E"],"items_purchased_type":["Card","Card"],"build_version":"2020-12-13","purchased_purges":2,"victory":false,"max_hp_per_floor":[80,80,80,80,80,80,80,80,80,80,80,80,80,80,80,80,80,80,80,80,80,80,80,80,80,80,80,80,80,80,80,80,80,80,80,80,80,80,80,80,80],"card_choices":[{"not_picked":["Metallicize","Warcry"],"picked":"Shrug It Off","floor":1},{"not_picked":["Searing Blow","Sentinel"],"picked":"Thunderclap","floor":4},{"not_picked":["Iron Wave","Wild Strike"],"picked":"Cleave","floor":5},{"not_picked":["Perfected Strike","Shrug It Off"],"picked":"Whirlwind","floor":6},{"not_picked":["Disarm","Brutality","Power Through"],"picked":"SKIP","floor":8},{"not_picked":["Rage","Wild Strike"],"picked":"Inflame","floor":13},{"not_picked":["Offering","Barricade"],"picked":"Berserk","floor":16},{"not_picked":["Carnage","Armaments","Anger"],"picked":"SKIP","floor":18},{"not_picked":["Clothesline+1","Havoc","Cleave"],"picked":"SKIP","floor":21},{"not_picked":["Clothesline","Rupture","Iron Wave"],"picked":"SKIP","floor":23},{"not_picked":["Sever Soul","Entrench"],"picked":"Ghostly Armor","floor":30},{"not_picked":["Inflame+1","Rage","Warcry+1"],"picked":"SKIP","floor":35},{"not_picked":["Hemokinesis+1","Clothesline+1","Entrench"],"picked":"SKIP","floor":36},{"not_picked":["True Grit+1","Ghostly Armor+1"],"picked":"Flex+1","floor":38},{"not_picked":["Intimidate","Clash","Whirlwind"],"picked":"SKIP","floor":39}],"player_experience":238591,"relics_obtained":[{"floor":6,"key":"Juzu Bracelet"},{"floor":9,"key":"Akabeko"},{"floor":13,"key":"Darkstone Periapt"},{"floor":23,"key":"Lantern"},{"floor":25,"key":"Nilry\u0027s Codex"},{"floor":26,"key":"Boot"}],"event_choices":[{"damage_healed":0,"gold_gain":0,"player_choice":"Entered Light","damage_taken":16,"max_hp_gain":0,"max_hp_loss":0,"event_name":"Shining Light","floor":2,"gold_loss":0,"cards_upgraded":["Strike_R","Bash"]},{"damage_healed":0,"gold_gain":0,"cards_transformed":["Strike_R"],"player_choice":"Transformed","damage_taken":0,"max_hp_gain":0,"max_hp_loss":0,"event_name":"Transmorgrifier","floor":3,"gold_loss":0,"cards_obtained":["Exhume"]},{"cards_removed":["Strike_R"],"damage_healed":0,"gold_gain":0,"player_choice":"Forget","damage_taken":0,"max_hp_gain":0,"max_hp_loss":0,"event_name":"Living Wall","floor":11,"gold_loss":0},{"cards_removed":["Strike_R"],"damage_healed":0,"gold_gain":0,"player_choice":"Offered Basic","damage_taken":0,"max_hp_gain":0,"max_hp_loss":0,"event_name":"Bonfire Elementals","floor":12,"gold_loss":0},{"damage_healed":0,"gold_gain":0,"player_choice":"Read","damage_taken":0,"max_hp_gain":0,"max_hp_loss":0,"event_name":"The Library","floor":20,"gold_loss":0,"cards_obtained":["Flex"]},{"cards_removed":["Strike_R"],"damage_healed":0,"gold_gain":0,"player_choice":"Gave Gold","damage_taken":0,"max_hp_gain":0,"max_hp_loss":0,"event_name":"Beggar","floor":22,"gold_loss":75},{"damage_healed":0,"gold_gain":0,"player_choice":"Obtained Book","damage_taken":16,"max_hp_gain":0,"max_hp_loss":0,"event_name":"Cursed Tome","floor":25,"gold_loss":0},{"damage_healed":0,"gold_gain":0,"player_choice":"Ignored","damage_taken":0,"max_hp_gain":0,"max_hp_loss":0,"event_name":"Vampires","floor":28,"gold_loss":0},{"damage_healed":0,"gold_gain":0,"player_choice":"Forge","damage_taken":0,"max_hp_gain":0,"max_hp_loss":0,"event_name":"Accursed Blacksmith","floor":29,"gold_loss":0,"cards_upgraded":["Shrug It Off"]},{"damage_healed":0,"gold_gain":0,"player_choice":"Opened","damage_taken":0,"relics_obtained":["InkBottle"],"max_hp_gain":0,"max_hp_loss":0,"event_name":"The Mausoleum","floor":31,"gold_loss":0}],"is_beta":false,"boss_relics":[{"not_picked":["Busted Crown","Runic Cube"],"picked":"Philosopher\u0027s Stone"},{"not_picked":["Cursed Key","SlaversCollar"],"picked":"Black Star"}],"items_purged_floors":[14,37],"is_endless":false,"potions_floor_spawned":[1,6,8,18,23,30,35,39],"killed_by":"Nemesis","ascension_level":11}}