{"host":"1tkoe3l8wf0xx8if","time":1608627708,"event":{"mods":["AchievementEnabler","BaseMod","Colored Map","Minty Spire (QoL Compilation)","Quick Restart","StSLib","SuperFastMode"],"gold_per_floor":[113,126,142,67,85,119,119,153,153,153,153],"floor_reached":10,"playtime":356,"items_purged":["Strike_R"],"score":129,"play_id":"9f945228-7de3-4903-a9f7-45ca1b466b0c","local_time":"20201222180148","is_ascension_mode":true,"campfire_choices":[{"data":"Searing Blow","floor":7.0,"key":"SMITH"}],"circlet_count":0,"master_deck":["AscendersBane","Strike_R","Strike_R","Strike_R","Strike_R","Defend_R","Defend_R","Defend_R","Defend_R","Bash","Inflame","Rage","Shrug It Off","Body Slam","Searing Blow+1"],"relics":["Burning Blood","NeowsBlessing","Pear","TungstenRod","Kunai"],"acts_visited":["Exordium"],"potions_floor_usage":[10],"damage_taken":[{"damage":0.0,"enemies":"Small Slimes","floor":1.0,"turns":1.0},{"damage":0.0,"enemies":"Cultist","floor":2.0,"turns":1.0},{"damage":0.0,"enemies":"Jaw Worm","floor":3.0,"turns":1.0},{"damage":15.0,"enemies":"2 Fungi Beasts","floor":5.0,"turns":5.0},{"damage":23.0,"enemies":"3 Sentries","floor":6.0,"turns":9.0},{"damage":36.0,"enemies":"Lagavulin","floor":8.0,"turns":6.0},{"damage":37,"enemies":"Gremlin Nob","floor":10,"turns":5}],"seed_played":"5143673914920639541","potions_obtained":[{"floor":2.0,"key":"AttackPotion"},{"floor":3.0,"key":"SkillPotion"},{"floor":8.0,"key":"Weak Potion"}],"is_trial":false,"path_per_floor":["M","M","M","$","M","E","R","E","T","E"],"character_chosen":"IRONCLAD","items_purchased":[],"campfire_rested":0,"item_purchase_floors":[],"current_hp_per_floor":[78,80,80,80,71,64,64,34,34,0,0],"gold":153,"neow_bonus":"THREE_ENEMY_KILL","is_daily":false,"chose_seed":false,"campfire_upgraded":1,"win_rate":0.0,"timestamp":1608627708,"path_taken":["M","M","M","$","M","E","R","E","T","E"],"items_purchased_type":[],"build_version":"2020-12-13","purchased_purges":1,"victory":false,"max_hp_per_floor":[80,80,80,80,80,90,90,90,90,90,90],"card_choices":[{"not_picked":["Warcry","Cleave"],"picked":"Inflame","floor":1.0},{"not_picked":["Reckless Charge","Clash"],"picked":"Rage","floor":2.0},{"not_picked":["Wild Strike","Blood for Blood"],"picked":"Shrug It Off","floor":3.0},{"not_picked":["Clothesline","Anger"],"picked":"Body Slam","floor":5.0},{"not_picked":["Perfected Strike","Armaments"],"picked":"Searing Blow","floor":6.0},{"not_picked":["Exhume","Flame Barrier","Iron Wave"],"picked":"SKIP","floor":8.0}],"player_experience":303806,"relics_obtained":[{"floor":6.0,"key":"Pear"},{"floor":8.0,"key":"TungstenRod"},{"floor":9.0,"key":"Kunai"}],"event_choices":[],"is_beta":false,"boss_relics":[],"items_purged_floors":[4],"is_endless":false,"potions_floor_spawned":[2,3,8],"killed_by":"Gremlin Nob","ascension_level":13}}