{"host":"30jsp143e4v19aze","time":1608673778,"event":{"mods":["BaseMod","Colored Map","Colored Powertips","Curses Come First","DeckTracker","Highlight Path","Minty Spire (QoL Compilation)","Quick Restart","Relic Stats","StSLib"],"gold_per_floor":[118,118,38,38,55,55,86,86,111,138,138,199,219,252,252,326,326,340,340,340,67,47,79,98,15,15,15,49,49,63,63,63],"floor_reached":31,"playtime":1539,"items_purged":["Strike_G+1"],"score":637,"play_id":"5bbbef78-4d9b-4f57-b68c-b13b27db2037","local_time":"20201222224938","is_ascension_mode":true,"campfire_choices":[{"data":"Neutralize","floor":6,"key":"SMITH"},{"data":"Dagger Spray","floor":8,"key":"SMITH"},{"data":"Noxious Fumes","floor":15,"key":"SMITH"}],"circlet_count":0,"master_deck":["AscendersBane","Strike_G+1","Strike_G+1","Defend_G+1","Defend_G+1","Defend_G+1","Defend_G+1","Defend_G+1","Survivor","Neutralize+1","Dagger Throw","Backflip","Dagger Spray+1","Noxious Fumes+1","Backflip","PiercingWail","Poisoned Stab","Outmaneuver+1","Malaise+1","Backflip+1","Backflip+1","Envenom","Night Terror+1","Well Laid Plans","Crippling Poison+1","Concentrate+1","Decay","Storm of Steel+1","Tactician+1","Dodge and Roll+1"],"relics":["Coffee Dripper","PreservedInsect","Lizard Tail","Smiling Mask","Prayer Wheel","War Paint","Toxic Egg 2","Runic Pyramid","Shovel","Question Card","Bag of Preparation"],"acts_visited":["Exordium","TheCity"],"potions_floor_usage":[7,10,16,16,28,28,30,31,31],"damage_taken":[{"damage":0,"enemies":"2 Louse","floor":1,"turns":3},{"damage":0,"enemies":"Small Slimes","floor":5,"turns":4},{"damage":20,"enemies":"3 Sentries","floor":7,"turns":8},{"damage":12,"enemies":"Lagavulin","floor":10,"turns":6},{"damage":20,"enemies":"Gremlin Nob","floor":12,"turns":4},{"damage":4,"enemies":"Jaw Worm","floor":13,"turns":4},{"damage":0,"enemies":"3 Sentries","floor":14,"turns":5},{"damage":31,"enemies":"Hexaghost","floor":16,"turns":11},{"damage":11,"enemies":"Shell Parasite","floor":18,"turns":7},{"damage":14,"enemies":"2 Thieves","floor":22,"turns":4},{"damage":5,"enemies":"Book of Stabbing","floor":23,"turns":7},{"damage":9,"enemies":"3 Cultists","floor":24,"turns":5},{"damage":4,"enemies":"Slavers","floor":28,"turns":4},{"damage":0,"enemies":"Snecko","floor":30,"turns":3},{"damage":12,"enemies":"Shelled Parasite and Fungi","floor":31,"turns":5}],"seed_played":"6412005962180998259","potions_obtained":[{"floor":5,"key":"EssenceOfSteel"},{"floor":12,"key":"Weak Potion"},{"floor":14,"key":"Regen Potion"},{"floor":24,"key":"Dexterity Potion"},{"floor":29,"key":"SteroidPotion"},{"floor":29,"key":"CunningPotion"},{"floor":30,"key":"Explosive Potion"}],"is_trial":false,"path_per_floor":["M","?","$","?","M","R","E","R","T","E","?","?","M","E","R","B",null,"M","?","?","$","M","E","M","$","T","?","E","?","M","M"],"character_chosen":"THE_SILENT","items_purchased":["Regen Potion","Night Terror+1","Well Laid Plans","GamblersBrew"],"campfire_rested":0,"item_purchase_floors":[3,21,21,25],"current_hp_per_floor":[59,41,41,63,63,63,43,43,43,45,45,25,21,21,21,30,57,46,46,46,46,32,27,18,18,18,18,14,14,14,2,2],"gold":63,"neow_bonus":"BOSS_RELIC","is_daily":false,"chose_seed":false,"campfire_upgraded":3,"win_rate":0.0,"timestamp":1608673778,"path_taken":["M","?","$","?","M","R","E","R","T","E","?","?","M","E","R","BOSS","M","?","?","$","M","E","?","$","T","?","E","?","?","M"],"items_purchased_type":["Potion","Card","Card","Potion"],"build_version":"2020-12-13","purchased_purges":1,"victory":false,"max_hp_per_floor":[66,66,66,66,66,66,66,66,66,66,66,66,66,66,66,66,66,66,66,66,66,66,66,66,66,66,66,66,66,66,66,66],"relic_stats":{"Lizard Tail":33,"Shovel":0,"counters":[15,80],"Prayer Wheel":5,"PreservedInsect":201,"Bag of Preparation":[4],"War Paint":["Defend_G","Defend_G"],"Smiling Mask":25,"Question Card":3,"obtain_stats":[{"Lizard Tail":7,"Shovel":23,"Prayer Wheel":10,"PreservedInsect":2,"Coffee Dripper":0,"Bag of Preparation":28,"War Paint":12,"Toxic Egg 2":14,"Smiling Mask":9,"Question Card":26,"Ring of the Snake":0,"Runic Pyramid":17},{"Lizard Tail":3,"Shovel":11,"Prayer Wheel":4,"PreservedInsect":1,"Coffee Dripper":0,"Bag of Preparation":13,"War Paint":5,"Toxic Egg 2":7,"Smiling Mask":3,"Question Card":12,"Ring of the Snake":0,"Runic Pyramid":8},{"Lizard Tail":15,"Shovel":63,"Prayer Wheel":21,"PreservedInsect":3,"Coffee Dripper":0,"Bag of Preparation":72,"War Paint":25,"Toxic Egg 2":34,"Smiling Mask":15,"Question Card":68,"Ring of the Snake":0,"Runic Pyramid":45}]},"card_choices":[{"not_picked":["Outmaneuver","Blade Dance"],"picked":"Dagger Throw","floor":1},{"not_picked":["Deflect","Blur"],"picked":"Backflip","floor":5},{"not_picked":["Deadly Poison","Eviscerate"],"picked":"Dagger Spray","floor":7},{"not_picked":["Bane","Flying Knee","Flechettes"],"picked":"SKIP","floor":10},{"not_picked":["Dagger Spray","Deflect"],"picked":"Backflip","floor":12},{"not_picked":["Glass Knife","Dash"],"picked":"PiercingWail","floor":13},{"not_picked":["Dash","Dagger Throw"],"picked":"Poisoned Stab","floor":13},{"not_picked":["Flying Knee","Blade Dance+1"],"picked":"Outmaneuver+1","floor":14},{"not_picked":["Glass Knife","Storm of Steel+1"],"picked":"Malaise+1","floor":16},{"not_picked":["Blade Dance+1","Sucker Punch"],"picked":"Backflip+1","floor":18},{"not_picked":["Cloak And Dagger+1","Quick Slash"],"picked":"Backflip+1","floor":18},{"not_picked":["Blade Dance+1","Finisher","Endless Agony"],"picked":"SKIP","floor":22},{"not_picked":["All Out Attack+1","Bane","Backflip+1"],"picked":"SKIP","floor":22},{"not_picked":["Blade Dance+1","Finisher","Endless Agony"],"picked":"SKIP","floor":22},{"not_picked":["All Out Attack+1","Bane","Backflip+1"],"picked":"SKIP","floor":22},{"not_picked":["PiercingWail+1","Bane"],"picked":"Crippling Poison+1","floor":23},{"not_picked":["All Out Attack","Backflip+1"],"picked":"Concentrate+1","floor":24},{"not_picked":["Sucker Punch+1","Quick Slash","Underhanded Strike"],"picked":"SKIP","floor":24},{"not_picked":["Choke","Blade Dance+1","Endless Agony+1"],"picked":"Storm of Steel+1","floor":28},{"not_picked":["Expertise+1","Dodge and Roll+1","Bane"],"picked":"Tactician+1","floor":30},{"not_picked":["Underhanded Strike","Dagger Throw","Poisoned Stab"],"picked":"Dodge and Roll+1","floor":30}],"player_experience":3067708,"relics_obtained":[{"floor":7,"key":"Lizard Tail"},{"floor":9,"key":"Smiling Mask"},{"floor":10,"key":"Prayer Wheel"},{"floor":12,"key":"War Paint"},{"floor":14,"key":"Toxic Egg 2"},{"floor":23,"key":"Shovel"},{"floor":26,"key":"Question Card"},{"floor":28,"key":"Bag of Preparation"}],"event_choices":[{"damage_healed":0,"gold_gain":0,"player_choice":"Success","damage_taken":18,"relics_obtained":["PreservedInsect"],"max_hp_gain":0,"max_hp_loss":0,"event_name":"Scrap Ooze","floor":2,"gold_loss":0},{"damage_healed":22,"gold_gain":0,"player_choice":"Banana","damage_taken":0,"max_hp_gain":0,"max_hp_loss":0,"event_name":"Big Fish","floor":4,"gold_loss":0},{"damage_healed":0,"gold_gain":0,"cards_transformed":["Strike_G"],"player_choice":"Change","damage_taken":0,"max_hp_gain":0,"max_hp_loss":0,"event_name":"Living Wall","floor":11,"gold_loss":0,"cards_obtained":["Noxious Fumes"]},{"damage_healed":0,"gold_gain":0,"player_choice":"Searched \u00271\u0027 times","damage_taken":0,"max_hp_gain":0,"max_hp_loss":0,"event_name":"Dead Adventurer","floor":12,"gold_loss":0},{"damage_healed":0,"gold_gain":0,"player_choice":"Simplicity","damage_taken":0,"max_hp_gain":0,"max_hp_loss":0,"event_name":"Back to Basics","floor":19,"gold_loss":0,"cards_upgraded":["Strike_G","Strike_G","Strike_G","Strike_G","Defend_G","Defend_G","Defend_G"]},{"damage_healed":0,"gold_gain":0,"cards_transformed":["Strike_G"],"player_choice":"Transformed","damage_taken":0,"max_hp_gain":0,"max_hp_loss":0,"event_name":"Transmorgrifier","floor":20,"gold_loss":0,"cards_obtained":["Envenom"]},{"damage_healed":0,"gold_gain":0,"player_choice":"Smashed Altar","damage_taken":0,"max_hp_gain":0,"max_hp_loss":0,"event_name":"Forgotten Altar","floor":27,"gold_loss":0,"cards_obtained":["Decay"]},{"damage_healed":0,"gold_gain":0,"player_choice":"Got Potions","damage_taken":0,"max_hp_gain":0,"max_hp_loss":0,"event_name":"Lab","floor":29,"gold_loss":0}],"is_beta":false,"boss_relics":[{"not_picked":["WristBlade","SlaversCollar"],"picked":"Runic Pyramid"}],"items_purged_floors":[21],"is_endless":false,"potions_floor_spawned":[5,12,14,24,30],"killed_by":"Shelled Parasite and Fungi","ascension_level":19}}