{"host":"7krnriczr1b2ou5r","time":1608642034,"event":{"mods":["BaseMod","Keyboard Shortcuts","Minty Spire (QoL Compilation)","Relic Stats","StSLib","The Dragon Tamer","The Poker Player"],"gold_per_floor":[114,114,39,54,67,67,99,112,112,112,145,70,70,87,87,162,162,174,174,193,193,118,132,151,51,51,86,86,86,86],"floor_reached":29,"playtime":895,"items_purged":["Defend_P","BowlingBash"],"score":606,"play_id":"d52988cb-abf2-4023-84cd-d92c08cd7a40","local_time":"20201222220034","is_ascension_mode":true,"campfire_choices":[{"data":"Eruption","floor":6.0,"key":"SMITH"},{"data":"Pray","floor":13,"key":"SMITH"},{"data":"FollowUp","floor":15,"key":"SMITH"},{"data":"Collect","floor":28,"key":"SMITH"}],"circlet_count":0,"master_deck":["AscendersBane","Eruption+1","Vigilance","Evaluate","FollowUp+1","CarveReality+1","EmptyFist","Pray+1","MasterReality+1","Devotion","Ragnarok","Collect+1","ForeignInfluence+1","Halt","Vault"],"relics":["PureWater","Singing Bowl","Tiny Chest","Gremlin Horn","InkBottle","Pandora\u0027s Box","Letter Opener","Boot","Oddly Smooth Stone"],"acts_visited":["Exordium","TheCity"],"potions_floor_usage":[7,11,16,24,27],"damage_taken":[{"damage":2.0,"enemies":"Small Slimes","floor":1.0,"turns":4.0},{"damage":9.0,"enemies":"2 Louse","floor":4.0,"turns":3.0},{"damage":0.0,"enemies":"Jaw Worm","floor":5.0,"turns":3.0},{"damage":0,"enemies":"Lagavulin","floor":7,"turns":4},{"damage":1,"enemies":"Looter","floor":8,"turns":3},{"damage":7,"enemies":"3 Sentries","floor":11,"turns":6},{"damage":0,"enemies":"Exordium Thugs","floor":14,"turns":1},{"damage":11,"enemies":"Hexaghost","floor":16,"turns":7},{"damage":4,"enemies":"3 Byrds","floor":18,"turns":4},{"damage":0,"enemies":"2 Thieves","floor":20,"turns":1},{"damage":0,"enemies":"Snecko","floor":23,"turns":2},{"damage":0,"enemies":"Centurion and Healer","floor":24,"turns":4},{"damage":28,"enemies":"Slavers","floor":27,"turns":5},{"damage":0,"enemies":"Chosen and Byrds","floor":29,"turns":2}],"seed_played":"3753047937823721054","potions_obtained":[{"floor":4.0,"key":"PowerPotion"},{"floor":7,"key":"SkillPotion"},{"floor":14,"key":"EssenceOfSteel"},{"floor":20,"key":"Regen Potion"},{"floor":23,"key":"Explosive Potion"},{"floor":27,"key":"Fire Potion"}],"is_trial":false,"path_per_floor":["M","?","?","M","M","R","E","M","T","?","E","$","R","M","R","B",null,"M","?","M","T","?","M","M","$","T","E","R","M"],"character_chosen":"WATCHER","items_purchased":[],"campfire_rested":0,"item_purchase_floors":[],"current_hp_per_floor":[59,48,48,39,39,39,41,40,40,19,14,14,14,16,16,5,57,55,55,57,57,57,59,59,59,59,47,47,47,47],"gold":86,"neow_bonus":"THREE_CARDS","is_daily":false,"chose_seed":false,"campfire_upgraded":4,"win_rate":0.0,"timestamp":1608642034,"path_taken":["M","?","?","M","M","R","E","M","T","?","E","$","R","?","R","BOSS","M","?","M","?","?","M","M","$","T","E","R","M"],"items_purchased_type":[],"build_version":"2020-12-13","purchased_purges":2,"victory":false,"max_hp_per_floor":[68,68,68,68,68,68,70,70,70,70,72,72,72,74,74,74,74,76,76,78,78,78,80,80,80,80,82,82,82,82],"relic_stats":{"Singing Bowl":14,"Gremlin Horn":[7,7],"counters":[14,49],"Tiny Chest":1,"Pandora\u0027s Box":["Ragnarok","Collect","ForeignInfluence","DevaForm","BowlingBash","Halt"],"Letter Opener":[45],"Boot":[1],"obtain_stats":[{"Singing Bowl":2,"Gremlin Horn":9,"Oddly Smooth Stone":27,"Tiny Chest":7,"Pandora\u0027s Box":17,"Letter Opener":21,"PureWater":0,"Boot":26,"InkBottle":11},{"Singing Bowl":1,"Gremlin Horn":5,"Oddly Smooth Stone":13,"Tiny Chest":4,"Pandora\u0027s Box":8,"Letter Opener":10,"PureWater":0,"Boot":12,"InkBottle":6},{"Singing Bowl":4,"Gremlin Horn":17,"Oddly Smooth Stone":47,"Tiny Chest":14,"Pandora\u0027s Box":31,"Letter Opener":36,"PureWater":0,"Boot":42,"InkBottle":23}],"InkBottle":[11]},"card_choices":[{"not_picked":["Vengeance","Crescendo"],"picked":"Evaluate","floor":0.0},{"not_picked":["Crescendo","Protect"],"picked":"FollowUp","floor":1.0},{"not_picked":["Crescendo","FollowUp"],"picked":"CarveReality","floor":4.0},{"not_picked":["ThirdEye","PathToVictory"],"picked":"EmptyFist","floor":5.0},{"not_picked":["EmptyBody","Evaluate","PathToVictory"],"picked":"Singing Bowl","floor":7},{"not_picked":["Wallop","Brilliance"],"picked":"Pray","floor":8},{"not_picked":["FollowUp","Alpha","Pray"],"picked":"Singing Bowl","floor":11},{"not_picked":["Wallop","PathToVictory","Fasting2"],"picked":"Singing Bowl","floor":14},{"not_picked":["DevaForm","Scrawl"],"picked":"Devotion","floor":16},{"not_picked":["EmptyFist","Halt","EmptyBody"],"picked":"Singing Bowl","floor":18},{"not_picked":["Crescendo","CutThroughFate","EmptyBody"],"picked":"Singing Bowl","floor":20},{"not_picked":["Weave","Crescendo","InnerPeace"],"picked":"Singing Bowl","floor":23},{"not_picked":["BowlingBash+1","Indignation"],"picked":"Vault","floor":24},{"not_picked":["Conclude+1","ThirdEye","SignatureMove"],"picked":"Singing Bowl","floor":27}],"player_experience":1131428,"relics_obtained":[{"floor":7,"key":"Tiny Chest"},{"floor":9,"key":"Gremlin Horn"},{"floor":11,"key":"InkBottle"},{"floor":21,"key":"Letter Opener"},{"floor":26,"key":"Boot"},{"floor":27,"key":"Oddly Smooth Stone"}],"event_choices":[{"damage_healed":0.0,"max_hp_gain":0.0,"max_hp_loss":0.0,"gold_gain":0.0,"event_name":"Scrap Ooze","player_choice":"Success","floor":2.0,"gold_loss":0.0,"damage_taken":11.0,"relics_obtained":["Singing Bowl"]},{"cards_removed":["Strike_P"],"damage_healed":0.0,"max_hp_gain":0.0,"max_hp_loss":0.0,"gold_gain":0.0,"event_name":"The Cleric","player_choice":"Card Removal","floor":3.0,"gold_loss":75.0,"damage_taken":0.0},{"damage_healed":0,"gold_gain":0,"player_choice":"Entered Light","damage_taken":21,"max_hp_gain":0,"max_hp_loss":0,"event_name":"Shining Light","floor":10,"gold_loss":0,"cards_upgraded":["Strike_P","CarveReality"]},{"damage_healed":0,"gold_gain":0,"player_choice":"Upgraded","damage_taken":0,"max_hp_gain":0,"max_hp_loss":0,"event_name":"Upgrade Shrine","floor":19,"gold_loss":0,"cards_upgraded":["ForeignInfluence"]},{"cards_removed":["DevaForm"],"damage_healed":0,"gold_gain":0,"player_choice":"Gave Gold","damage_taken":0,"max_hp_gain":0,"max_hp_loss":0,"event_name":"Beggar","floor":22,"gold_loss":75}],"is_beta":false,"boss_relics":[{"not_picked":["Velvet Choker","Philosopher\u0027s Stone"],"picked":"Pandora\u0027s Box"}],"items_purged_floors":[12,25],"is_endless":false,"potions_floor_spawned":[4,7,14,20,23,27],"killed_by":"Chosen and Byrds","ascension_level":20}}