{"host":"j49z5jz0n7e8vjox","time":1608665368,"event":{"mods":["AchievementEnabler","BaseMod","Bestiary","Colored Map","Colored Powertips","DeckTracker","Minty Spire (QoL Compilation)","UnlockEverythingMod"],"gold_per_floor":[113,125,137,51,68,94,94,129,175,187,26,26,46,69,69,147,147,162,162,20,36,47,47,47,47],"floor_reached":24,"playtime":5294,"items_purged":[],"score":416,"play_id":"24d29d81-f4b9-4eb9-a5ea-f853ad47732e","local_time":"20201222132928","is_ascension_mode":true,"campfire_choices":[{"data":"Ball Lightning","floor":7,"key":"SMITH"},{"floor":12,"key":"REST"},{"data":"Ball Lightning","floor":15,"key":"SMITH"},{"data":"Compile Driver","floor":23,"key":"SMITH"}],"circlet_count":0,"master_deck":["AscendersBane","Strike_B","Strike_B","Strike_B","Strike_B","Defend_B","Defend_B","Defend_B","Defend_B","Zap","Dualcast","Compile Driver+1","Go for the Eyes","Cold Snap","Self Repair","Ball Lightning+1","Glacier","Genetic Algorithm","Auto Shields","Ball Lightning+1","Core Surge","Compile Driver"],"relics":["Cracked Core","Strawberry","Letter Opener","DataDisk","Membership Card","Regal Pillow","Nuclear Battery","Gremlin Horn"],"acts_visited":["Exordium","TheCity"],"potions_floor_usage":[6,10,16],"damage_taken":[{"damage":0,"enemies":"Cultist","floor":1,"turns":4},{"damage":14,"enemies":"Jaw Worm","floor":2,"turns":4},{"damage":4,"enemies":"2 Louse","floor":3,"turns":2},{"damage":14,"enemies":"Blue Slaver","floor":5,"turns":4},{"damage":17,"enemies":"3 Sentries","floor":6,"turns":7},{"damage":16,"enemies":"Lagavulin","floor":8,"turns":6},{"damage":5,"enemies":"3 Louse","floor":10,"turns":3},{"damage":0,"enemies":"Lots of Slimes","floor":13,"turns":5},{"damage":9,"enemies":"The Guardian","floor":16,"turns":11},{"damage":25,"enemies":"2 Thieves","floor":18,"turns":4},{"damage":0,"enemies":"3 Byrds","floor":21,"turns":5},{"damage":17,"enemies":"Snecko","floor":22,"turns":6},{"damage":62,"enemies":"Book of Stabbing","floor":24,"turns":7}],"seed_played":"5097147420759573199","potions_obtained":[{"floor":1,"key":"EssenceOfSteel"},{"floor":5,"key":"SkillPotion"},{"floor":6,"key":"Dexterity Potion"},{"floor":13,"key":"Fire Potion"},{"floor":16,"key":"SteroidPotion"}],"is_trial":false,"path_per_floor":["M","M","M","$","M","E","R","E","T","M","$","R","M","T","R","B",null,"M","?","$","M","M","R","E"],"character_chosen":"DEFECT","items_purchased":["Self Repair","Membership Card","Gremlin Horn"],"campfire_rested":1,"item_purchase_floors":[4,11,20],"current_hp_per_floor":[71,57,53,53,46,43,43,34,34,36,36,61,68,68,68,66,80,62,62,62,69,59,59,0,0],"gold":47,"neow_bonus":"TEN_PERCENT_HP_BONUS","is_daily":false,"chose_seed":false,"campfire_upgraded":3,"win_rate":0.0,"timestamp":1608665368,"path_taken":["M","M","M","?","M","E","R","E","T","M","?","R","M","?","R","BOSS","M","?","$","M","M","R","E"],"items_purchased_type":["Card","Relic","Relic"],"build_version":"2020-12-13","purchased_purges":0,"victory":false,"max_hp_per_floor":[78,78,78,78,78,85,85,85,85,85,85,85,85,85,85,85,85,85,85,85,85,85,85,85,85],"card_choices":[{"not_picked":["Hello World","Steam"],"picked":"Compile Driver","floor":1},{"not_picked":["Double Energy","Hologram"],"picked":"Go for the Eyes","floor":2},{"not_picked":["Undo","Beam Cell"],"picked":"Cold Snap","floor":3},{"not_picked":["Fission","Compile Driver"],"picked":"Ball Lightning","floor":5},{"not_picked":["Coolheaded","Beam Cell"],"picked":"Glacier","floor":6},{"not_picked":["Steam","Go for the Eyes"],"picked":"Genetic Algorithm","floor":8},{"not_picked":["Scrape","Rip and Tear"],"picked":"Auto Shields","floor":10},{"not_picked":["Rebound","Lockon"],"picked":"Ball Lightning","floor":13},{"not_picked":["Multi-Cast","Amplify"],"picked":"Core Surge","floor":16},{"not_picked":["Rebound","Turbo"],"picked":"Compile Driver","floor":18},{"not_picked":["Hologram","Streamline","Aggregate"],"picked":"SKIP","floor":21},{"not_picked":["Conserve Battery","Gash","Rip and Tear"],"picked":"SKIP","floor":22}],"player_experience":730066,"relics_obtained":[{"floor":6,"key":"Strawberry"},{"floor":8,"key":"Letter Opener"},{"floor":9,"key":"DataDisk"},{"floor":14,"key":"Regal Pillow"}],"event_choices":[{"damage_healed":0,"gold_gain":0,"player_choice":"Ignored","damage_taken":0,"max_hp_gain":0,"max_hp_loss":0,"event_name":"Vampires","floor":19,"gold_loss":0}],"is_beta":false,"boss_relics":[{"not_picked":["Cursed Key","Astrolabe"],"picked":"Nuclear Battery"}],"items_purged_floors":[],"is_endless":false,"potions_floor_spawned":[1,5,6,13,16,18],"killed_by":"Book of Stabbing","ascension_level":20}}