{"host":"a271difpu8igxb07","time":1608615473,"event":{"mods":["2.2 Compatiblity","AchievementEnabler","Act Like it!","Ascension Reborn","Aspiration","BaseMod","Bestiary","Better Note","Better Third Choice","BetterRewards","Challenge The Spire","Colored Map","Colored Powertips","Conspire","Custom Start","Dota2Spire","Downfall","Energized Spire","Halation","Hermit","Highlight Path","Hubris","Infinite Spire","Minty Spire (QoL Compilation)","Quick Restart","READ ME - Guardian Mod","Retaliation","StSLib","The Blue Laboratory","The Construct","The Cursed","The Factory","The Jungle","vexMod"],"gold_per_floor":[117,135,225,315,337,337,354,386,414,437,437,451,451,486,486,600,600,613,589,589,601,601,601,617,617,617,617,633,665,446,465,465,590,590,603,622,239,239,262,262,297,309,309,309,327,327,346,368,368,368,368,368],"floor_reached":51,"playtime":2620,"items_purged":[],"score":711,"play_id":"620da058-41d5-48e5-b0bb-585730c50230","local_time":"20201222123753","is_ascension_mode":true,"campfire_choices":[{"data":"Iron Wave","floor":6.0,"key":"SMITH"},{"data":"Whirlwind","floor":11.0,"key":"SMITH"},{"floor":13.0,"key":"REST"},{"floor":15.0,"key":"REST"},{"data":"Demon Form","floor":23.0,"key":"SMITH"},{"floor":25.0,"key":"REST"},{"data":"Fire Breathing","floor":27.0,"key":"SMITH"},{"floor":32.0,"key":"REST"},{"floor":40.0,"key":"REST"},{"floor":44.0,"key":"RECALL"},{"data":"Demon Form","floor":49.0,"key":"SMITH"}],"circlet_count":0,"master_deck":["Strike_R+1","Strike_R+1","Strike_R+1","Strike_R+1","Strike_R+1","Defend_R+1","Defend_R+1","Defend_R+1","Defend_R+1","Bash+1","Perfected Strike","Iron Wave+1","Thunderclap","Iron Wave","Clothesline","Demon Form+1","Twin Strike+1","DDmod:PokeAttack","Juggernaut","Reaper","Battle Trance+1","Fire Breathing+1","Bloodletting","Rage+1","Whirlwind","Apotheosis","Shrug It Off+1","Demon Form+1","Spot Weakness+1","Flex","Metallicize","Clothesline+1","Clothesline+1","hubris:ReadiedAction","Cleave+1","Clash+1","Flex+1","hubris:DuctTapeCard"],"relics":["aspiration:RunicSpoon","Dota2Spire:MagicBottle","Eternal Feather","hubris:OldNail","aspiration:Lifesprig","aspiration:StickyExplosives_weak","Dota2Spire:HeartOfTarrasque","energizedSpire:DecayingSkull","Charon\u0027s Ashes","infinitespire:WardingShard","hubris:DuctTape","Lantern","hubris:CuriousFeather","hubris:VirtuousBlindfold","Dota2Spire:DrumOfEndurance","Dota2Spire:MaskOfMadness","hubris:Icosahedron","War Paint","Dota2Spire:ArcaneBoots"],"acts_visited":["Exordium","TheCity","TheBeyond"],"potions_floor_usage":[],"damage_taken":[{"damage":0.0,"enemies":"Small Slimes","floor":1.0,"turns":3.0},{"damage":0.0,"enemies":"Jaw Worm","floor":2.0,"turns":2.0},{"damage":0.0,"enemies":"Cultist","floor":5.0,"turns":2.0},{"damage":12.0,"enemies":"3 Louse","floor":7.0,"turns":2.0},{"damage":16.0,"enemies":"Lagavulin","floor":8.0,"turns":5.0},{"damage":0.0,"enemies":"Exordium Thugs","floor":10.0,"turns":3.0},{"damage":0.0,"enemies":"Gremlin Gang","floor":12.0,"turns":2.0},{"damage":20.0,"enemies":"3 Sentries","floor":14.0,"turns":3.0},{"damage":48.0,"enemies":"Hexaghost","floor":16.0,"turns":7.0},{"damage":24.0,"enemies":"Shell Parasite","floor":18.0,"turns":3.0},{"damage":18.0,"enemies":"conspire:FuzzyDice","floor":21.0,"turns":4.0},{"damage":21.0,"enemies":"Cultist and Chosen","floor":24.0,"turns":5.0},{"damage":14.0,"enemies":"Snake Plant","floor":28.0,"turns":4.0},{"damage":21.0,"enemies":"Gremlin Leader","floor":29.0,"turns":4.0},{"damage":20.0,"enemies":"Snecko","floor":31.0,"turns":5.0},{"damage":43.0,"enemies":"Collector","floor":33.0,"turns":5.0},{"damage":4.0,"enemies":"Orb Walker","floor":35.0,"turns":3.0},{"damage":56.0,"enemies":"3 Shapes","floor":36.0,"turns":1.0},{"damage":19.0,"enemies":"Spire Growth","floor":39.0,"turns":4.0},{"damage":25.0,"enemies":"Reptomancer","floor":41.0,"turns":4.0},{"damage":38.0,"enemies":"Transient","floor":42.0,"turns":6.0},{"damage":22.0,"enemies":"3 Darklings","floor":45.0,"turns":4.0},{"damage":36.0,"enemies":"Writhing Mass","floor":47.0,"turns":4.0},{"damage":36.0,"enemies":"Transient","floor":48.0,"turns":6.0},{"damage":90.0,"enemies":"infinitespire:MassOfShapes","floor":50.0,"turns":8.0},{"damage":55,"enemies":"Donu and Deca","floor":51,"turns":3}],"seed_played":"331127152604609240","potions_obtained":[{"floor":5.0,"key":"blueLaboratory:LouseDecoction"},{"floor":7.0,"key":"hexamod:EctoCoolerPotion"},{"floor":10.0,"key":"SkillPotion"},{"floor":14.0,"key":"Swift Potion"},{"floor":24.0,"key":"blueLaboratory:BubblePotion"},{"floor":28.0,"key":"Fire Potion"},{"floor":29.0,"key":"blueLaboratory:RememoryPotion"},{"floor":31.0,"key":"EssenceOfSteel"},{"floor":35.0,"key":"FearPotion"},{"floor":36.0,"key":"blueLaboratory:LimitlessPotion"},{"floor":41.0,"key":"BloodPotion"},{"floor":45.0,"key":"Block Potion"}],"is_trial":false,"path_per_floor":["M","M","?","?","M","R","M","E","T","M","R","M","R","E","R","B",null,"M","$","?","M","?","R","M","R","T","R","M","E","$","M","R","B",null,"M","M","$","?","M","R","E","M","T","R","M","?","M","M","R","B","B"],"character_chosen":"IRONCLAD","items_purchased":["DDmod:PokeAttack","Whirlwind","Apotheosis","Dota2Spire:DrumOfEndurance","Dota2Spire:MaskOfMadness","Metallicize"],"campfire_rested":5,"item_purchase_floors":[19,30,30,37,37,37],"current_hp_per_floor":[80,80,69,61,61,61,49,33,33,37,44,46,72,52,78,44,88,64,64,64,46,46,56,38,69,69,79,65,44,44,26,59,22,88,88,32,32,32,27,62,59,49,49,66,44,77,41,77,77,30,0,0],"gold":368,"neow_bonus":"BOSS_RELIC","is_daily":false,"chose_seed":false,"campfire_upgraded":5,"win_rate":0.0,"timestamp":1608615473,"path_taken":["M","M","?","?","?","R","M","E","T","M","R","M","R","E","R","BOSS","M","$","?","M","?","R","M","R","T","R","?","E","?","M","R","BOSS","M","M","$","?","M","R","E","M","T","R","M","?","M","M","R","BOSS","BOSS"],"items_purchased_type":["Card","Card","Card","Relic","Relic","Card"],"build_version":"2020-12-13","purchased_purges":0,"victory":false,"max_hp_per_floor":[80,80,80,80,80,80,80,80,80,80,80,80,80,80,80,88,88,88,88,88,88,88,88,88,88,88,88,88,88,88,88,88,88,88,88,88,88,88,88,88,88,88,88,88,88,77,77,77,77,77,77,77],"card_choices":[{"not_picked":["DDmod:CallousedSkill","Dropkick"],"picked":"Perfected Strike","floor":1.0},{"not_picked":["Warcry","Shockwave"],"picked":"Thunderclap","floor":2.0},{"not_picked":["Feel No Pain","DDmod:ScaleUpSkill"],"picked":"Iron Wave","floor":5.0},{"not_picked":["hubris:ReadiedAction","DDmod:PokeAttack"],"picked":"Thunderclap","floor":7.0},{"not_picked":["Headbutt","Twin Strike"],"picked":"Whirlwind","floor":8.0},{"not_picked":["True Grit","Anger"],"picked":"Entrench","floor":10.0},{"not_picked":["True Grit","Clash"],"picked":"Iron Wave","floor":12.0},{"not_picked":["DDmod:BurningFumesPowerCard","DDmod:RechargeSkill"],"picked":"Clothesline","floor":14.0},{"not_picked":["Brutality","DDmod:RechargeSkill"],"picked":"Demon Form","floor":16.0},{"not_picked":["Pommel Strike+1","Flex"],"picked":"Twin Strike+1","floor":18.0},{"not_picked":["Flex","Headbutt"],"picked":"Reaper","floor":21.0},{"not_picked":["DDmod:CallousedSkill","Twin Strike"],"picked":"Fire Breathing","floor":24.0},{"not_picked":["Flex+1","True Grit+1"],"picked":"Bloodletting","floor":28.0},{"not_picked":["Reckless Charge","DDmod:EasePowerCard"],"picked":"Rage","floor":29.0},{"not_picked":["DDmod:UnstoppableAttack","DDmod:SpikedSkill"],"picked":"Shrug It Off+1","floor":31.0},{"not_picked":["Barricade","Double Tap"],"picked":"Demon Form","floor":33.0},{"not_picked":["Heavy Blade","Carnage"],"picked":"Spot Weakness+1","floor":35.0},{"not_picked":["Armaments","Warcry+1"],"picked":"Flex","floor":36.0},{"not_picked":["Shrug It Off+1","Searing Blow"],"picked":"Clothesline+1","floor":39.0},{"not_picked":["Carnage+1","hubris:CleavingFinish"],"picked":"Clothesline+1","floor":41.0},{"not_picked":["DDmod:SpikeShotSkill","DDmod:CallousedSkill"],"picked":"hubris:ReadiedAction","floor":42.0},{"not_picked":["hubris:ReadiedAction+1","Perfected Strike"],"picked":"Cleave+1","floor":45.0},{"not_picked":["DDmod:PokeAttack","Headbutt+1"],"picked":"Clash+1","floor":47.0},{"not_picked":["Perfected Strike+1","Pummel+1"],"picked":"Flex+1","floor":48.0}],"player_experience":83043,"relics_obtained":[{"floor":1.0,"key":"Dota2Spire:MagicBottle"},{"floor":8.0,"key":"Eternal Feather"},{"floor":9.0,"key":"hubris:OldNail"},{"floor":9.0,"key":"aspiration:Lifesprig"},{"floor":14.0,"key":"aspiration:StickyExplosives_weak"},{"floor":16.0,"key":"Dota2Spire:HeartOfTarrasque"},{"floor":21.0,"key":"Charon\u0027s Ashes"},{"floor":26.0,"key":"infinitespire:WardingShard"},{"floor":26.0,"key":"hubris:DuctTape"},{"floor":29.0,"key":"Lantern"},{"floor":33.0,"key":"hubris:CuriousFeather"},{"floor":41.0,"key":"War Paint"},{"floor":43.0,"key":"Dota2Spire:ArcaneBoots"}],"event_choices":[{"damage_healed":0.0,"max_hp_gain":0.0,"max_hp_loss":0.0,"gold_gain":75.0,"event_name":"betterThird:BetterGoop","player_choice":"Gold","floor":3.0,"gold_loss":0.0,"damage_taken":11.0},{"damage_healed":0.0,"max_hp_gain":0.0,"max_hp_loss":0.0,"gold_gain":75.0,"event_name":"FaceTrader","player_choice":"Touch","floor":4.0,"gold_loss":0.0,"damage_taken":8.0},{"cards_removed":["Demon Form"],"damage_healed":0.0,"max_hp_gain":0.0,"max_hp_loss":0.0,"gold_gain":0.0,"event_name":"betterNote:BetterNote","player_choice":"Take \u0026 Give","floor":20.0,"gold_loss":0.0,"damage_taken":0.0,"cards_obtained":["Juggernaut"]},{"damage_healed":0.0,"max_hp_gain":0.0,"max_hp_loss":0.0,"gold_gain":0.0,"cards_transformed":["Entrench"],"event_name":"Transmorgrifier","player_choice":"Transformed","floor":22.0,"gold_loss":0.0,"damage_taken":0.0,"cards_obtained":["Battle Trance"]},{"damage_healed":77.0,"max_hp_gain":0.0,"max_hp_loss":11.0,"gold_gain":0.0,"event_name":"The Moai Head","player_choice":"Heal","floor":46.0,"gold_loss":0.0,"damage_taken":0.0}],"is_beta":false,"boss_relics":[{"not_picked":["Astrolabe","Runic Cube"],"picked":"energizedSpire:DecayingSkull"},{"not_picked":["Velvet Choker","energizedSpire:RedRose"],"picked":"hubris:VirtuousBlindfold"}],"items_purged_floors":[],"is_endless":false,"potions_floor_spawned":[5,7,10,14,24,28,29,31,35,36,41,45],"killed_by":"Donu and Deca","ascension_level":0}}