{"host":"7z9w9s73v2jobm2z","time":1608621846,"event":{"mods":["AchievementEnabler","BaseMod","Colored Map","Colored Powertips","Custom Start","Minty Spire (QoL Compilation)","Quick Restart","Rare Cards Sparkle","Relic Stats","StSLib"],"gold_per_floor":[119,129,129,143,143,168,168,201,201,201,212,212,232,262,262,262,262],"floor_reached":16,"playtime":536,"items_purged":[],"score":150,"play_id":"51618f5c-36bc-44f9-b8e7-a29acc467aef","local_time":"20201222022406","is_ascension_mode":true,"campfire_choices":[{"floor":7.0,"key":"REST"},{"floor":10.0,"key":"REST"},{"floor":15.0,"key":"REST"}],"circlet_count":0,"master_deck":["Strike_B","Strike_B","Strike_B","Defend_B","Defend_B","Defend_B","Defend_B","Zap","Dualcast","Ball Lightning","Ball Lightning","Zap","Core Surge","Capacitor","Electrodynamics","Self Repair","Decay","Conserve Battery"],"relics":["Cracked Core","NeowsBlessing","Smiling Mask","Prayer Wheel","Kunai","Anchor"],"acts_visited":["Exordium"],"potions_floor_usage":[],"damage_taken":[{"damage":0.0,"enemies":"2 Louse","floor":1.0,"turns":1.0},{"damage":0.0,"enemies":"Cultist","floor":2.0,"turns":1.0},{"damage":0.0,"enemies":"Jaw Worm","floor":4.0,"turns":1.0},{"damage":30.0,"enemies":"3 Sentries","floor":6.0,"turns":5.0},{"damage":13.0,"enemies":"Gremlin Nob","floor":8.0,"turns":3.0},{"damage":20.0,"enemies":"Large Slime","floor":11.0,"turns":4.0},{"damage":13.0,"enemies":"Red Slaver","floor":13.0,"turns":3.0},{"damage":52.0,"enemies":"Lagavulin","floor":14.0,"turns":7.0},{"damage":0,"enemies":"The Guardian","floor":16,"turns":1}],"seed_played":"-7369096957363937112","potions_obtained":[{"floor":1.0,"key":"FairyPotion"},{"floor":2.0,"key":"LiquidBronze"},{"floor":11.0,"key":"LiquidBronze"}],"is_trial":false,"path_per_floor":["M","M","?","M","?","E","R","E","T","R","M","?","M","E","R","B"],"character_chosen":"DEFECT","items_purchased":[],"campfire_rested":3,"item_purchase_floors":[],"current_hp_per_floor":[75,75,75,75,68,38,60,47,47,69,49,49,43,29,51,51,51],"gold":262,"neow_bonus":"THREE_ENEMY_KILL","is_daily":false,"chose_seed":false,"campfire_upgraded":0,"win_rate":0.0,"timestamp":1608621846,"path_taken":["M","M","?","?","?","E","R","E","T","R","M","?","M","E","R","BOSS"],"items_purchased_type":[],"build_version":"2020-12-13","purchased_purges":0,"victory":false,"max_hp_per_floor":[75,75,75,75,75,75,75,75,75,75,75,75,75,75,75,75,75],"relic_stats":{"counters":[9,26],"Prayer Wheel":2,"Kunai":[0],"Smiling Mask":0,"obtain_stats":[{"Anchor":14,"NeowsBlessing":0,"Prayer Wheel":8,"Kunai":9,"Cracked Core":0,"Smiling Mask":6},{"Anchor":8,"NeowsBlessing":0,"Prayer Wheel":5,"Kunai":5,"Cracked Core":0,"Smiling Mask":4},{"Anchor":25,"NeowsBlessing":0,"Prayer Wheel":11,"Kunai":11,"Cracked Core":0,"Smiling Mask":8}]},"card_choices":[{"not_picked":["Tempest","Turbo"],"picked":"Ball Lightning","floor":1.0},{"not_picked":["Stack","Sweeping Beam"],"picked":"Ball Lightning","floor":2.0},{"not_picked":["Streamline","Cold Snap"],"picked":"Capacitor","floor":4.0},{"not_picked":["White Noise","Go for the Eyes"],"picked":"Electrodynamics","floor":6.0},{"not_picked":["Reinforced Body","Darkness","Chaos"],"picked":"SKIP","floor":8.0},{"not_picked":["Chaos","Reinforced Body"],"picked":"Self Repair","floor":11.0},{"not_picked":["Redo","Double Energy","Sweeping Beam"],"picked":"SKIP","floor":11.0},{"not_picked":["Reinforced Body","Compile Driver"],"picked":"Conserve Battery","floor":13.0},{"not_picked":["Force Field","Coolheaded","Gash"],"picked":"SKIP","floor":13.0},{"not_picked":["Beam Cell","Melter","Force Field"],"picked":"SKIP","floor":14.0}],"player_experience":437066,"relics_obtained":[{"floor":6.0,"key":"Smiling Mask"},{"floor":8.0,"key":"Prayer Wheel"},{"floor":9.0,"key":"Kunai"},{"floor":14.0,"key":"Anchor"}],"event_choices":[{"damage_healed":0.0,"max_hp_gain":0.0,"max_hp_loss":0.0,"gold_gain":0.0,"event_name":"Match and Keep!","player_choice":"2 cards matched","floor":3.0,"gold_loss":0.0,"damage_taken":0.0,"cards_obtained":["Zap","Core Surge"]},{"cards_removed":["Strike_B"],"damage_healed":0.0,"max_hp_gain":0.0,"max_hp_loss":0.0,"gold_gain":0.0,"event_name":"Golden Wing","player_choice":"Card Removal","floor":5.0,"gold_loss":0.0,"damage_taken":7.0},{"damage_healed":0.0,"max_hp_gain":0.0,"max_hp_loss":0.0,"gold_gain":0.0,"event_name":"Wheel of Change","player_choice":"Cursed","floor":12.0,"gold_loss":0.0,"damage_taken":0.0,"cards_obtained":["Decay"]}],"is_beta":false,"boss_relics":[],"items_purged_floors":[],"is_endless":false,"potions_floor_spawned":[1,2,11],"killed_by":"The Guardian","ascension_level":5}}