{"host":"2e3z4r48quhw80cc","time":1608652273,"event":{"mods":["BaseMod","Minty Spire (QoL Compilation)","Quick Restart","StSLib","SuperFastMode"],"gold_per_floor":[118,78,90,103,103,103,136,136,190,190,224,240,190,223,223,328,328,348,360,360,360,35,35,66,66,66],"floor_reached":25,"playtime":762,"items_purged":[],"score":356,"play_id":"e01d418b-0f2a-45ac-ad32-bcd6a0fc762d","local_time":"20201223005113","is_ascension_mode":true,"campfire_choices":[{"data":"Zap","floor":6,"key":"SMITH"},{"data":"White Noise","floor":8,"key":"SMITH"},{"data":"Dualcast","floor":10,"key":"SMITH"},{"data":"Machine Learning","floor":15,"key":"SMITH"},{"floor":23,"key":"REST"}],"circlet_count":0,"master_deck":["AscendersBane","Strike_B","Strike_B","Defend_B","Defend_B","Defend_B","Defend_B","Zap+1","Dualcast+1","Ball Lightning","Defragment+1","White Noise+1","Leap","Machine Learning+1","Creative AI+1","Conserve Battery","Chrysalis","Loop"],"relics":["Cracked Core","NeowsBlessing","Blood Vial","MealTicket","Happy Flower","Eternal Feather","Busted Crown","Du-Vu Doll"],"acts_visited":["Exordium","TheCity"],"potions_floor_usage":[7,14,24],"damage_taken":[{"damage":0,"enemies":"2 Louse","floor":1,"turns":1},{"damage":0,"enemies":"Cultist","floor":3,"turns":1},{"damage":0,"enemies":"Small Slimes","floor":4,"turns":1},{"damage":25,"enemies":"3 Sentries","floor":7,"turns":5},{"damage":25,"enemies":"Lagavulin","floor":11,"turns":5},{"damage":5,"enemies":"Red Slaver","floor":12,"turns":2},{"damage":15,"enemies":"3 Sentries","floor":14,"turns":6},{"damage":10,"enemies":"Hexaghost","floor":16,"turns":9},{"damage":23,"enemies":"Chosen","floor":18,"turns":5},{"damage":33,"enemies":"3 Byrds","floor":19,"turns":4},{"damage":39,"enemies":"Book of Stabbing","floor":24,"turns":5},{"damage":17,"enemies":"Shelled Parasite and Fungi","floor":25,"turns":2}],"seed_played":"-6822541787798615403","potions_obtained":[{"floor":2,"key":"SkillPotion"},{"floor":2,"key":"PowerPotion"},{"floor":2,"key":"Strength Potion"},{"floor":7,"key":"SpeedPotion"},{"floor":11,"key":"Block Potion"},{"floor":19,"key":"Swift Potion"},{"floor":24,"key":"PowerPotion"}],"is_trial":false,"path_per_floor":["M","?","M","M","?","R","E","R","T","R","E","M","?","E","R","B",null,"M","M","?","?","$","R","E","M"],"character_chosen":"DEFECT","items_purchased":["Conserve Battery","Chrysalis","Loop"],"campfire_rested":1,"item_purchase_floors":[22,22,22],"current_hp_per_floor":[68,68,68,68,68,68,43,43,43,43,20,17,17,4,13,5,58,37,6,6,6,21,52,15,0,0],"gold":66,"neow_bonus":"THREE_ENEMY_KILL","is_daily":false,"chose_seed":false,"campfire_upgraded":4,"win_rate":0.0,"timestamp":1608652273,"path_taken":["M","?","?","M","?","R","E","R","T","R","E","?","?","E","R","BOSS","M","M","?","?","$","R","E","M"],"items_purchased_type":["Card","Card","Card"],"build_version":"2020-12-13","purchased_purges":0,"victory":false,"max_hp_per_floor":[75,75,75,75,75,75,75,75,75,75,75,75,75,75,75,75,75,75,75,75,75,75,75,75,75,75],"card_choices":[{"not_picked":["Turbo","Barrage"],"picked":"Ball Lightning","floor":1},{"not_picked":["Skim","Barrage"],"picked":"Defragment","floor":3},{"not_picked":["Steam","Sweeping Beam","Hello World"],"picked":"SKIP","floor":4},{"not_picked":["Stack","Cold Snap"],"picked":"White Noise","floor":7},{"not_picked":["Turbo","Compile Driver"],"picked":"Leap","floor":11},{"not_picked":["Turbo","Compile Driver","Redo"],"picked":"SKIP","floor":12},{"not_picked":["BootSequence","Leap"],"picked":"Machine Learning","floor":14},{"not_picked":["Electrodynamics","Machine Learning"],"picked":"Creative AI","floor":16},{"not_picked":["Compile Driver"],"picked":"SKIP","floor":18},{"not_picked":["Hologram"],"picked":"SKIP","floor":19},{"not_picked":["Rip and Tear"],"picked":"SKIP","floor":24}],"player_experience":71008,"relics_obtained":[{"floor":7,"key":"Blood Vial"},{"floor":9,"key":"MealTicket"},{"floor":11,"key":"Happy Flower"},{"floor":14,"key":"Eternal Feather"},{"floor":24,"key":"Du-Vu Doll"}],"event_choices":[{"damage_healed":0,"gold_gain":0,"player_choice":"Bought 3 Potions","damage_taken":0,"max_hp_gain":0,"max_hp_loss":0,"event_name":"The Woman in Blue","floor":2,"gold_loss":0},{"damage_healed":0,"gold_gain":0,"player_choice":"Upgraded","damage_taken":0,"max_hp_gain":0,"max_hp_loss":0,"event_name":"Upgrade Shrine","floor":5,"gold_loss":0,"cards_upgraded":["Defragment"]},{"cards_removed":["Strike_B"],"damage_healed":0,"gold_gain":0,"player_choice":"Card Removal","damage_taken":0,"max_hp_gain":0,"max_hp_loss":0,"event_name":"The Cleric","floor":13,"gold_loss":50},{"cards_removed":["Strike_B"],"damage_healed":0,"gold_gain":0,"player_choice":"Elegance","damage_taken":0,"max_hp_gain":0,"max_hp_loss":0,"event_name":"Back to Basics","floor":20,"gold_loss":0},{"damage_healed":0,"gold_gain":0,"player_choice":"Upgraded","damage_taken":0,"max_hp_gain":0,"max_hp_loss":0,"event_name":"Upgrade Shrine","floor":21,"gold_loss":0,"cards_upgraded":["Creative AI"]}],"is_beta":false,"boss_relics":[{"not_picked":["Runic Pyramid","SlaversCollar"],"picked":"Busted Crown"}],"items_purged_floors":[],"is_endless":false,"potions_floor_spawned":[4,7,11,19,24],"killed_by":"Shelled Parasite and Fungi","ascension_level":10}}