{"host":"t0zrw5dahhy31ra8","time":1608600077,"event":{"mods":["BaseMod","Downfall","Minty Spire (QoL Compilation)","StSLib"],"gold_per_floor":[99,114,114,129,114,142,165,180,190,30,30,130,55,40,57,57,57],"floor_reached":16,"playtime":2125,"items_purged":[],"score":125,"play_id":"8a1a8f74-1df3-4492-b991-38882fe0cfbd","local_time":"20201221182117","is_ascension_mode":false,"campfire_choices":[{"data":"sneckomod:Unknown","floor":1.0,"key":"SMITH"},{"data":"sneckomod:UnknownBlock","floor":3.0,"key":"SMITH"},{"floor":11,"key":"RECALL"},{"floor":13,"key":"REST"}],"circlet_count":0,"master_deck":["sneckomod:Strike","sneckomod:Strike","sneckomod:Strike","sneckomod:Defend","sneckomod:Defend","sneckomod:Defend","sneckomod:TailWhip","sneckomod:SnekBite","sneckomod:Unknown+1","sneckomod:Unknown","sneckomod:UnknownBlock+1","sneckomod:QuickMove","sneckomod:SoulRoll","sneckomod:Mudshield","sneckomod:Unknown1Cost","sneckomod:UnknownCommonSkill","sneckomod:UnknownClassBLUE","sneckomod:QuickBite","sneckomod:UnknownClassRED"],"relics":["sneckomod:SneckoSoul","Letter Opener","Bag of Preparation","downfall:HeartBlessingRed"],"acts_visited":["Exordium"],"potions_floor_usage":[16,16,16],"damage_taken":[{"damage":3.0,"enemies":"2 Louse","floor":2.0,"turns":3.0},{"damage":0.0,"enemies":"Jaw Worm","floor":4.0,"turns":3.0},{"damage":0.0,"enemies":"downfall:FleeingMerchant","floor":5.0,"turns":4.0},{"damage":21,"enemies":"Lagavulin","floor":6,"turns":8},{"damage":8,"enemies":"Small Slimes","floor":8,"turns":5},{"damage":12,"enemies":"Blue Slaver","floor":9,"turns":3},{"damage":0,"enemies":"downfall:FleeingMerchant","floor":10,"turns":4},{"damage":13,"enemies":"downfall:FleeingMerchant","floor":14,"turns":4},{"damage":10,"enemies":"Exordium Thugs","floor":15,"turns":6},{"damage":97,"enemies":"downfall:Defect","floor":16,"turns":8}],"seed_played":"1082527513262665323","potions_obtained":[{"floor":6,"key":"Energy Potion"},{"floor":8,"key":"Weak Potion"},{"floor":15,"key":"Regen Potion"}],"is_trial":false,"path_per_floor":["R","M","R","M","$","E","T","M","M","$","R","?","R","$","M","B"],"character_chosen":"THE_SNECKO","items_purchased":["Bag of Preparation"],"campfire_rested":1,"item_purchase_floors":[10],"current_hp_per_floor":[99,97,97,100,100,79,79,72,61,62,62,62,93,88,79,0,0],"gold":57,"neow_bonus":"TEN_PERCENT_HP_BONUS","is_daily":false,"chose_seed":false,"campfire_upgraded":2,"win_rate":0.0,"timestamp":1608600077,"path_taken":["R","M","R","M","$","E","T","M","M","$","R","?","R","$","M","BOSS"],"items_purchased_type":["Relic"],"build_version":"2020-12-13","purchased_purges":0,"victory":false,"max_hp_per_floor":[99,100,100,103,103,103,103,104,105,106,106,106,106,106,107,107,107],"card_choices":[{"not_picked":["sneckomod:CheapStock","sneckomod:WideSting"],"picked":"sneckomod:UnknownBlock","floor":2.0},{"not_picked":["sneckomod:QuickBite","sneckomod:UnknownBlock"],"picked":"sneckomod:QuickMove","floor":4.0},{"not_picked":["sneckomod:DiceBlock","sneckomod:UnknownClassSLIMEBOUND"],"picked":"sneckomod:SoulRoll","floor":5.0},{"not_picked":["sneckomod:QuickBite","sneckomod:UnknownBlock"],"picked":"sneckomod:Mudshield","floor":6},{"not_picked":["sneckomod:DiceBlock","sneckomod:UnknownClassHEXA_GHOST_PURPLE"],"picked":"sneckomod:Unknown1Cost","floor":8},{"not_picked":["sneckomod:Unknown2Cost","sneckomod:SoulDraw"],"picked":"sneckomod:UnknownCommonSkill","floor":9},{"not_picked":["sneckomod:WideSting","sneckomod:UnknownX"],"picked":"sneckomod:UnknownClassBLUE","floor":10},{"not_picked":["sneckomod:SnekBeam","sneckomod:DiceBlock"],"picked":"sneckomod:QuickBite","floor":14},{"not_picked":["sneckomod:IronFang","sneckomod:DangerNoodle"],"picked":"sneckomod:UnknownClassRED","floor":15}],"player_experience":196012,"relics_obtained":[{"floor":6,"key":"Letter Opener"}],"event_choices":[],"is_beta":false,"boss_relics":[],"items_purged_floors":[],"is_endless":false,"potions_floor_spawned":[6,8,15],"killed_by":"downfall:Defect","ascension_level":0}}