{"host":"ec2wu4mdnvke243f","time":1608630018,"event":{"mods":["2.2 Compatiblity","AchievementEnabler","BaseMod","Defuse TimeMaze Blight","Downfall","Hermit","Infinite Spire","Minty Spire (QoL Compilation)","StSLib","The Cursed","The Disciple","The Jungle","The Servant 0.9.4"],"gold_per_floor":[99,99,99,99,111,111,111,111,137,167,184,79,79,179,199,199,199],"floor_reached":16,"playtime":843,"items_purged":[],"score":101,"play_id":"e650ed31-11c4-42e6-a090-ae2dd3d81409","local_time":"20201222104018","is_ascension_mode":true,"campfire_choices":[{"floor":1,"key":"RECALL"},{"data":"hermit:CursedWeapon","floor":8,"key":"SMITH"},{"floor":13,"key":"REST"}],"circlet_count":0,"master_deck":["hermit:Strike_Hermit","hermit:Strike_Hermit","hermit:Strike_Hermit","hermit:Strike_Hermit","hermit:Defend_Hermit","hermit:Defend_Hermit","hermit:Defend_Hermit","hermit:Defend_Hermit","hermit:Snapshot","hermit:Covet","hermit:Headshot","hermit:CursedWeapon+1","hermit:Grudge","hermit:Maintenance","hermit:Malice","hermit:BodyArmor","hermit:Misfire","hermit:GhostlyPresence","Bandage Up","hermit:ShadowCloak"],"relics":["hermit:Momento","downfall:HeartsMalice","downfall:BrokenWingStatue","White Beast Statue","Odd Mushroom","Ginger"],"acts_visited":["Exordium"],"potions_floor_usage":[9,12,12,16,16,16],"damage_taken":[{"damage":0,"enemies":"2 Louse","floor":2,"turns":1},{"damage":0,"enemies":"Small Slimes","floor":3,"turns":1},{"damage":0,"enemies":"Jaw Worm","floor":4,"turns":1},{"damage":12,"enemies":"Gremlin Gang","floor":5,"turns":4},{"damage":31,"enemies":"The Mushroom Lair","floor":9,"turns":4},{"damage":30,"enemies":"Lagavulin","floor":10,"turns":5},{"damage":6,"enemies":"Exordium Wildlife","floor":11,"turns":3},{"damage":0,"enemies":"downfall:FleeingMerchant","floor":12,"turns":4},{"damage":9,"enemies":"Exordium Thugs","floor":15,"turns":3},{"damage":37,"enemies":"downfall:Ironclad","floor":16,"turns":9}],"seed_played":"-5775904370353034586","potions_obtained":[{"floor":5,"key":"Weak Potion"},{"floor":9,"key":"Fruit Juice"},{"floor":10,"key":"DistilledChaos"},{"floor":11,"key":"hexamod:EctoCoolerPotion"},{"floor":12,"key":"hexamod:EctoCoolerPotion"},{"floor":15,"key":"ColorlessPotion"}],"is_trial":false,"path_per_floor":["R","M","M","M","M","?","T","R","?","E","M","$","R","?","M","B"],"character_chosen":"HERMIT","items_purchased":["Bandage Up"],"campfire_rested":1,"item_purchase_floors":[12],"current_hp_per_floor":[75,75,75,75,63,63,63,63,37,7,1,1,25,25,20,0,0],"gold":199,"neow_bonus":"THREE_ENEMY_KILL","is_daily":false,"chose_seed":false,"campfire_upgraded":1,"win_rate":0.0,"timestamp":1608630018,"path_taken":["R","M","M","M","M","?","T","R","?","E","M","$","R","?","M","BOSS"],"items_purchased_type":["Card"],"build_version":"2020-12-13","purchased_purges":0,"victory":false,"max_hp_per_floor":[75,75,75,75,75,75,75,75,80,80,80,80,80,80,80,80,80],"card_choices":[{"not_picked":["hermit:Combo","hermit:Horror"],"picked":"hermit:Headshot","floor":2},{"not_picked":["hermit:TrackingShot","hermit:Determination"],"picked":"hermit:CursedWeapon","floor":3},{"not_picked":["hermit:HoleUp","hermit:NoHoldsBarred"],"picked":"hermit:Grudge","floor":4},{"not_picked":["hermit:LowProfile","hermit:CalledShot"],"picked":"hermit:Maintenance","floor":5},{"not_picked":["hermit:BigShot","hermit:Desperado"],"picked":"hermit:Malice","floor":9},{"not_picked":["hermit:Headshot","hermit:CalledShot"],"picked":"hermit:BodyArmor","floor":10},{"not_picked":["hermit:GhostlyPresence","hermit:Malice"],"picked":"hermit:Misfire","floor":11},{"not_picked":["hermit:Roulette","hermit:NoHoldsBarred"],"picked":"hermit:GhostlyPresence","floor":12},{"not_picked":["hermit:NoHoldsBarred","hermit:Ricochet"],"picked":"hermit:ShadowCloak","floor":15}],"player_experience":519876,"relics_obtained":[{"floor":7,"key":"White Beast Statue"},{"floor":9,"key":"Odd Mushroom"},{"floor":10,"key":"Ginger"}],"event_choices":[{"damage_healed":0,"gold_gain":0,"player_choice":"Fought Mushrooms","damage_taken":0,"max_hp_gain":0,"max_hp_loss":0,"event_name":"Mushrooms","floor":9,"gold_loss":0}],"is_beta":false,"boss_relics":[],"items_purged_floors":[],"is_endless":false,"potions_floor_spawned":[5,9,10,11,12,15],"killed_by":"downfall:Ironclad","ascension_level":1}}