{"host":"hjw1ay65n7jm40lc","time":1608642406,"event":{"mods":["AchievementEnabler","BaseMod","Block Reminder","Colored Map","Colored Powertips","Downfall","Googly Eyes","Highlight Path","Minty Spire (QoL Compilation)","Quick Restart","Relic Stats","StSLib"],"gold_per_floor":[99,129,145,159,193,193,193,220,241,166,184,199,199,199,214,310,310,310,310,310,310,338,358,358,358,371,371,213,226,240,257,271,367,367,292,322,322,335,369,387,387,169,198,198,198,208,242,258,272,272],"floor_reached":51,"playtime":9851,"items_purged":[],"score":882,"play_id":"f2cb7e37-1ffc-41bd-9fd8-ce9ce3ec4038","local_time":"20201222080646","is_ascension_mode":false,"campfire_choices":[{"data":"champ:DefensiveStyle","floor":1.0,"key":"SMITH"},{"data":"champ:HoldFirm","floor":6.0,"key":"SMITH"},{"data":"champ:Lariat","floor":10.0,"key":"SMITH"},{"data":"1","floor":18.0,"key":"LIFT"},{"data":"2","floor":21.0,"key":"LIFT"},{"data":"3","floor":25.0,"key":"LIFT"},{"floor":27.0,"key":"RECALL"},{"floor":35.0,"key":"REST"},{"floor":37.0,"key":"REST"},{"floor":44.0,"key":"REST"}],"circlet_count":0,"master_deck":["champ:Execute","champ:FocusedDefense","champ:PerfectForm","champ:HoldFirm+1","champ:HeartStrike","champ:DefensiveStyle+1","champ:Duel","champ:TornadoPunch","champ:FlashCut","champ:Lariat+1","champ:FocusedBerserking","champ:StrikeOfGenius","champ:RecklessLeap","champ:SwordThrow","champ:ArenaPreparation","champ:SteelEdge","champ:PerfectForm","champ:CheapShot","champ:RisingSlash","champ:PerfectForm","champ:TornadoPunch+1","champ:EnGarde+1","champ:GutPunch+1","champ:CrownThrow","champ:Backstep","champ:Circumvent","champ:SteelEdge","champ:ViciousMockery+1"],"relics":["Pandora\u0027s Box","TungstenRod","Potion Belt","Girya","Unceasing Top","Odd Mushroom","downfall:HeartBlessingGreen","Fusion Hammer","Pear","White Beast Statue","DollysMirror","Astrolabe","downfall:HeartBlessingRed","Mango","Ancient Tea Set","Frozen Egg 2","Happy Flower","Sundial","Nunchaku","Toxic Egg 2"],"acts_visited":["Exordium","TheCity","TheBeyond"],"potions_floor_usage":[47,47,48,50,50,50],"damage_taken":[{"damage":42.0,"enemies":"3 Sentries","floor":2.0,"turns":13.0},{"damage":5.0,"enemies":"2 Louse","floor":3.0,"turns":3.0},{"damage":0.0,"enemies":"Jaw Worm","floor":4.0,"turns":3.0},{"damage":8.0,"enemies":"Lagavulin","floor":5.0,"turns":7.0},{"damage":7.0,"enemies":"Gremlin Nob","floor":8.0,"turns":5.0},{"damage":0.0,"enemies":"The Mushroom Lair","floor":9.0,"turns":5.0},{"damage":2.0,"enemies":"Small Slimes","floor":11.0,"turns":4.0},{"damage":50.0,"enemies":"Gremlin Gang","floor":12.0,"turns":7.0},{"damage":0.0,"enemies":"Lots of Slimes","floor":15.0,"turns":3.0},{"damage":52.0,"enemies":"downfall:Ironclad","floor":16.0,"turns":10.0},{"damage":0.0,"enemies":"Chosen","floor":20.0,"turns":1.0},{"damage":56.0,"enemies":"Gremlin Leader","floor":22.0,"turns":4.0},{"damage":18.0,"enemies":"Shell Parasite","floor":23.0,"turns":3.0},{"damage":28.0,"enemies":"Cultist and Chosen","floor":26.0,"turns":4.0},{"damage":38.0,"enemies":"downfall:FleeingMerchant","floor":28.0,"turns":4.0},{"damage":28.0,"enemies":"Chosen and Byrds","floor":29.0,"turns":4.0},{"damage":24.0,"enemies":"Snake Plant","floor":30.0,"turns":3.0},{"damage":23.0,"enemies":"Shelled Parasite and Fungi","floor":31.0,"turns":4.0},{"damage":50.0,"enemies":"Centurion and Healer","floor":32.0,"turns":5.0},{"damage":50.0,"enemies":"downfall:Silent","floor":33.0,"turns":2.0},{"damage":82.0,"enemies":"Giant Head","floor":36.0,"turns":6.0},{"damage":66.0,"enemies":"3 Darklings","floor":38.0,"turns":4.0},{"damage":33.0,"enemies":"Nemesis","floor":39.0,"turns":5.0},{"damage":2.0,"enemies":"Orb Walker","floor":40.0,"turns":3.0},{"damage":31.0,"enemies":"downfall:FleeingMerchant","floor":42.0,"turns":3.0},{"damage":42.0,"enemies":"Giant Head","floor":43.0,"turns":6.0},{"damage":31,"enemies":"4 Shapes","floor":46,"turns":4},{"damage":69,"enemies":"Reptomancer","floor":47,"turns":6},{"damage":51,"enemies":"Jaw Worm Horde","floor":48,"turns":3},{"damage":37,"enemies":"Writhing Mass","floor":49,"turns":4},{"damage":60,"enemies":"downfall:Defect","floor":50,"turns":5}],"seed_played":"4005849340172887842","potions_obtained":[{"floor":11.0,"key":"DuplicationPotion"},{"floor":12.0,"key":"DistilledChaos"},{"floor":15.0,"key":"SteroidPotion"},{"floor":16.0,"key":"Block Potion"},{"floor":23.0,"key":"EssenceOfSteel"},{"floor":26.0,"key":"DistilledChaos"},{"floor":28.0,"key":"hexamod:EctoCoolerPotion"},{"floor":29.0,"key":"LiquidBronze"},{"floor":30.0,"key":"Dexterity Potion"},{"floor":31.0,"key":"hexamod:EctoCoolerPotion"},{"floor":32.0,"key":"BlessingOfTheForge"},{"floor":33.0,"key":"Block Potion"},{"floor":36.0,"key":"ColorlessPotion"},{"floor":39.0,"key":"SteroidPotion"},{"floor":40.0,"key":"Explosive Potion"},{"floor":42.0,"key":"Weak Potion"},{"floor":43.0,"key":"FearPotion"},{"floor":47,"key":"sneckomod:MuddlingPotion"},{"floor":48,"key":"Regen Potion"},{"floor":49,"key":"Strength Potion"}],"is_trial":false,"path_per_floor":["R","E","M","M","E","R","T","E","?","R","M","M","?","?","M","B",null,"R","?","M","R","E","M","T","R","M","R","$","M","M","M","M","B",null,"R","E","R","M","E","M","T","$","E","R","?","M","E","M","M","B",null],"character_chosen":"THE_CHAMP","items_purchased":["DollysMirror","champ:Circumvent","Happy Flower","Sundial","champ:UltimateStancePotion"],"campfire_rested":3,"item_purchase_floors":[28,42,42,42,42],"current_hp_per_floor":[90,63,63,63,61,61,61,54,54,54,52,27,37,37,37,20,100,100,100,100,100,104,109,109,109,110,110,110,110,106,110,108,102,115,115,104,129,119,116,117,117,122,129,129,129,129,106,120,121,129],"gold":272,"neow_bonus":"BOSS_RELIC","is_daily":false,"chose_seed":false,"campfire_upgraded":3,"win_rate":0.0,"timestamp":1608642406,"path_taken":["R","E","M","M","E","R","T","E","?","R","M","M","?","?","M","BOSS","R","?","?","R","E","M","T","R","M","R","$","M","?","M","M","BOSS","R","E","R","M","E","M","T","$","E","R","?","?","E","M","M","BOSS"],"items_purchased_type":["Relic","Card","Relic","Relic","Potion"],"build_version":"2020-12-13","purchased_purges":0,"victory":true,"max_hp_per_floor":[90,90,90,90,90,90,90,90,90,90,90,90,100,100,100,100,100,100,100,100,100,110,110,110,110,110,110,110,110,110,110,115,115,115,115,129,129,129,129,129,129,129,129,129,129,129,129,129,129,129],"relic_stats":{"Nunchaku":[4],"Happy Flower":[9],"counters":[31,143],"Sundial":[4],"Astrolabe":["champ:TornadoPunch","champ:EnGarde","champ:GutPunch"],"Pandora\u0027s Box":["champ:FocusedGladiator","champ:FocusedDefense","champ:PerfectForm","champ:HoldFirm","champ:HeartStrike","champ:DefensiveStyle","champ:FightOn","champ:Duel"],"obtain_stats":[{"Potion Belt":5,"Girya":7,"Pear":22,"downfall:HeartBlessingRed":35,"Happy Flower":42,"Astrolabe":34,"champ:ChampionCrown":0,"downfall:HeartBlessingGreen":10,"Mango":36,"Odd Mushroom":9,"Frozen Egg 2":41,"Ancient Tea Set":39,"White Beast Statue":24,"Nunchaku":43,"downfall:BrokenWingStatue":14,"DollysMirror":28,"Sundial":42,"Pandora\u0027s Box":0,"Fusion Hammer":17,"Toxic Egg 2":47,"TungstenRod":2,"Unceasing Top":8},{"Potion Belt":4,"Girya":4,"Pear":12,"downfall:HeartBlessingRed":20,"Happy Flower":25,"Astrolabe":20,"champ:ChampionCrown":0,"downfall:HeartBlessingGreen":6,"Mango":21,"Odd Mushroom":6,"Frozen Egg 2":24,"Ancient Tea Set":23,"White Beast Statue":13,"Nunchaku":26,"downfall:BrokenWingStatue":8,"DollysMirror":15,"Sundial":25,"Pandora\u0027s Box":0,"Fusion Hammer":10,"Toxic Egg 2":28,"TungstenRod":1,"Unceasing Top":5},{"Potion Belt":26,"Girya":26,"Pear":65,"downfall:HeartBlessingRed":94,"Happy Flower":115,"Astrolabe":94,"champ:ChampionCrown":0,"downfall:HeartBlessingGreen":36,"Mango":100,"Odd Mushroom":36,"Frozen Egg 2":112,"Ancient Tea Set":109,"White Beast Statue":68,"Nunchaku":121,"downfall:BrokenWingStatue":47,"DollysMirror":76,"Sundial":115,"Pandora\u0027s Box":0,"Fusion Hammer":60,"Toxic Egg 2":131,"TungstenRod":13,"Unceasing Top":31}],"TungstenRod":216,"Unceasing Top":[1]},"card_choices":[{"not_picked":["champ:CrookedStrike","champ:Haymaker"],"picked":"champ:TornadoPunch","floor":2.0},{"not_picked":["champ:PerfectedStrike","champ:Encircle"],"picked":"champ:FlashCut","floor":3.0},{"not_picked":["champ:PerfectedStrike","champ:EndlessRage"],"picked":"champ:Lariat","floor":4.0},{"not_picked":["champ:PerfectedStrike","champ:HeavySlash","champ:CrookedStrike"],"picked":"SKIP","floor":5.0},{"not_picked":["champ:FanOfKnives","champ:StanceDance"],"picked":"champ:GladiatorStyle","floor":8.0},{"not_picked":["champ:BladeFlurry","champ:Backstep"],"picked":"champ:FocusedBerserking","floor":11.0},{"not_picked":["champ:IronFortress","champ:StanceDance"],"picked":"champ:StrikeOfGenius","floor":12.0},{"not_picked":["champ:Haymaker","champ:Lariat"],"picked":"champ:RecklessLeap","floor":15.0},{"not_picked":["champ:CheapShot","champ:HoldFirm"],"picked":"champ:SwordThrow","floor":16.0},{"not_picked":["champ:Circumvent","champ:Riposte"],"picked":"champ:ArenaPreparation","floor":20.0},{"not_picked":["champ:FaceSlap","champ:GladiatorsShout","champ:GladiatorStyle+1"],"picked":"SKIP","floor":22.0},{"not_picked":["champ:FanOfKnives+1","champ:Haymaker"],"picked":"champ:SteelEdge","floor":23.0},{"not_picked":["champ:DefensiveShout","champ:AdrenalArmor","champ:Riposte"],"picked":"SKIP","floor":26.0},{"not_picked":["champ:Encircle","champ:BerserkersShout","champ:FalseCounter"],"picked":"SKIP","floor":28.0},{"not_picked":["champ:FightOn","champ:Duel"],"picked":"champ:CheapShot","floor":29.0},{"not_picked":["champ:PerfectedStrike","champ:EnragedBash"],"picked":"champ:RisingSlash","floor":30.0},{"not_picked":["champ:RapidStrikes","champ:Backstep","champ:FlashCut"],"picked":"SKIP","floor":31.0},{"not_picked":["champ:AdrenalArmor","champ:FocusedBerserking","champ:FanOfKnives+1"],"picked":"SKIP","floor":32.0},{"not_picked":["champ:DancingMaster","champ:HeavySlash"],"picked":"champ:PerfectForm","floor":33.0},{"not_picked":["champ:DeathBlow+1","champ:FanOfKnives","champ:PreciseThrust"],"picked":"SKIP","floor":36.0},{"not_picked":["champ:EnragedBash+1","champ:FocusedBerserking+1","champ:GladiatorStyle"],"picked":"SKIP","floor":38.0},{"not_picked":["champ:AdrenalArmor","champ:FaceSlap+1"],"picked":"champ:CrownThrow","floor":39.0},{"not_picked":["champ:RecklessLeap+1","champ:AdrenalArmor+1"],"picked":"champ:Backstep","floor":40.0},{"not_picked":["champ:BringItOn","champ:TornadoPunch","champ:DeathBlow+1"],"picked":"SKIP","floor":42.0},{"not_picked":["champ:RisingSlash+1","champ:CrownThrow"],"picked":"champ:SteelEdge","floor":43.0},{"not_picked":["champ:StanceDance","champ:Haymaker","champ:TornadoPunch+1"],"picked":"SKIP","floor":46},{"not_picked":["champ:PerfectedStrike","champ:TornadoPunch","champ:BerserkersShout+1"],"picked":"SKIP","floor":47},{"not_picked":["champ:PerfectedStrike","champ:TornadoPunch","champ:BerserkersShout+1"],"picked":"SKIP","floor":47},{"not_picked":["champ:AdrenalArmor+1","champ:FlashCut","champ:SkillfulDodge+1"],"picked":"SKIP","floor":48},{"not_picked":["champ:Encircle+1","champ:Haymaker"],"picked":"champ:ViciousMockery+1","floor":49}],"player_experience":477011,"relics_obtained":[{"floor":2.0,"key":"TungstenRod"},{"floor":5.0,"key":"Potion Belt"},{"floor":7.0,"key":"Girya"},{"floor":8.0,"key":"Unceasing Top"},{"floor":9.0,"key":"Odd Mushroom"},{"floor":22.0,"key":"Pear"},{"floor":24.0,"key":"White Beast Statue"},{"floor":36.0,"key":"Mango"},{"floor":39.0,"key":"Ancient Tea Set"},{"floor":41.0,"key":"Frozen Egg 2"},{"floor":43.0,"key":"Nunchaku"},{"floor":47,"key":"Toxic Egg 2"}],"event_choices":[{"damage_healed":0.0,"max_hp_gain":0.0,"max_hp_loss":0.0,"gold_gain":0.0,"event_name":"Mushrooms","player_choice":"Fought Mushrooms","floor":9.0,"gold_loss":0.0,"damage_taken":0.0},{"cards_removed":["champ:FocusedGladiator"],"damage_healed":0.0,"max_hp_gain":0.0,"max_hp_loss":0.0,"gold_gain":0.0,"event_name":"NoteForYourself","player_choice":"Took Card","floor":19.0,"gold_loss":0.0,"damage_taken":0.0,"cards_obtained":["Iron Wave"]}],"is_beta":false,"boss_relics":[{"not_picked":["Cursed Key","Tiny House"],"picked":"Fusion Hammer"},{"not_picked":["Sozu","Runic Dome"],"picked":"Astrolabe"}],"items_purged_floors":[],"is_endless":false,"potions_floor_spawned":[11,12,15,16,23,26,28,29,30,31,32,33,36,38,39,40,42,43,46,47,48,49],"ascension_level":0}}