{"host":"sa7ebub27cgn5wai","time":1608635305,"event":{"mods":["BaseMod","Colored Map","Minty Spire (QoL Compilation)","SuperFastMode"],"gold_per_floor":[213,232,251,261,261,281,296,296,296,296,330,350,350,368,368,368,368],"floor_reached":16,"playtime":351,"items_purged":[],"score":148,"play_id":"aecbce8a-f82f-44ea-857a-d82bbb46733e","local_time":"20201222200825","is_ascension_mode":true,"campfire_choices":[{"data":"Cloak And Dagger","floor":8,"key":"SMITH"},{"data":"Accuracy","floor":10,"key":"SMITH"},{"floor":15,"key":"REST"}],"circlet_count":0,"master_deck":["Strike_G","Strike_G","Strike_G","Strike_G","Defend_G","Defend_G","Defend_G","Defend_G","Defend_G","Survivor","Neutralize","Dagger Throw","Deadly Poison","Accuracy+1","Cloak And Dagger+1","Dagger Throw","Cloak And Dagger","Terror"],"relics":["Ring of the Snake","Bronze Scales","FossilizedHelix"],"acts_visited":["Exordium"],"potions_floor_usage":[4,7,11,14],"damage_taken":[{"damage":1,"enemies":"2 Louse","floor":1,"turns":3},{"damage":1,"enemies":"Cultist","floor":2,"turns":3},{"damage":3,"enemies":"Small Slimes","floor":3,"turns":3},{"damage":1,"enemies":"2 Fungi Beasts","floor":4,"turns":2},{"damage":3,"enemies":"Exordium Wildlife","floor":6,"turns":4},{"damage":25,"enemies":"Gremlin Gang","floor":7,"turns":5},{"damage":13,"enemies":"Lagavulin","floor":11,"turns":8},{"damage":0,"enemies":"Large Slime","floor":12,"turns":4},{"damage":0,"enemies":"3 Louse","floor":14,"turns":1},{"damage":41,"enemies":"Slime Boss","floor":16,"turns":7}],"seed_played":"-4695961144896094159","potions_obtained":[{"floor":3,"key":"Explosive Potion"},{"floor":6,"key":"LiquidMemories"},{"floor":7,"key":"EssenceOfSteel"},{"floor":11,"key":"Explosive Potion"}],"is_trial":false,"path_per_floor":["M","M","M","M","?","M","M","R","T","R","E","M","?","M","R","B"],"character_chosen":"THE_SILENT","items_purchased":[],"campfire_rested":1,"item_purchase_floors":[],"current_hp_per_floor":[62,61,58,57,57,54,29,29,29,29,16,16,16,16,37,0,0],"gold":368,"neow_bonus":"HUNDRED_GOLD","is_daily":false,"chose_seed":false,"campfire_upgraded":2,"win_rate":0.0,"timestamp":1608635305,"path_taken":["M","M","M","M","?","M","?","R","T","R","E","M","?","M","R","BOSS"],"items_purchased_type":[],"build_version":"2020-12-13","purchased_purges":0,"victory":false,"max_hp_per_floor":[70,70,70,70,70,70,70,70,70,70,70,70,70,70,70,70,70],"card_choices":[{"not_picked":["PiercingWail","Acrobatics"],"picked":"Dagger Throw","floor":1},{"not_picked":["Poisoned Stab","Deflect"],"picked":"Deadly Poison","floor":2},{"not_picked":["Underhanded Strike","Quick Slash"],"picked":"Accuracy","floor":3},{"not_picked":["Slice","Acrobatics"],"picked":"Cloak And Dagger","floor":4},{"not_picked":["Wraith Form v2","Heel Hook","Underhanded Strike"],"picked":"SKIP","floor":6},{"not_picked":["Deadly Poison","Sucker Punch"],"picked":"Dagger Throw","floor":7},{"not_picked":["Grand Finale","Terror"],"picked":"Cloak And Dagger","floor":11},{"not_picked":["Sucker Punch","Backflip","Outmaneuver"],"picked":"SKIP","floor":12},{"not_picked":["Concentrate","Dash"],"picked":"Terror","floor":14}],"player_experience":263007,"relics_obtained":[{"floor":9,"key":"Bronze Scales"},{"floor":11,"key":"FossilizedHelix"}],"event_choices":[{"cards_removed":["Strike_G"],"damage_healed":0,"gold_gain":0,"player_choice":"Purged","damage_taken":0,"max_hp_gain":0,"max_hp_loss":0,"event_name":"Purifier","floor":5,"gold_loss":0},{"damage_healed":0,"gold_gain":0,"player_choice":"Ignored","damage_taken":0,"max_hp_gain":0,"max_hp_loss":0,"event_name":"Shining Light","floor":13,"gold_loss":0}],"is_beta":false,"boss_relics":[],"items_purged_floors":[],"is_endless":false,"potions_floor_spawned":[3,6,7,11],"killed_by":"Slime Boss","ascension_level":8}}