{"host":"konjmgczbcns2r3g","time":1608605971,"event":{"mods":["AchievementEnabler","BaseMod","Colored Powertips","Hermit","Infinite Spire","Minty Spire (QoL Compilation)","StSLib","The Cursed","The Necromancer","The Servant 0.9.4"],"gold_per_floor":[110,126,143,16,27,45,55,80,149,149,169,149,48,64,64,163,163,179,190,190,3,3,3,102,102,127,127,127,147,175,204,204,204,204],"floor_reached":33,"playtime":2174,"items_purged":[],"score":251,"play_id":"72a8469b-7f5b-4369-b752-4a27ad602015","local_time":"20201221215931","is_ascension_mode":false,"campfire_choices":[{"floor":15.0,"key":"REST"},{"floor":23,"key":"REST"},{"data":"Pandemic","floor":25,"key":"SMITH"},{"data":"Negative_Energy_Javelin","floor":27,"key":"SMITH"},{"floor":32,"key":"REST"}],"circlet_count":0,"master_deck":["Strike_W","Strike_W","Strike_W","Strike_W","Defend_W","Defend_W","Defend_W","Defend_W","Negative_Energy_Arrows","Bone_Wall","Negative_Energy_Mist","Pandemic+1","Negative_Energy_Javelin+1","Skeleton_Dragon","Bone_Bullets","Flesh_Made_Foul","Grasp_Heart","Negative_Energy_Javelin","Toxic_Smoke_Screen","infinitespire:Fortify","Bone_Shift","Summon_Lich","Bones_to_Steel","Violent_Necrosis","Summon_Vampire_Lady","Death_March_Dance+1","Plague_Bolt+1","infinitespire:Collect","Siphon_Strength","Summon_Undead_Army","Siphon_Strength+1","Blood_Curse"],"relics":["Vampire_Amulet","PreservedInsect","Eternal Feather","SlaversCollar","HandDrill","Bag of Marbles","CeramicFish","Shuriken"],"acts_visited":["Exordium","TheCity"],"potions_floor_usage":[19,31,33],"damage_taken":[{"damage":10.0,"enemies":"Jaw Worm","floor":1.0,"turns":5.0},{"damage":0.0,"enemies":"2 Louse","floor":2.0,"turns":4.0},{"damage":8.0,"enemies":"Cultist","floor":3.0,"turns":4.0},{"damage":6.0,"enemies":"Blue Slaver","floor":5.0,"turns":4.0},{"damage":9.0,"enemies":"Looter","floor":6.0,"turns":3.0},{"damage":22.0,"enemies":"Lots of Slimes","floor":7.0,"turns":4.0},{"damage":11.0,"enemies":"Gremlin Nob","floor":8.0,"turns":3.0},{"damage":18.0,"enemies":"Exordium Thugs","floor":11.0,"turns":5.0},{"damage":0.0,"enemies":"Large Slime","floor":14.0,"turns":4.0},{"damage":34.0,"enemies":"Slime Boss","floor":16.0,"turns":9.0},{"damage":33,"enemies":"3 Byrds","floor":18,"turns":5},{"damage":39,"enemies":"Spheric Guardian","floor":19,"turns":6},{"damage":64,"enemies":"3 Cultists","floor":29,"turns":7},{"damage":18,"enemies":"Centurion and Healer","floor":30,"turns":8},{"damage":9,"enemies":"Snake Plant","floor":31,"turns":3},{"damage":66,"enemies":"Champ","floor":33,"turns":9}],"seed_played":"7468036379451930823","potions_obtained":[{"floor":1.0,"key":"SpeedPotion"},{"floor":3.0,"key":"Ancient Potion"},{"floor":7.0,"key":"AttackPotion"},{"floor":11.0,"key":"EntropicBrew"},{"floor":12.0,"key":"BlessingOfTheForge"},{"floor":18,"key":"Strength Potion"},{"floor":30,"key":"Explosive Potion"},{"floor":31,"key":"SteroidPotion"}],"is_trial":false,"path_per_floor":["M","M","M","$","M","M","M","E","T","?","M","?","$","M","R","B",null,"M","M","AVR","$","?","R","?","R","T","R","T","M","M","M","R","B"],"character_chosen":"NECROMANCER","items_purchased":["Skeleton_Dragon","Bone_Bullets","Summon_Lich","Bones_to_Steel","Bag of Marbles","Siphon_Strength"],"campfire_rested":3,"item_purchase_floors":[4,4,13,13,21,21],"current_hp_per_floor":[74,78,72,72,68,61,49,42,42,22,8,8,8,12,48,22,82,64,27,27,27,27,66,66,81,81,82,82,34,20,13,55,0,0],"gold":204,"neow_bonus":"TEN_PERCENT_HP_BONUS","is_daily":false,"chose_seed":false,"campfire_upgraded":2,"win_rate":0.0,"timestamp":1608605971,"path_taken":["M","M","M","$","M","M","M","E","T","?","M","?","$","M","R","BOSS","M","M","AVR","?","?","R","?","R","T","R","?","?","M","M","R","BOSS"],"items_purchased_type":["Card","Card","Card","Card","Relic","Card"],"build_version":"2020-12-13","purchased_purges":0,"victory":false,"max_hp_per_floor":[82,82,82,82,82,82,82,82,82,82,82,82,82,82,82,82,82,82,82,82,82,82,82,82,82,82,82,82,82,82,82,82,82,82],"card_choices":[{"not_picked":["Scare","Bone_Armor"],"picked":"Negative_Energy_Mist","floor":1.0},{"not_picked":["Spectral_Walk","Deaths_Shadow"],"picked":"Pandemic","floor":2.0},{"not_picked":["Scare","Exploit"],"picked":"Negative_Energy_Javelin","floor":3.0},{"not_picked":["Negative_Energy_Shield","Bone_Spikes"],"picked":"Flesh_Made_Foul","floor":5.0},{"not_picked":["Bones_to_Steel","Negative_Energy_Javelin"],"picked":"Grasp_Heart","floor":6.0},{"not_picked":["Blood_Whip","Deaths_Shadow"],"picked":"Negative_Energy_Javelin","floor":7.0},{"not_picked":["Vampiric_Strike","Spectral_Armor"],"picked":"Toxic_Smoke_Screen","floor":8.0},{"not_picked":["infinitespire:Oblivion","infinitespire:NeuralNetwork"],"picked":"infinitespire:Fortify","floor":10.0},{"not_picked":["Negative_Energy_Javelin","Consume_Illness"],"picked":"Bone_Shift","floor":11.0},{"not_picked":["Stop_Heart","Blood_Is_Power"],"picked":"Violent_Necrosis","floor":14.0},{"not_picked":["Detonate_Bones","Grasp_Heart"],"picked":"Summon_Vampire_Lady","floor":16.0},{"not_picked":["Blood_Whip","Bone_Shift"],"picked":"Death_March_Dance+1","floor":18},{"not_picked":["Spectral_Walk","Chill_Blood"],"picked":"Plague_Bolt+1","floor":19},{"not_picked":["Slay_Living+1","Blood_Curse"],"picked":"Summon_Undead_Army","floor":29},{"not_picked":["Death_March_Dance","Deaths_Shadow+1"],"picked":"Siphon_Strength+1","floor":30},{"not_picked":["Toxic_Smoke_Screen+1","Blood_for_Blood"],"picked":"Blood_Curse","floor":31}],"player_experience":261738,"relics_obtained":[{"floor":8.0,"key":"PreservedInsect"},{"floor":9.0,"key":"Eternal Feather"},{"floor":26,"key":"CeramicFish"},{"floor":28,"key":"Shuriken"}],"event_choices":[{"damage_healed":0.0,"max_hp_gain":0.0,"max_hp_loss":0.0,"gold_gain":0.0,"event_name":"The Woman in Blue","player_choice":"Bought 1 Potion","floor":12.0,"gold_loss":0.0,"damage_taken":0.0},{"damage_healed":0,"gold_gain":99,"player_choice":"Stole From Cult","damage_taken":0,"max_hp_gain":0,"max_hp_loss":0,"event_name":"Nest","floor":24,"gold_loss":0}],"is_beta":false,"boss_relics":[{"not_picked":["Snecko Eye","Cursed Key"],"picked":"SlaversCollar"}],"items_purged_floors":[],"is_endless":false,"potions_floor_spawned":[1,3,7,11,18,30,31],"killed_by":"Champ","ascension_level":0}}