{"host":"e87rn453naquue3h","time":1608601459,"event":{"mods":["AchievementEnabler","BaseMod","Downfall","Minty Spire (QoL Compilation)","StSLib"],"gold_per_floor":[0,12,37,57,57,57,57,57,57,76,1,20,5,34,45,142,142,67,79,93,103,103,130,130,140,151,76,90,90,190,222,232,327,327,327,344,344,344,356,356,402,417,417,67,67,84,134,147,165,165],"floor_reached":51,"playtime":4292,"items_purged":["Guardian:Aged"],"score":791,"play_id":"e5332b2c-ba58-491c-8171-e9ae1fd8e87f","local_time":"20201221204419","is_ascension_mode":false,"campfire_choices":[{"floor":1,"key":"RECALL"},{"data":"Guardian:TwinSlam","floor":6,"key":"SMITH"},{"data":"Guardian:DonusPower","floor":9,"key":"SMITH"},{"data":"Guardian:ArmoredProtocol","floor":11,"key":"SMITH"},{"data":"Guardian:Orbwalk","floor":18,"key":"SMITH"},{"data":"Guardian:GatlingBeam","floor":27,"key":"SMITH"},{"data":"Guardian:ChargeUp","floor":29,"key":"SMITH"},{"data":"Guardian:SphericShield","floor":35,"key":"SMITH"},{"data":"Guardian:Preprogram","floor":40,"key":"SMITH"},{"data":"Guardian:TemporalShield","floor":43,"key":"SMITH"}],"circlet_count":0,"master_deck":["Guardian:Strike_Guardian","Guardian:Strike_Guardian","Guardian:Strike_Guardian","Guardian:Defend_Guardian","Guardian:Defend_Guardian","Guardian:Defend_Guardian","Guardian:CurlUp","Guardian:TwinSlam+1","Guardian:DonusPower+1","Guardian:FloatingOrbs","Guardian:ArmoredProtocol+1","Guardian:PiercingHide","Guardian:ChargeUp+1","Guardian:Orbwalk+1","Guardian:GatlingBeam+1","Guardian:BronzeOrb+1","Writhe","Doubt","Guardian:Preprogram+1","Guardian:Repulse+1","Guardian:ChargeCore+1","Guardian:PrismaticBarrier+1","Guardian:TemporalShield+1","Guardian:SphericShield+1","Guardian:ChargeUp+1","Pain","Writhe","Guardian:Harden"],"relics":["Guardian:ModeShifter","FossilizedHelix","Guardian:PickAxe","Eternal Feather","downfall:HeartBlessingRed","Strawberry","Cursed Key","downfall:HeartBlessingBlue","Ice Cream","Molten Egg 2","downfall:HeartBlessingGreen","Potion Belt","Pear","Runic Pyramid","Regal Pillow","White Beast Statue","Bag of Marbles"],"acts_visited":["Exordium","TheCity","TheBeyond"],"potions_floor_usage":[16,25,30,31,46],"damage_taken":[{"damage":0,"enemies":"Cultist","floor":2,"turns":4},{"damage":0,"enemies":"2 Louse","floor":4,"turns":3},{"damage":0,"enemies":"Jaw Worm","floor":10,"turns":3},{"damage":0,"enemies":"Large Slime","floor":12,"turns":5},{"damage":0,"enemies":"downfall:FleeingMerchant","floor":13,"turns":4},{"damage":0,"enemies":"Lagavulin","floor":14,"turns":6},{"damage":0,"enemies":"Red Slaver","floor":15,"turns":2},{"damage":18,"enemies":"downfall:Ironclad","floor":16,"turns":9},{"damage":0,"enemies":"Chosen","floor":19,"turns":4},{"damage":0,"enemies":"3 Byrds","floor":20,"turns":3},{"damage":0,"enemies":"3 Cultists","floor":21,"turns":4},{"damage":13,"enemies":"Slavers","floor":23,"turns":5},{"damage":0,"enemies":"Shelled Parasite and Fungi","floor":25,"turns":4},{"damage":0,"enemies":"Chosen and Byrds","floor":26,"turns":4},{"damage":0,"enemies":"Centurion and Healer","floor":28,"turns":5},{"damage":0,"enemies":"downfall:LadyInBlue","floor":30,"turns":5},{"damage":0,"enemies":"Book of Stabbing","floor":31,"turns":4},{"damage":0,"enemies":"Snake Plant","floor":32,"turns":4},{"damage":14,"enemies":"downfall:Silent","floor":33,"turns":6},{"damage":0,"enemies":"3 Darklings","floor":36,"turns":5},{"damage":17,"enemies":"3 Shapes","floor":39,"turns":4},{"damage":8,"enemies":"Jaw Worm Horde","floor":42,"turns":3},{"damage":0,"enemies":"downfall:FleeingMerchant","floor":44,"turns":4},{"damage":23,"enemies":"Spire Growth","floor":46,"turns":5},{"damage":0,"enemies":"Maw","floor":48,"turns":7},{"damage":10,"enemies":"4 Shapes","floor":49,"turns":5},{"damage":0,"enemies":"downfall:Watcher","floor":50,"turns":8}],"seed_played":"-2158336331431914383","potions_obtained":[{"floor":4,"key":"Guardian:DefensiveModePotion"},{"floor":14,"key":"Energy Potion"},{"floor":15,"key":"LiquidBronze"},{"floor":19,"key":"Fire Potion"},{"floor":26,"key":"Swift Potion"},{"floor":30,"key":"SteroidPotion"},{"floor":30,"key":"Guardian:StasisDiscoveryPotion"},{"floor":30,"key":"Energy Potion"},{"floor":32,"key":"LiquidMemories"},{"floor":33,"key":"Guardian:AcceleratePotion"},{"floor":42,"key":"Fire Potion"},{"floor":46,"key":"EssenceOfSteel"}],"is_trial":false,"path_per_floor":["R","M","T","M","?","R","T","?","R","M","R","M","$","E","M","B",null,"R","M","M","M","?","E","T","M","M","R","M","R","?","E","M","B",null,"R","M","?","?","M","R","T","M","R","$","?","M","T","M","M","B",null],"character_chosen":"GUARDIAN","items_purchased":["White Beast Statue"],"campfire_rested":0,"item_purchase_floors":[44],"current_hp_per_floor":[80,80,80,80,80,80,80,80,80,80,80,80,80,87,87,69,87,97,97,97,97,97,84,84,84,84,96,96,97,97,107,107,93,107,107,107,107,123,106,121,121,113,123,123,123,100,100,100,90,90],"gold":165,"neow_bonus":"ONE_RARE_RELIC","is_daily":false,"chose_seed":false,"campfire_upgraded":9,"win_rate":0.0,"timestamp":1608601459,"path_taken":["R","M","?","?","?","R","T","?","R","?","R","M","?","E","M","BOSS","R","M","M","M","?","E","T","M","M","R","M","R","?","E","M","BOSS","R","M","?","?","M","R","T","M","R","?","?","M","?","M","M","BOSS"],"items_purchased_type":["Relic"],"build_version":"2020-12-13","purchased_purges":1,"victory":true,"max_hp_per_floor":[80,80,80,80,80,80,80,80,80,80,80,80,80,87,87,87,87,97,97,97,97,97,97,97,97,97,97,97,97,97,107,107,107,107,107,107,107,123,123,123,123,123,123,123,123,123,123,123,123,123],"card_choices":[{"not_picked":["Guardian:WalkerClaw","Guardian:Emergency"],"picked":"Guardian:DonusPower","floor":2},{"not_picked":["Guardian:Reroute","Guardian:TemporalShield"],"picked":"Guardian:Gem_Crimson","floor":4},{"not_picked":["Guardian:VentSteam","Guardian:TimeBomb"],"picked":"Guardian:ArmoredProtocol","floor":10},{"not_picked":["Guardian:TimeCapacitor","Guardian:Gem_Cyan"],"picked":"Guardian:PiercingHide","floor":12},{"not_picked":["Guardian:Clone","Guardian:TimeCapacitor"],"picked":"Guardian:ChargeUp","floor":13},{"not_picked":["Guardian:Harden","Guardian:TemporalShield"],"picked":"Guardian:Orbwalk","floor":14},{"not_picked":["Guardian:Gem_Lightblue","Guardian:EvasiveProtocol"],"picked":"Guardian:Gem_Synthetic","floor":15},{"not_picked":["Guardian:StasisField","Guardian:AncientConstruct"],"picked":"Guardian:GatlingBeam","floor":16},{"not_picked":["Guardian:VentSteam","Guardian:Reroute"],"picked":"Guardian:BronzeOrb+1","floor":19},{"not_picked":["Guardian:ChargeCore+1","Guardian:ChargeUp","Guardian:ShieldCharger"],"picked":"SKIP","floor":20},{"not_picked":["Guardian:Incinerate","Guardian:CrystalBeam+1","Guardian:MultiBeam+1"],"picked":"SKIP","floor":21},{"not_picked":["Guardian:Gem_Lightblue","Guardian:RefractedBeam+1"],"picked":"Guardian:Gem_Red","floor":23},{"not_picked":["Guardian:VentSteam","Guardian:GatlingBeam+1"],"picked":"Guardian:Preprogram","floor":25},{"not_picked":["Guardian:Gem_Lightblue","Guardian:RefractedBeam+1"],"picked":"Guardian:Repulse+1","floor":26},{"not_picked":["Guardian:PrimingBeam+1","Guardian:Gem_Lightblue"],"picked":"Guardian:ChargeCore+1","floor":28},{"not_picked":["Guardian:ChargeCore+1","Guardian:Gem_Cyan"],"picked":"Guardian:PrismaticBarrier+1","floor":30},{"not_picked":["Guardian:Gem_Cyan","Guardian:Suspension","Guardian:Gem_Lightblue"],"picked":"SKIP","floor":31},{"not_picked":["Guardian:PrimingBeam+1","Guardian:AncientConstruct"],"picked":"Guardian:TemporalShield","floor":32},{"not_picked":["Guardian:ConstructionForm","Guardian:RevengeProtocol"],"picked":"Guardian:SphericShield","floor":33},{"not_picked":["Guardian:Suspension+1","Guardian:TemporalStrike+1"],"picked":"Guardian:ChargeUp+1","floor":36},{"not_picked":["Guardian:CrystalBeam+1","Guardian:VentSteam+1","Guardian:Reroute+1"],"picked":"SKIP","floor":39},{"not_picked":["Guardian:ChargeCore+1","Guardian:Gem_Green","Guardian:RollAttack+1"],"picked":"SKIP","floor":42},{"not_picked":["Guardian:Reroute+1","Guardian:TemporalStrike+1","Guardian:TemporalShield"],"picked":"SKIP","floor":44},{"not_picked":["Guardian:Gem_Lightblue","Guardian:EvasiveProtocol","Guardian:Gem_Red"],"picked":"SKIP","floor":46},{"not_picked":["Guardian:Repulse+1","Guardian:ChargeCore+1","Guardian:Gem_White"],"picked":"SKIP","floor":48},{"not_picked":["Guardian:Incinerate+1","Guardian:BronzeOrb+1"],"picked":"Guardian:Harden","floor":49}],"player_experience":2344483,"relics_obtained":[{"floor":7,"key":"Eternal Feather"},{"floor":14,"key":"Strawberry"},{"floor":23,"key":"Molten Egg 2"},{"floor":30,"key":"Potion Belt"},{"floor":31,"key":"Pear"},{"floor":41,"key":"Regal Pillow"},{"floor":47,"key":"Bag of Marbles"}],"event_choices":[{"damage_healed":0,"gold_gain":0,"cards_transformed":["Guardian:Defend_Guardian"],"player_choice":"Transformed","damage_taken":0,"max_hp_gain":0,"max_hp_loss":0,"event_name":"Transmorgrifier","floor":8,"gold_loss":0,"cards_obtained":["Guardian:FloatingOrbs"]}],"is_beta":false,"boss_relics":[{"not_picked":["Guardian:ModeShifterPlus","Sozu"],"picked":"Cursed Key"},{"not_picked":["Velvet Choker","Tiny House"],"picked":"Runic Pyramid"}],"items_purged_floors":[44],"is_endless":false,"potions_floor_spawned":[4,14,15,19,23,26,32,33,42,46,48,49],"ascension_level":0}}