{"host":"kb6kd92pmlm29812","time":1613279438,"event":{"mods":["AchievementEnabler","BaseMod","Colored Map","Highlight Path","Minty Spire (QoL Compilation)","Permanent Neow","Quick Restart","StSLib"],"gold_per_floor":[117,5,24,24,24,52,17,17,17,31,31,31,31,31],"floor_reached":13,"language":"ENG","playtime":680,"items_purged":["Strike_P"],"score":81,"play_id":"9d67bc02-d20e-48d4-8da2-aa064974ca95","local_time":"20210214001038","is_ascension_mode":false,"campfire_choices":[{"floor":8,"key":"REST"},{"floor":12,"key":"REST"}],"circlet_count":0,"master_deck":["Strike_P","Strike_P+1","Defend_P","Defend_P","Defend_P","Defend_P","Eruption+1","Vigilance","Consecrate","Conclude","FlurryOfBlows","LikeWater","Crescendo"],"relics":["PureWater","FossilizedHelix","Torii","Dream Catcher"],"acts_visited":["Exordium"],"potions_floor_usage":[],"damage_taken":[{"damage":1,"enemies":"Jaw Worm","floor":1,"turns":6},{"damage":0,"enemies":"2 Louse","floor":3,"turns":1},{"damage":22,"enemies":"Lagavulin","floor":6,"turns":7},{"damage":0,"enemies":"Small Slimes","floor":10,"turns":2},{"damage":18,"enemies":"Gremlin Nob","floor":13,"turns":5}],"seed_played":"4670456639799975597","potions_obtained":[{"floor":3,"key":"Ancient Potion"},{"floor":6,"key":"Strength Potion"}],"is_trial":false,"path_per_floor":["M","$","M","?","?","E","?","R","T","M","$","R","E"],"character_chosen":"WATCHER","items_purchased":["Conclude"],"campfire_rested":2,"item_purchase_floors":[2],"current_hp_per_floor":[50,50,50,36,29,7,7,28,28,28,28,49,31,31],"gold":31,"neow_bonus":"ONE_RARE_RELIC","is_daily":false,"chose_seed":false,"campfire_upgraded":0,"win_rate":0.0,"timestamp":1613279438,"path_taken":["M","$","M","?","?","E","?","R","T","M","$","R","E"],"items_purchased_type":["Card"],"build_version":"2020-12-22","purchased_purges":1,"victory":false,"max_hp_per_floor":[72,72,72,72,72,72,72,72,72,72,72,72,72,72],"card_choices":[{"not_picked":["Halt","JustLucky"],"picked":"Consecrate","floor":1},{"not_picked":["SashWhip","ThirdEye"],"picked":"FlurryOfBlows","floor":3},{"not_picked":["JustLucky","SandsOfTime"],"picked":"LikeWater","floor":6},{"not_picked":["EmptyBody","FlyingSleeves","Fasting2"],"picked":"SKIP","floor":10},{"not_picked":["FlyingSleeves","SashWhip"],"picked":"Crescendo","floor":12}],"player_experience":14749,"relics_obtained":[{"floor":6,"key":"Torii"},{"floor":9,"key":"Dream Catcher"}],"event_choices":[{"damage_healed":0,"gold_gain":0,"player_choice":"Entered Light","damage_taken":14,"max_hp_gain":0,"max_hp_loss":0,"event_name":"Shining Light","floor":4,"gold_loss":0,"cards_upgraded":["Eruption","Strike_P"]},{"cards_removed":["Strike_P"],"damage_healed":0,"gold_gain":0,"player_choice":"Card Removal","damage_taken":7,"max_hp_gain":0,"max_hp_loss":0,"event_name":"Golden Wing","floor":5,"gold_loss":0},{"damage_healed":0,"gold_gain":0,"player_choice":"Left Gold","damage_taken":0,"max_hp_gain":0,"max_hp_loss":0,"event_name":"World of Goop","floor":7,"gold_loss":35}],"is_beta":false,"boss_relics":[],"items_purged_floors":[2],"is_endless":false,"potions_floor_spawned":[3,6],"killed_by":"Gremlin Nob","ascension_level":0}}