{"host":"x3688v8yj57o2b0e","time":1613324391,"event":{"mods":["BaseMod","Minty Spire (QoL Compilation)"],"gold_per_floor":[117,133,32,49,49,76,76,91,91,124,142,174,186,213,213,311,311,325,10,10,29,60,97,97,137,190,235,235,262,282,304,304,408,408,436,47,47,62,73,73,108,28,28,28,28,82,100,113,113,113,113,113,13,51,51],"floor_reached":56,"language":"ENG","playtime":4123,"items_purged":["Defend_P","Strike_P"],"score":1524,"play_id":"2bb89feb-a3d3-4a34-83a3-ea2803c132c3","local_time":"20210214123951","is_ascension_mode":true,"campfire_choices":[{"data":"Eruption","floor":7,"key":"SMITH"},{"floor":15,"key":"REST"},{"data":"EmptyFist","floor":24,"key":"SMITH"},{"data":"Ragnarok","floor":28,"key":"SMITH"},{"data":"Ghostly","floor":32,"key":"SMITH"},{"floor":45,"key":"REST"},{"floor":49,"key":"RECALL"},{"floor":52,"key":"REST"}],"circlet_count":0,"master_deck":["Strike_P","Strike_P","Defend_P","Defend_P","Eruption+1","Vigilance","Indignation","CutThroughFate","EmptyBody","LikeWater","ThirdEye","ThirdEye","Meditate","Tantrum","EmptyFist+1","Judgement","Crescendo","ClearTheMind","Omniscience","ClearTheMind","FlurryOfBlows","SashWhip","Wallop+1","EmptyFist","Meditate","Ragnarok+1","Ghostly","Ghostly+1","Ghostly","Ghostly","Ghostly+1","BowlingBash","TalkToTheHand+1","Blasphemy","EmptyMind+1","Apotheosis","Mind Blast","FearNoEvil+1","Transmutation","Deep Breath","EmptyMind+1"],"relics":["Philosopher\u0027s Stone","Pen Nib","Akabeko","Bottled Lightning","Boot","Nunchaku","Snecko Eye","StrikeDummy","Enchiridion","Red Mask","CeramicFish","Potion Belt","Juzu Bracelet","TungstenRod","Fusion Hammer","ClockworkSouvenir","Lantern","Incense Burner","Vajra"],"acts_visited":["Exordium","TheCity","TheBeyond","TheEnding"],"potions_floor_usage":[6,8,12,14,16,33,33,50,50],"damage_taken":[{"damage":3,"enemies":"Small Slimes","floor":1,"turns":3},{"damage":0,"enemies":"Cultist","floor":2,"turns":2},{"damage":3,"enemies":"Jaw Worm","floor":4,"turns":2},{"damage":28,"enemies":"3 Sentries","floor":6,"turns":11},{"damage":0,"enemies":"Looter","floor":8,"turns":1},{"damage":8,"enemies":"Lagavulin","floor":10,"turns":6},{"damage":4,"enemies":"Gremlin Gang","floor":11,"turns":3},{"damage":0,"enemies":"Gremlin Nob","floor":12,"turns":2},{"damage":2,"enemies":"3 Louse","floor":13,"turns":3},{"damage":3,"enemies":"3 Sentries","floor":14,"turns":3},{"damage":22,"enemies":"The Guardian","floor":16,"turns":11},{"damage":0,"enemies":"3 Byrds","floor":18,"turns":2},{"damage":9,"enemies":"Chosen","floor":21,"turns":2},{"damage":0,"enemies":"Masked Bandits","floor":22,"turns":2},{"damage":15,"enemies":"Book of Stabbing","floor":23,"turns":3},{"damage":6,"enemies":"Slavers","floor":25,"turns":5},{"damage":0,"enemies":"Gremlin Leader","floor":29,"turns":4},{"damage":0,"enemies":"Centurion and Healer","floor":30,"turns":2},{"damage":0,"enemies":"Cultist and Chosen","floor":31,"turns":2},{"damage":0,"enemies":"Automaton","floor":33,"turns":6},{"damage":0,"enemies":"3 Shapes","floor":35,"turns":3},{"damage":10,"enemies":"3 Darklings","floor":38,"turns":4},{"damage":0,"enemies":"Maw","floor":39,"turns":2},{"damage":6,"enemies":"Giant Head","floor":41,"turns":6},{"damage":0,"enemies":"2 Orb Walkers","floor":46,"turns":3},{"damage":0,"enemies":"Jaw Worm Horde","floor":48,"turns":1},{"damage":3,"enemies":"Time Eater","floor":50,"turns":4},{"damage":0,"enemies":"Shield and Spear","floor":54,"turns":4},{"damage":0,"enemies":"The Heart","floor":55,"turns":6}],"seed_played":"2610002798403528738","potions_obtained":[{"floor":1,"key":"DuplicationPotion"},{"floor":4,"key":"ColorlessPotion"},{"floor":10,"key":"Swift Potion"},{"floor":13,"key":"DistilledChaos"},{"floor":14,"key":"Block Potion"},{"floor":18,"key":"SteroidPotion"},{"floor":21,"key":"FairyPotion"},{"floor":25,"key":"Strength Potion"},{"floor":33,"key":"Strength Potion"},{"floor":35,"key":"GamblersBrew"},{"floor":39,"key":"PowerPotion"}],"is_trial":false,"path_per_floor":["M","M","$","M","?","E","R","M","T","E","M","E","M","E","R","B",null,"M","$","?","M","?","E","R","E","T","?","R","E","M","M","R","B",null,"M","$","?","M","M","?","E","$","T","?","R","?","?","M","R","B",null,"R","$","E","B",null],"character_chosen":"WATCHER","items_purchased":["EmptyBody","LikeWater","FlurryOfBlows","StrikeDummy","SashWhip","ClockworkSouvenir","Apotheosis","Mind Blast"],"campfire_rested":3,"item_purchase_floors":[3,3,19,19,19,36,36,42],"current_hp_per_floor":[69,69,69,66,66,38,38,38,38,30,26,26,24,21,42,20,72,72,72,56,47,47,32,32,26,26,26,26,26,26,26,26,26,36,36,36,36,26,26,26,20,20,20,20,30,30,26,26,26,23,36,36,36,36,36],"gold":51,"neow_bonus":"BOSS_RELIC","is_daily":false,"chose_seed":false,"campfire_upgraded":4,"win_rate":0.0,"timestamp":1613324391,"path_taken":["M","M","$","M","?","E","R","M","T","E","M","E","M","E","R","BOSS","M","$","?","M","?","E","R","E","T","?","R","E","M","M","R","BOSS","M","$","?","M","M","?","E","$","T","?","R","?","?","M","R","BOSS","R","$","E","BOSS"],"items_purchased_type":["Card","Card","Card","Relic","Card","Relic","Card","Card"],"build_version":"2020-12-22","purchased_purges":2,"victory":true,"max_hp_per_floor":[72,72,72,72,72,72,72,72,72,72,72,72,72,72,72,72,72,72,72,72,72,72,72,72,72,72,36,36,36,36,36,36,36,36,36,36,36,36,36,36,36,36,36,36,36,36,36,36,36,36,36,36,36,36,36],"card_choices":[{"not_picked":["WreathOfFlame","PathToVictory"],"picked":"Indignation","floor":1},{"not_picked":["EmptyBody","LikeWater"],"picked":"CutThroughFate","floor":2},{"not_picked":["EmptyBody","Nirvana"],"picked":"ThirdEye","floor":4},{"not_picked":["ReachHeaven","FlyingSleeves"],"picked":"ThirdEye","floor":6},{"not_picked":["WheelKick","FlyingSleeves"],"picked":"Meditate","floor":8},{"not_picked":["ClearTheMind","Worship"],"picked":"Tantrum","floor":10},{"not_picked":["Evaluate","WaveOfTheHand"],"picked":"EmptyFist","floor":11},{"not_picked":["EmptyBody","Protect"],"picked":"Judgement","floor":12},{"not_picked":["SignatureMove","Wireheading"],"picked":"Crescendo","floor":13},{"not_picked":["CutThroughFate","SashWhip"],"picked":"ClearTheMind","floor":14},{"not_picked":["Alpha","DeusExMachina"],"picked":"Omniscience","floor":16},{"not_picked":["FlurryOfBlows","Evaluate"],"picked":"ClearTheMind","floor":18},{"not_picked":["WreathOfFlame+1","ThirdEye"],"picked":"Wallop+1","floor":21},{"not_picked":["PathToVictory+1","FlurryOfBlows"],"picked":"EmptyFist","floor":22},{"not_picked":["Devotion","EmptyBody"],"picked":"Meditate","floor":23},{"not_picked":["Omniscience","EmptyBody+1"],"picked":"Ragnarok","floor":25},{"not_picked":["Brilliance","Devotion","Collect+1"],"picked":"SKIP","floor":29},{"not_picked":["EmptyBody","ClearTheMind"],"picked":"BowlingBash","floor":30},{"not_picked":["Conclude","Fasting2"],"picked":"TalkToTheHand+1","floor":31},{"not_picked":["Scrawl","Brilliance"],"picked":"Blasphemy","floor":33},{"not_picked":["Meditate+1","FollowUp+1"],"picked":"EmptyMind+1","floor":35},{"not_picked":["BowlingBash","FlyingSleeves","Halt+1"],"picked":"SKIP","floor":38},{"not_picked":["DeceiveReality+1","ClearTheMind","Devotion"],"picked":"SKIP","floor":39},{"not_picked":["FlyingSleeves+1","CrushJoints","Pray"],"picked":"SKIP","floor":41},{"not_picked":["EmptyFist","ClearTheMind+1"],"picked":"FearNoEvil+1","floor":46},{"not_picked":["Impatience","Trip"],"picked":"Transmutation","floor":47},{"not_picked":["Madness","Finesse"],"picked":"Deep Breath","floor":47},{"not_picked":["Prostrate","FollowUp","Halt"],"picked":"SKIP","floor":48},{"not_picked":["ThirdEye","Nirvana+1"],"picked":"EmptyMind+1","floor":54}],"player_experience":230226,"relics_obtained":[{"floor":6,"key":"Pen Nib"},{"floor":9,"key":"Akabeko"},{"floor":10,"key":"Bottled Lightning"},{"floor":12,"key":"Boot"},{"floor":14,"key":"Nunchaku"},{"floor":20,"key":"Enchiridion"},{"floor":22,"key":"Red Mask"},{"floor":23,"key":"CeramicFish"},{"floor":25,"key":"Potion Belt"},{"floor":26,"key":"Juzu Bracelet"},{"floor":29,"key":"TungstenRod"},{"floor":41,"key":"Lantern"},{"floor":46,"key":"Incense Burner"},{"floor":54,"key":"Vajra"}],"event_choices":[{"cards_removed":["Defend_P"],"damage_healed":0,"gold_gain":0,"player_choice":"Offered Basic","damage_taken":0,"max_hp_gain":0,"max_hp_loss":0,"event_name":"Bonfire Elementals","floor":5,"gold_loss":0},{"damage_healed":0,"gold_gain":0,"player_choice":"Obtained Book","damage_taken":16,"max_hp_gain":0,"max_hp_loss":0,"event_name":"Cursed Tome","floor":20,"gold_loss":0},{"damage_healed":0,"gold_gain":0,"player_choice":"Fought Bandits","damage_taken":0,"max_hp_gain":0,"max_hp_loss":0,"event_name":"Masked Bandits","floor":22,"gold_loss":0},{"damage_healed":0,"gold_gain":0,"player_choice":"Became a Ghost","damage_taken":0,"max_hp_gain":0,"max_hp_loss":36,"event_name":"Ghosts","floor":27,"gold_loss":0,"cards_obtained":["Ghostly","Ghostly","Ghostly","Ghostly","Ghostly"]},{"damage_healed":0,"gold_gain":0,"player_choice":"Upgraded","damage_taken":0,"max_hp_gain":0,"max_hp_loss":0,"event_name":"Upgrade Shrine","floor":37,"gold_loss":0,"cards_upgraded":["Ghostly"]},{"damage_healed":0,"gold_gain":0,"player_choice":"Ignored","damage_taken":0,"max_hp_gain":0,"max_hp_loss":0,"event_name":"SecretPortal","floor":40,"gold_loss":0},{"cards_removed":["Strike_P"],"damage_healed":0,"gold_gain":0,"player_choice":"Removed Attack","damage_taken":0,"max_hp_gain":0,"max_hp_loss":0,"event_name":"Falling","floor":44,"gold_loss":0},{"damage_healed":0,"gold_gain":0,"player_choice":"Fight","damage_taken":0,"max_hp_gain":0,"max_hp_loss":0,"event_name":"Mysterious Sphere","floor":46,"gold_loss":0},{"damage_healed":0,"gold_gain":0,"player_choice":"Memory 2","damage_taken":5,"max_hp_gain":0,"max_hp_loss":0,"event_name":"SensoryStone","floor":47,"gold_loss":0}],"is_beta":false,"boss_relics":[{"not_picked":["VioletLotus","Ectoplasm"],"picked":"Snecko Eye"},{"not_picked":["Busted Crown","Runic Dome"],"picked":"Fusion Hammer"}],"items_purged_floors":[36,53],"is_endless":false,"potions_floor_spawned":[1,4,10,13,14,18,21,25,33,35,39],"ascension_level":2}}