{"host":"hka8b3f4pkvnp4ei","time":1613281246,"event":{"mods":["BaseMod","Minty Spire (QoL Compilation)","Quick Restart","Replay The Spire","StSLib"],"gold_per_floor":[111,111,161,86,136,136,168,168,168,218,232,232,296,329,329,329,329],"floor_reached":16,"language":"ZHS","playtime":247,"items_purged":["Defend_P"],"score":262,"play_id":"1874d7ab-05ae-433d-a98b-0d8b2f5e3754","local_time":"20210214134046","is_ascension_mode":true,"campfire_choices":[{"data":"Eruption","floor":6.0,"key":"SMITH"},{"data":"EmptyMind","floor":8.0,"key":"SMITH"},{"data":"TalkToTheHand","floor":12.0,"key":"SMITH"},{"floor":15,"key":"RECALL"}],"circlet_count":0,"master_deck":["AscendersBane","Strike_P+1","Strike_P","Strike_P","Strike_P","Defend_P+1","Defend_P","Defend_P","Eruption+1","Vigilance+1","EmptyMind+1","TalkToTheHand+1"],"relics":["PureWater","NeowsBlessing","SsserpentHead","War Paint","Bird Faced Urn","Blood Vial"],"acts_visited":["Exordium"],"potions_floor_usage":[14],"damage_taken":[{"damage":0.0,"enemies":"Small Slimes","floor":1.0,"turns":1.0},{"damage":0.0,"enemies":"Gremlin Nob","floor":7.0,"turns":1.0},{"damage":0.0,"enemies":"Cultist","floor":11.0,"turns":1.0},{"damage":0.0,"enemies":"Jaw Worm","floor":13.0,"turns":3.0},{"damage":35,"enemies":"3 Sentries","floor":14,"turns":9},{"damage":0,"enemies":"Fading Forest","floor":16,"turns":1}],"seed_played":"8482755759704335561","potions_obtained":[{"floor":1.0,"key":"Energy Potion"},{"floor":14,"key":"Adrenaline Potion"}],"is_trial":false,"path_per_floor":["M","?","$","$","?","R","E","R","T","?","M","R","M","E","R","B"],"character_chosen":"WATCHER","items_purchased":[],"campfire_rested":0,"item_purchase_floors":[],"current_hp_per_floor":[61,61,61,61,61,61,61,61,61,61,61,61,61,26,26,26,26],"gold":329,"neow_bonus":"THREE_ENEMY_KILL","is_daily":false,"chose_seed":false,"campfire_upgraded":3,"win_rate":0.0,"timestamp":1613281246,"path_taken":["M","?","?","$","?","R","E","R","T","?","M","R","?","E","R","BOSS"],"items_purchased_type":[],"build_version":"2020-12-22","purchased_purges":1,"victory":false,"max_hp_per_floor":[68,68,68,68,68,68,68,68,68,68,68,68,68,68,68,68,68],"card_choices":[{"not_picked":["CarveReality","Replay:BluntJabs","ClearTheMind"],"picked":"SKIP","floor":1.0},{"not_picked":["PathToVictory","Prostrate"],"picked":"EmptyMind","floor":7.0},{"not_picked":["Collect","JustLucky"],"picked":"TalkToTheHand","floor":11.0},{"not_picked":["ConjureBlade","EmptyBody","WaveOfTheHand"],"picked":"SKIP","floor":13.0},{"not_picked":["ThirdEye","PathToVictory","Meditate"],"picked":"SKIP","floor":14}],"player_experience":480051,"relics_obtained":[{"floor":7.0,"key":"War Paint"},{"floor":9.0,"key":"Bird Faced Urn"},{"floor":14,"key":"Blood Vial"}],"event_choices":[{"damage_healed":0.0,"max_hp_gain":0.0,"max_hp_loss":0.0,"gold_gain":0.0,"event_name":"FaceTrader","player_choice":"Trade","floor":2.0,"gold_loss":0.0,"damage_taken":0.0,"relics_obtained":["SsserpentHead"]},{"damage_healed":0.0,"max_hp_gain":0.0,"max_hp_loss":0.0,"gold_gain":0.0,"event_name":"Liars Game","player_choice":"Ignored","floor":5.0,"gold_loss":0.0,"damage_taken":0.0},{"damage_healed":0.0,"max_hp_gain":0.0,"max_hp_loss":0.0,"gold_gain":0.0,"event_name":"Upgrade Shrine","player_choice":"Upgraded","floor":10.0,"gold_loss":0.0,"damage_taken":0.0,"cards_upgraded":["Strike_P"]}],"is_beta":false,"boss_relics":[],"items_purged_floors":[4],"is_endless":false,"potions_floor_spawned":[1,14],"killed_by":"Fading Forest","ascension_level":20}}