{"host":"rs956zbefct9hzhl","time":1613342577,"event":{"mods":["BaseMod","BetterRewards","Downfall","Minty Spire (QoL Compilation)","Shop Mod","Spikes Relics","StSLib"],"gold_per_floor":[99,118,118,218,14,14,14,28,13,28,40,40,40,70,87,187,187,87,101,112,63,81,101,128,128,128,28,128,113,113,113,113,113],"floor_reached":31,"language":"ENG","playtime":1745,"items_purged":[],"score":233,"play_id":"19c4b411-49e1-4b61-a0c2-dc444a4c70f1","local_time":"20210214234257","is_ascension_mode":false,"campfire_choices":[{"floor":1,"key":"RECALL"},{"data":"expansioncontent:QuickStudy","floor":6,"key":"SMITH"},{"data":"hexamod:ExtraCrispy","floor":13,"key":"SMITH"},{"data":"hexamod:UnlimitedPower","floor":18,"key":"SMITH"},{"data":"Ghostly","floor":27,"key":"SMITH"}],"circlet_count":0,"master_deck":["hexamod:Sear+1","hexamod:Float","hexamod:RadiantFlame+1","hexamod:SoulSteal+1","expansioncontent:QuickStudy+1","hexamod:RadiantFlame","hexamod:ExtraCrispy+1","hexamod:Firestarter","hexamod:SixthSeal","hexamod:PhantomFireball","hexamod:UnlimitedPower+1","hexamod:EmpoweredFlame","hexamod:StepThrough+1","hexamod:NecessarySacrifice+1","hexamod:ThirdSeal","hexamod:ChargedBarrage+1","hexamod:Rewind+1","hexamod:SpectersWail","downfall:Aged","hexamod:CouncilsJustice+1","hexamod:CouncilsJustice","hexamod:CouncilsJustice","Ghostly+1","Ghostly","Ghostly","hexamod:BurningTouch+1","hexamod:FastForward+1","downfall:Icky"],"relics":["hexamod:SpiritBrand","Torii","Thread and Needle","Ornamental Fan","Cursed Key","downfall:HeartBlessingGreen","downfall:RedIOU","downfall:HeartBlessingRed"],"acts_visited":["Exordium","TheCity"],"potions_floor_usage":[9,16,19,23],"damage_taken":[{"damage":1,"enemies":"2 Louse","floor":2,"turns":2},{"damage":0,"enemies":"downfall:FleeingMerchant","floor":5,"turns":4},{"damage":0,"enemies":"Small Slimes","floor":8,"turns":2},{"damage":1,"enemies":"downfall:FleeingMerchant","floor":9,"turns":4},{"damage":0,"enemies":"Cultist","floor":10,"turns":3},{"damage":1,"enemies":"downfall:LooterAlt","floor":11,"turns":3},{"damage":1,"enemies":"3 Sentries","floor":14,"turns":4},{"damage":5,"enemies":"Lots of Slimes","floor":15,"turns":3},{"damage":32,"enemies":"DF_ARCHETYPE_STREAMLINE","floor":16,"turns":9},{"damage":18,"enemies":"downfall:LooterAlt2","floor":19,"turns":4},{"damage":1,"enemies":"Spheric Guardian","floor":20,"turns":4},{"damage":2,"enemies":"downfall:FleeingMerchant","floor":21,"turns":4},{"damage":3,"enemies":"3 Cultists","floor":22,"turns":5},{"damage":8,"enemies":"Snake Plant","floor":23,"turns":3},{"damage":2,"enemies":"downfall:FleeingMerchant","floor":29,"turns":4},{"damage":82,"enemies":"Slavers","floor":31,"turns":4}],"seed_played":"479671563188669838","potions_obtained":[{"floor":2,"key":"AttackPotion"},{"floor":11,"key":"Strength Potion"},{"floor":14,"key":"SpeedPotion"},{"floor":15,"key":"FairyPotion"},{"floor":16,"key":"Swift Potion"},{"floor":20,"key":"AttackPotion"}],"is_trial":false,"path_per_floor":["R","M","?","?","$","R","T","M","$","M","M","?","R","E","M","B",null,"R","M","M","$","M","M","T","?","?","R","?","$","T","E"],"character_chosen":"THE_SPIRIT","items_purchased":["expansioncontent:QuickStudy","hexamod:ThirdSeal"],"campfire_rested":0,"item_purchase_floors":[5,21],"current_hp_per_floor":[49,48,48,48,48,48,48,48,47,47,46,46,46,45,40,8,70,70,52,51,49,46,38,38,38,35,35,35,33,33,0,0,0],"gold":113,"neow_bonus":"ONE_RARE_RELIC","is_daily":false,"chose_seed":false,"campfire_upgraded":4,"win_rate":0.0,"timestamp":1613342577,"path_taken":["R","M","?","?","$","R","T","?","$","M","M","?","R","E","M","BOSS","R","M","M","$","?","M","T","?","?","R","?","$","?","E"],"items_purchased_type":["Card","Card"],"build_version":"2020-12-22","purchased_purges":0,"victory":false,"max_hp_per_floor":[70,70,70,70,70,70,70,70,70,70,70,70,70,70,70,70,70,70,70,70,70,70,70,70,70,35,35,35,35,35,35,35,35],"card_choices":[{"not_picked":["hexamod:ThermalTransfer","hexamod:BacktrackSmack"],"picked":"hexamod:RadiantFlame","floor":2},{"not_picked":["hexamod:Again","hexamod:NightmareGuise"],"picked":"hexamod:SoulSteal","floor":5},{"not_picked":["hexamod:ThermalTransfer","hexamod:Hexaguard"],"picked":"hexamod:RadiantFlame","floor":8},{"not_picked":["hexamod:FirstSeal","hexamod:GhostflameBarrier"],"picked":"hexamod:ExtraCrispy","floor":9},{"not_picked":["hexamod:Hexaguard","hexamod:BacktrackSmack"],"picked":"hexamod:Firestarter","floor":10},{"not_picked":["hexamod:SpectersWail","hexamod:GhostLash"],"picked":"hexamod:SixthSeal","floor":11},{"not_picked":["hexamod:NightmareGuise","hexamod:SixthSeal"],"picked":"hexamod:PhantomFireball","floor":14},{"not_picked":["hexamod:RetreatToShadows","hexamod:ShieldOfDarkness","hexamod:Again"],"picked":"SKIP","floor":15},{"not_picked":["hexamod:GhostflameInferno","hexamod:SixthSeal"],"picked":"hexamod:UnlimitedPower","floor":16},{"not_picked":["hexamod:NecessarySacrifice","hexamod:ShieldOfDarkness"],"picked":"hexamod:EmpoweredFlame","floor":19},{"not_picked":["hexamod:SkipABeat+1","hexamod:GhostflameBarrier"],"picked":"hexamod:StepThrough","floor":20},{"not_picked":["hexamod:PhantomCloak","hexamod:ShieldOfDarkness"],"picked":"hexamod:NecessarySacrifice+1","floor":21},{"not_picked":["hexamod:Hexaguard","hexamod:InspiringFlames"],"picked":"hexamod:ChargedBarrage+1","floor":22},{"not_picked":["hexamod:EmpoweredFlame","hexamod:RainOfEmbers"],"picked":"hexamod:Rewind+1","floor":22},{"not_picked":["hexamod:SwordOfDarkness","hexamod:AdvancingGuard"],"picked":"hexamod:SpectersWail","floor":23},{"not_picked":["hexamod:Hexaguard","hexamod:NightmareGuise+1"],"picked":"hexamod:BurningTouch+1","floor":29},{"not_picked":["hexamod:RadiantFlame","hexamod:GhostOfSpireFuture"],"picked":"hexamod:FastForward+1","floor":29}],"player_experience":507251,"relics_obtained":[{"floor":7,"key":"Thread and Needle"},{"floor":14,"key":"Ornamental Fan"},{"floor":24,"key":"Vajra"}],"event_choices":[],"is_beta":false,"boss_relics":[{"not_picked":["CosmicIsotope","Sandwich"],"picked":"Cursed Key"}],"items_purged_floors":[],"is_endless":false,"potions_floor_spawned":[2,11,14,15,16,20],"killed_by":"Slavers","ascension_level":0}}