{"host":"6cobn2zu43e930v9","time":1613279449,"event":{"mods":["100% Spire Juice","Act Like it!","BaseMod","Colored Map","Gensokyo","Hubris","Marisa（F雨　魔理沙）","Minty Spire (QoL Compilation)","MostiFishMod","Reimu（博丽灵梦）","Remilia（蕾米莉亚）","Replay The Spire","RumiaBox-露米娅的神秘盒子","Shop Mod","StSLib","SuperFastMode","TestMod","Waifu the Spire","[IsaacMod]以撒尖塔"],"gold_per_floor":[113,113,32,32,48,83,294,320,320,351,363,398,488,501,501,596,596,614,632,557,571,586,618,638,667,667,691,729,701,563,563,563,563,563],"floor_reached":33,"language":"ZHS","playtime":1233,"items_purged":["Strike_R","Strike_R","Strike_R"],"score":697,"play_id":"5ef5f254-d0fc-41ec-8cd1-42de49782963","local_time":"20210214131048","is_ascension_mode":true,"campfire_choices":[{"floor":15,"key":"RECALL"},{"floor":32,"key":"REST"}],"circlet_count":0,"master_deck":["AscendersBane","Defend_R+1","Defend_R","Defend_R","Defend_R+1","Bash","HalloweenModTrick","HalloweenModGhostCostume","HalloweenModCandy","HalloweenModTrick","HalloweenModGhostCostume","HalloweenModCandy","HalloweenModTrick","HalloweenModGhostCostume","HalloweenModCandy","HalloweenModGhostCostume","HalloweenModTrick+1","HalloweenModGhostCostume","HalloweenModCandy","HalloweenModGhostCostume+1","HalloweenModGhostCostume","HalloweenModCandy+1","HalloweenModCandy+1"],"relics":["Burning Blood","DaveBox","testmod-TestBox","HushsDoor","BirthdayGift-Tetrahedron","HalloweenModHalloween","Blue Candle","DeathBook","SynthV:TestCard","hubris:ToyBattleship","Regal Pillow","Garlic","Shuriken","War Paint","Darkstone Periapt","hubris:ScarierMask","Replay:Ringing Soul","hubris:Teleporter","MawBank","GuppysHead"],"acts_visited":["Exordium","Gensokyo:Gensokyo"],"potions_floor_usage":[],"damage_taken":[{"damage":4,"enemies":"Gensokyo:3_Fairies","floor":1,"turns":3},{"damage":3,"enemies":"Gensokyo:Gryphon","floor":5,"turns":2},{"damage":1,"enemies":"Gensokyo:Cirno","floor":6,"turns":4},{"damage":2,"enemies":"Gensokyo:2_Kodama","floor":7,"turns":2},{"damage":6,"enemies":"Gensokyo:Mamizou","floor":8,"turns":4},{"damage":7,"enemies":"Gensokyo:Cirno","floor":10,"turns":4},{"damage":2,"enemies":"Gensokyo:Gryphon_and_Rabbit","floor":11,"turns":2},{"damage":6,"enemies":"Gensokyo:Aya","floor":12,"turns":4},{"damage":2,"enemies":"Gensokyo:LivingMonolith","floor":14,"turns":2},{"damage":17,"enemies":"Gensokyo:Reimu","floor":16,"turns":5},{"damage":4,"enemies":"Gensokyo:3_Dogs","floor":18,"turns":3},{"damage":27,"enemies":"Gensokyo:Chomper","floor":19,"turns":4},{"damage":24,"enemies":"Gensokyo:Wraith","floor":21,"turns":5},{"damage":46,"enemies":"Gensokyo:Swordslinger","floor":22,"turns":4},{"damage":26,"enemies":"Gensokyo:Reisen","floor":23,"turns":4},{"damage":5,"enemies":"Gensokyo:Chomper_and_Gloop","floor":24,"turns":4},{"damage":25,"enemies":"Gensokyo:Tenshi","floor":25,"turns":3},{"damage":37,"enemies":"Gensokyo:Wraith","floor":27,"turns":5},{"damage":90,"enemies":"Gensokyo:Koishi","floor":28,"turns":6},{"damage":78,"enemies":"Gensokyo:Eternal_Rivals","floor":33,"turns":3}],"seed_played":"23186594489891283","potions_obtained":[{"floor":5,"key":"Block Potion"},{"floor":6,"key":"Block Potion"},{"floor":22,"key":"Regen Potion"}],"is_trial":false,"path_per_floor":["M","?","COS","?","M","E","M","E","T","E","M","E","?","M","R","B",null,"M","M","$","M","M","E","M","E","T","M","E","?","$","?","R_BF","B"],"character_chosen":"IRONCLAD","items_purchased":["Adrenaline Potion"],"campfire_rested":1,"item_purchase_floors":[30],"current_hp_per_floor":[72,58,58,58,61,66,72,72,72,72,72,72,57,69,69,69,67,67,56,56,61,31,38,62,58,58,57,25,25,25,10,48,0,0],"gold":563,"neow_bonus":"REMOVE_TWO","is_daily":false,"chose_seed":false,"campfire_upgraded":0,"win_rate":0.0,"timestamp":1613279448,"path_taken":["M","?","COS","?","M","E","M","E","T","E","M","E","?","M","R","BOSS","M","M","$","?","M","E","M","E","T","M","E","?","$","?","R_BF","BOSS"],"items_purchased_type":["Potion"],"build_version":"2020-12-22","purchased_purges":3,"victory":false,"max_hp_per_floor":[72,72,72,72,72,72,72,72,72,72,72,72,72,72,72,72,67,67,67,67,67,67,70,73,76,76,79,79,79,79,79,79,79,79],"card_choices":[{"not_picked":["HalloweenModGhostCostume","HalloweenModCandy"],"picked":"HalloweenModTrick","floor":1},{"not_picked":["HalloweenModCandy","HalloweenModTrick","HalloweenModGhostCostume","HalloweenModTrick"],"picked":"HalloweenModGhostCostume","floor":5},{"not_picked":["HalloweenModTrick","HalloweenModGhostCostume","HalloweenModGhostCostume","HalloweenModCandy"],"picked":"HalloweenModCandy","floor":6},{"not_picked":["HalloweenModGhostCostume","HalloweenModCandy","HalloweenModTrick","HalloweenModTrick"],"picked":"HalloweenModTrick","floor":7},{"not_picked":["HalloweenModCandy","HalloweenModTrick","HalloweenModTrick","HalloweenModCandy"],"picked":"HalloweenModGhostCostume","floor":8},{"not_picked":["HalloweenModGhostCostume","HalloweenModTrick","HalloweenModTrick","HalloweenModCandy"],"picked":"HalloweenModCandy","floor":10},{"not_picked":["HalloweenModCandy","HalloweenModGhostCostume","HalloweenModCandy","HalloweenModCandy"],"picked":"HalloweenModTrick","floor":11},{"not_picked":["HalloweenModTrick","HalloweenModCandy","HalloweenModTrick","HalloweenModTrick"],"picked":"HalloweenModGhostCostume","floor":12},{"not_picked":["HalloweenModCandy","HalloweenModGhostCostume","HalloweenModTrick","HalloweenModGhostCostume"],"picked":"HalloweenModCandy","floor":14},{"not_picked":["HalloweenModCandy","HalloweenModTrick","HalloweenModGhostCostume","HalloweenModGhostCostume"],"picked":"HalloweenModGhostCostume","floor":16},{"not_picked":["HalloweenModGhostCostume","HalloweenModCandy","HalloweenModCandy","HalloweenModGhostCostume+1"],"picked":"HalloweenModTrick+1","floor":18},{"not_picked":["HalloweenModCandy","HalloweenModTrick+1","HalloweenModGhostCostume","HalloweenModGhostCostume","HalloweenModCandy"],"picked":"SKIP","floor":19},{"not_picked":["HalloweenModCandy+1","HalloweenModTrick","HalloweenModCandy","HalloweenModTrick+1"],"picked":"HalloweenModGhostCostume","floor":21},{"not_picked":["HalloweenModTrick+1","HalloweenModGhostCostume","HalloweenModCandy","HalloweenModCandy"],"picked":"HalloweenModCandy","floor":22},{"not_picked":["HalloweenModCandy","HalloweenModTrick+1","HalloweenModGhostCostume","HalloweenModCandy+1"],"picked":"HalloweenModGhostCostume+1","floor":23},{"not_picked":["HalloweenModCandy","HalloweenModTrick","HalloweenModGhostCostume","HalloweenModGhostCostume"],"picked":"HalloweenModGhostCostume","floor":24},{"not_picked":["HalloweenModCandy","HalloweenModTrick","HalloweenModGhostCostume","HalloweenModGhostCostume"],"picked":"HalloweenModCandy+1","floor":25},{"not_picked":["HalloweenModTrick","HalloweenModCandy","HalloweenModGhostCostume","HalloweenModCandy"],"picked":"HalloweenModCandy","floor":27},{"not_picked":["HalloweenModGhostCostume","HalloweenModCandy","HalloweenModTrick+1","HalloweenModTrick+1","HalloweenModCandy"],"picked":"SKIP","floor":28}],"player_experience":348295,"relics_obtained":[{"floor":1,"key":"SynthV:TestCard"},{"floor":6,"key":"Regal Pillow"},{"floor":8,"key":"Shuriken"},{"floor":10,"key":"War Paint"},{"floor":12,"key":"Darkstone Periapt"},{"floor":23,"key":"Replay:Ringing Soul"},{"floor":25,"key":"hubris:Teleporter"},{"floor":26,"key":"MawBank"},{"floor":28,"key":"GuppysHead"}],"event_choices":[{"damage_healed":0,"gold_gain":0,"player_choice":"Ignored","damage_taken":0,"max_hp_gain":0,"max_hp_loss":0,"event_name":"给自己的盒子","floor":4,"gold_loss":0}],"is_beta":false,"boss_relics":[{"not_picked":["hubris:CrackedHourglass","EE1DDrone"],"picked":"hubris:ScarierMask"},{"not_picked":[]}],"items_purged_floors":[17,20,30],"is_endless":false,"potions_floor_spawned":[5,6,7,11,21,22,23,28],"killed_by":"Gensokyo:Eternal_Rivals","ascension_level":11}}