{"host":"bp3tm7tvk8nf4kb2","time":1613344630,"event":{"mods":["2.2 Compatiblity","AchievementEnabler","BaseMod","Bestiary","Better Match","Better Third Choice","BetterRewards","Colored Map","Colored Powertips","Curses Come First","DeckTracker","Downfall","Duelist Mod","Friendly Minions","Googly Eyes","Halation","Highlight Path","Marisa????????","Minty Spire (QoL Compilation)","Morshu Shopkeeper - ENHANCED","Permanent Neow","Quick Restart","Rare Cards Sparkle","Reorder Act Four","Replay The Spire","Shop Mod","Spicy Shops","StSLib","The Animator","TheBandit","Waifu the Spire","Wide Potions","everything is the same but u backflip on backflip"],"gold_per_floor":[211,211,211,225,37,63,80,113,161,176,176,195,52,64,64,165,165,175,175,175,175,13,40,40,68,68,68,87,102,102,117,117,212,212,222,202,1,19,35,65,75,75,129,143,158,170,200,213,213,213,213,28,28,59,59,59],"floor_reached":55,"language":"ENG","playtime":5086,"items_purged":["Strike_B"],"score":831,"play_id":"ea1af2c7-8ce1-40f4-b2a5-4bd2a3260070","local_time":"20210214151710","is_ascension_mode":false,"campfire_choices":[{"data":"1","floor":11.0,"key":"LIFT"},{"data":"ReplayTheSpireMod:Calculation Training","floor":15.0,"key":"SMITH"},{"floor":27,"key":"REST"},{"data":"2","floor":30,"key":"LIFT"},{"data":"3","floor":32,"key":"LIFT"},{"floor":42,"key":"RECALL"},{"data":"Seek","floor":53,"key":"SMITH"}],"circlet_count":0,"master_deck":["Strike_B+1","Strike_B+2","Defend_B+2","Defend_B+1","Defend_B+1","Zap","Dualcast","ReplaySort","ReplayTheSpireMod:Calculation Training+1","Cold Snap","Rebound","Hologram","ReplayTheSpireMod:Reroute Power","Glacier","Steam Power","Electrodynamics","Fusion+1","Meteor Strike","Steam Power","Sweeping Beam","BasicCrystalCard","White Noise+1","Hologram","Tempest","Rebound+1","Multi-Cast","Coolheaded+1","Conserve Battery","Barrage","Chaos+1","BasicCrystalCard+1","Streamline+1","Seek+1","Turbo+1","Defragment+1","Hologram+1","ReplaySolidLightProjector","Rebound+1","Reinforced Body+1","Echo Form","Redo+1","Hello World+1","Skim"],"relics":["Cracked Core","halation:EternalFortune","halation:Convergence","Simple Rune","Girya","Centennial Puzzle","Philosopher\u0027s Stone","sneckomod:BabySnecko","Membership Card","Replay:Antivirus Software","Pet Ghost","FossilizedHelix","Empty Cage","Blue Doll","War Paint","Prayer Wheel","Happy Flower","Replay:Kaleidoscope","Runic Capacitor","Oddly Smooth Stone","Nunchaku"],"acts_visited":["Exordium","TheCity","TheBeyond","TheEnding"],"potions_floor_usage":[16,23,25,33,45,46,47,50,50,55],"damage_taken":[{"damage":2.0,"enemies":"Small Slimes","floor":1.0,"turns":3.0},{"damage":8.0,"enemies":"Jaw Worm","floor":4.0,"turns":3.0},{"damage":0.0,"enemies":"Lagavulin","floor":6.0,"turns":6.0},{"damage":2.0,"enemies":"Cultist","floor":7.0,"turns":3.0},{"damage":9.0,"enemies":"3 Sentries","floor":8.0,"turns":6.0},{"damage":4.0,"enemies":"Blue Slaver","floor":10.0,"turns":2.0},{"damage":7.0,"enemies":"Looter","floor":12.0,"turns":2.0},{"damage":0.0,"enemies":"3 Louse","floor":14.0,"turns":2.0},{"damage":19,"enemies":"Hexaghost","floor":16,"turns":10},{"damage":4,"enemies":"Shell Parasite","floor":18,"turns":3},{"damage":6,"enemies":"Gremlin Leader","floor":23,"turns":5},{"damage":26,"enemies":"Replay:Snechameleon","floor":25,"turns":4},{"damage":0,"enemies":"Spheric Guardian","floor":28,"turns":4},{"damage":0,"enemies":"3 Cultists","floor":29,"turns":2},{"damage":2,"enemies":"Centurion and Healer","floor":31,"turns":5},{"damage":42,"enemies":"Collector","floor":33,"turns":9},{"damage":2,"enemies":"Orb Walker","floor":35,"turns":3},{"damage":0,"enemies":"3 Shapes","floor":38,"turns":2},{"damage":0,"enemies":"Sphere and 2 Shapes","floor":39,"turns":3},{"damage":0,"enemies":"R_Hoarder","floor":40,"turns":8},{"damage":6,"enemies":"Maw","floor":41,"turns":6},{"damage":16,"enemies":"Writhing Mass","floor":44,"turns":5},{"damage":0,"enemies":"Transient","floor":45,"turns":5},{"damage":0,"enemies":"Maw","floor":46,"turns":7},{"damage":0,"enemies":"Nemesis","floor":47,"turns":7},{"damage":15,"enemies":"Jaw Worm Horde","floor":48,"turns":5},{"damage":33,"enemies":"Awakened One","floor":50,"turns":8},{"damage":12,"enemies":"Shield and Spear","floor":54,"turns":6},{"damage":79,"enemies":"The Heart","floor":55,"turns":3}],"seed_played":"1728785375747754451","potions_obtained":[{"floor":1.0,"key":"hexamod:SoulburnPotion"},{"floor":6.0,"key":"LifebloodPotion"},{"floor":7.0,"key":"SkillPotion"},{"floor":12.0,"key":"Energy Potion"},{"floor":18,"key":"bronze:BurnAndBuffPotion"},{"floor":28,"key":"Weak Potion"},{"floor":29,"key":"PowerPotion"},{"floor":35,"key":"SkillPotion"},{"floor":36,"key":"Weak Potion"},{"floor":38,"key":"Swift Potion"},{"floor":44,"key":"ColorlessPotion"},{"floor":45,"key":"Explosive Potion"},{"floor":49,"key":"bronze:BurnAndBuffPotion"},{"floor":49,"key":"CultistPotion"},{"floor":54,"key":"LifebloodPotion"}],"is_trial":false,"path_per_floor":["M","?","?","M","$","E","M","E","T","M","R","M","$","M","R","B",null,"M","?","?","?","$","E","?","E","T","R","M","M","R","M","R_BF","B",null,"M","?","$","M","M","E","M","R","T","M","M","M","E","M","R_BF","B",null,"$","R","E","B"],"character_chosen":"DEFECT","items_purchased":["Cold Snap","halation:Convergence","Electrodynamics","Membership Card","Sweeping Beam","Blue Doll","War Paint","ReplayTheSpireMod:Fabricate Wheel","Runic Capacitor","Oddly Smooth Stone","Hello World+1"],"campfire_rested":1,"item_purchase_floors":[5,5,13,22,22,37,37,37,52,52,52],"current_hp_per_floor":[73,76,76,68,68,68,66,57,57,53,53,46,46,46,46,27,78,74,74,74,74,74,68,53,27,27,51,51,54,54,52,52,10,86,84,84,84,84,84,84,78,78,78,65,65,65,65,50,50,17,89,89,89,77,0,0],"gold":59,"neow_bonus":"HUNDRED_GOLD","is_daily":false,"chose_seed":false,"campfire_upgraded":2,"win_rate":0.0,"timestamp":1613344630,"path_taken":["M","?","?","M","$","E","M","E","T","?","R","M","$","M","R","BOSS","M","?","?","?","$","E","?","E","T","R","M","M","R","M","R_BF","BOSS","M","?","$","?","M","E","M","R","T","M","M","M","E","M","R_BF","BOSS","$","R","E","BOSS"],"items_purchased_type":["Card","Relic","Card","Relic","Card","Relic","Relic","Card","Relic","Relic","Card"],"build_version":"2020-12-22","purchased_purges":1,"victory":false,"max_hp_per_floor":[75,78,78,78,78,78,78,78,78,78,78,78,78,78,78,78,78,78,78,78,78,78,78,83,83,83,83,83,86,86,86,86,86,86,86,86,86,86,86,86,86,86,86,89,89,89,89,89,89,89,89,89,89,89,89,89],"card_choices":[{"not_picked":["Ball Lightning","Rebound"],"picked":"ReplaySort","floor":1.0},{"not_picked":["Turbo","Coolheaded"],"picked":"ReplayTheSpireMod:Calculation Training","floor":4.0},{"not_picked":["All For One","Cold Snap"],"picked":"Rebound","floor":6.0},{"not_picked":["Rip and Tear","Redo"],"picked":"Hologram","floor":7.0},{"not_picked":["Panic Button","Leap"],"picked":"ReplayTheSpireMod:Reroute Power","floor":8.0},{"not_picked":["ReplayTheSpireMod:GoodbyeWorld","Hologram"],"picked":"Glacier","floor":10.0},{"not_picked":["ReplayGash","Stack"],"picked":"Steam Power","floor":12.0},{"not_picked":["Beam Cell","Panic Button"],"picked":"Fusion","floor":14.0},{"not_picked":["All For One","Echo Form"],"picked":"Meteor Strike","floor":16},{"not_picked":["Cold Snap","Steam"],"picked":"Steam Power","floor":18},{"not_picked":["Stack","Sweeping Beam"],"picked":"BasicCrystalCard","floor":23},{"not_picked":["ReplayTheSpireMod:Omega Cannon","Beam Cell"],"picked":"White Noise","floor":25},{"not_picked":["Gash","Leap"],"picked":"Hologram","floor":28},{"not_picked":["Ball Lightning+1","Hologram"],"picked":"Tempest","floor":29},{"not_picked":["Barrage","Gash+1"],"picked":"Rebound+1","floor":31},{"not_picked":["Machine Learning","Biased Cognition"],"picked":"Multi-Cast","floor":33},{"not_picked":["Leap+1","ReplayTheSpireMod:GoodbyeWorld"],"picked":"Coolheaded+1","floor":35},{"not_picked":["Leap","Coolheaded"],"picked":"Conserve Battery","floor":38},{"not_picked":["ReplayGash","Coolheaded"],"picked":"Barrage","floor":39},{"not_picked":["FTL+1","Storm"],"picked":"Chaos+1","floor":40},{"not_picked":["Rip and Tear","Darkness"],"picked":"BasicCrystalCard+1","floor":41},{"not_picked":["Conserve Battery+1","ReplayGash+1"],"picked":"Streamline+1","floor":41},{"not_picked":["Stack+1","Cold Snap+1"],"picked":"Seek","floor":44},{"not_picked":["Barrage+1","Compile Driver+1"],"picked":"Turbo+1","floor":44},{"not_picked":["Fusion+1","Skim+1"],"picked":"Defragment+1","floor":45},{"not_picked":["Go for the Eyes","Redo"],"picked":"Hologram+1","floor":45},{"not_picked":["Melter+1","Gash"],"picked":"ReplaySolidLightProjector","floor":46},{"not_picked":["Chaos","Beam Cell"],"picked":"Rebound+1","floor":46},{"not_picked":["Tempest","Rebound"],"picked":"Reinforced Body+1","floor":47},{"not_picked":["Cold Snap+1","Streamline+1"],"picked":"Echo Form","floor":48},{"not_picked":["Chaos+1","Cold Snap+1"],"picked":"Redo+1","floor":48},{"not_picked":["Heatsinks","Cold Snap"],"picked":"Skim","floor":54}],"player_experience":59112,"relics_obtained":[{"floor":6.0,"key":"Simple Rune"},{"floor":8.0,"key":"Girya"},{"floor":9.0,"key":"Centennial Puzzle"},{"floor":23,"key":"Replay:Antivirus Software"},{"floor":25,"key":"Pet Ghost"},{"floor":26,"key":"FossilizedHelix"},{"floor":29,"key":"halation:EternalFortune"},{"floor":40,"key":"Happy Flower"},{"floor":44,"key":"halation:EternalFortune"},{"floor":47,"key":"Replay:Kaleidoscope"},{"floor":54,"key":"Nunchaku"}],"event_choices":[{"cards_removed":["Strike_B"],"damage_healed":0.0,"max_hp_gain":0.0,"max_hp_loss":0.0,"gold_gain":0.0,"event_name":"Wheel of Change","player_choice":"Card Removal","floor":3.0,"gold_loss":0.0,"damage_taken":0.0},{"damage_healed":0,"gold_gain":0,"player_choice":"Simplicity","damage_taken":0,"max_hp_gain":0,"max_hp_loss":6,"event_name":"betterThird:BetterWriting","floor":19,"gold_loss":0},{"damage_healed":0,"gold_gain":0,"player_choice":"Shed Blood","damage_taken":20,"max_hp_gain":5,"max_hp_loss":0,"event_name":"Forgotten Altar","floor":24,"gold_loss":0},{"damage_healed":0,"gold_gain":0,"player_choice":"Bought 1 Potion","damage_taken":0,"max_hp_gain":0,"max_hp_loss":0,"event_name":"The Woman in Blue","floor":36,"gold_loss":0}],"is_beta":false,"boss_relics":[{"not_picked":["Abe\u0027s Treasure","Honey Jar"],"picked":"Philosopher\u0027s Stone"},{"not_picked":["Runic Dome","Replay:Wanted Poster"],"picked":"Empty Cage"}],"items_purged_floors":[5],"is_endless":false,"potions_floor_spawned":[1,6,7,12,18,28,29,35,38,44,45,54],"killed_by":"The Heart","ascension_level":0}}