{"host":"cpsutu8lprjuipd6","time":1613323322,"event":{"mods":["BaseMod","Colored Map","Minty Spire (QoL Compilation)","Permanent Neow","StSLib","SuperFastMode","The Bug Knight","Together in Spire"],"gold_per_floor":[115,115,135,145,169,183,193,211,238,119,134,134,134,134,134,235,235,251,276,292,309,309,309,324,341,416,435,435,446,446,463,463,559,559,572,572,572,572,584,612,612,612],"floor_reached":41,"language":"KOR","playtime":3518,"items_purged":[],"score":419,"play_id":"58ed87ab-d817-423c-be45-a226a94384cd","local_time":"20210215022202","is_ascension_mode":false,"campfire_choices":[{"data":"HollowMod:MothsMistake","floor":12,"key":"SMITH"},{"floor":15,"key":"REST"},{"floor":23,"key":"REST"},{"floor":32,"key":"REST"}],"circlet_count":0,"master_deck":["HollowMod:NailStrikeStart+1","HollowMod:NailStrikeStart","HollowMod:NailStrikeStart","HollowMod:QuickDashStart","HollowMod:QuickDashStart","HollowMod:QuickDashStart","HollowMod:FocusHealStart","HollowMod:PogoStrike","HollowMod:NewJinnsSoul","HollowMod:FallenFury","HollowMod:HowlingWraiths","HollowMod:NewLittleFool","HollowMod:PerfectDash","HollowMod:CycloneSlash","HollowMod:InfectedCysts+1","HollowMod:MothsMistake+1","HollowMod:InfectedCysts+1","HollowMod:ZotesMagnificence","HollowMod:HornetsHelp+1","HollowMod:QuirrelsAssistance+1","HollowMod:InfectedAttack","HollowMod:NewJinnsSoul","HollowMod:SiblingsSouls+1","HollowMod:SiblingsSouls+1","HollowMod:InfectedCysts","HollowMod:DashSlash","HollowMod:TaintedHusks","HollowMod:NewInfectedGuardian","HollowMod:BrokenVessel+1","Writhe","HollowMod:NewJinnsSoul+1","HollowMod:NewLittleFool+1","Parasite"],"relics":["HollowMod:VesselMask","Oddly Smooth Stone","HollowMod:MillibellesNoteRelic","Velvet Choker","Red Mask","Whetstone","Ornamental Fan","Enchiridion","SacredBark","Boot"],"acts_visited":["Exordium","TheCity","TheBeyond"],"potions_floor_usage":[8,33,33,33,41,41],"damage_taken":[{"damage":5,"enemies":"Small Slimes","floor":1,"turns":3},{"damage":6,"enemies":"Jaw Worm","floor":3,"turns":3},{"damage":0,"enemies":"2 Louse","floor":4,"turns":3},{"damage":4,"enemies":"Large Slime","floor":6,"turns":6},{"damage":11,"enemies":"Exordium Wildlife","floor":7,"turns":6},{"damage":8,"enemies":"Exordium Thugs","floor":8,"turns":5},{"damage":12,"enemies":"Blue Slaver","floor":11,"turns":4},{"damage":59,"enemies":"HollowMod:FalseKnight","floor":16,"turns":8},{"damage":18,"enemies":"Chosen","floor":18,"turns":4},{"damage":10,"enemies":"Masked Bandits","floor":19,"turns":3},{"damage":14,"enemies":"3 Byrds","floor":20,"turns":3},{"damage":0,"enemies":"Cultist and Chosen","floor":21,"turns":6},{"damage":18,"enemies":"Sentry and Sphere","floor":24,"turns":3},{"damage":4,"enemies":"Shelled Parasite and Fungi","floor":25,"turns":6},{"damage":9,"enemies":"Centurion and Healer","floor":27,"turns":4},{"damage":4,"enemies":"Snecko","floor":29,"turns":2},{"damage":8,"enemies":"Chosen and Byrds","floor":31,"turns":4},{"damage":28,"enemies":"Automaton","floor":33,"turns":9},{"damage":28,"enemies":"3 Darklings","floor":35,"turns":3},{"damage":8,"enemies":"3 Shapes","floor":39,"turns":2},{"damage":49,"enemies":"Nemesis","floor":40,"turns":7},{"damage":16,"enemies":"Writhing Mass","floor":41,"turns":5}],"seed_played":"7777499075400552613","potions_obtained":[{"floor":1,"key":"ColorlessPotion"},{"floor":7,"key":"Fire Potion"},{"floor":8,"key":"Swift Potion"},{"floor":11,"key":"Swift Potion"},{"floor":21,"key":"Swift Potion"},{"floor":33,"key":"FearPotion"},{"floor":39,"key":"Energy Potion"}],"is_trial":false,"path_per_floor":["M","?","M","M","T","M","M","M","T","$","M","R","?","?","R","B",null,"M","?","M","M","T","R","M","M","T","M","?","M","?","M","R","B",null,"M","?","?","?","M","E","M"],"character_chosen":"THE_BUGKNIGHT","items_purchased":["HollowMod:MothsMistake","HollowMod:InfectedCysts"],"campfire_rested":3,"item_purchase_floors":[10,10],"current_hp_per_floor":[70,75,69,75,75,71,60,52,52,52,46,46,46,46,70,17,80,62,58,44,44,44,68,50,52,52,43,43,39,23,21,45,23,80,52,52,72,72,64,15,0,0],"gold":612,"neow_bonus":"TRANSFORM_CARD","is_daily":false,"chose_seed":false,"campfire_upgraded":1,"win_rate":0.0,"timestamp":1613323322,"path_taken":["M","?","M","M","?","M","M","M","T","$","M","R","?","?","R","BOSS","M","?","M","M","?","R","M","M","T","?","?","?","?","M","R","BOSS","M","?","?","?","M","E","M"],"items_purchased_type":["Card","Card"],"build_version":"2020-12-22","purchased_purges":0,"victory":false,"max_hp_per_floor":[75,80,80,80,80,80,80,80,80,80,80,80,80,80,80,80,80,80,80,80,80,80,80,80,80,80,80,80,80,80,80,80,80,80,80,80,80,80,80,80,80,80],"card_choices":[{"not_picked":["HollowMod:DesolateDive","HollowMod:CoiledNail"],"picked":"HollowMod:FallenFury","floor":1},{"not_picked":["HollowMod:VengefulSpirit","HollowMod:SoulShaman"],"picked":"HollowMod:HowlingWraiths","floor":3},{"not_picked":["HollowMod:HowlingWraiths","HollowMod:DescendingDark"],"picked":"HollowMod:NewLittleFool","floor":4},{"not_picked":["HollowMod:BaldurShell","HollowMod:BlackTendrils"],"picked":"HollowMod:PerfectDash","floor":6},{"not_picked":["HollowMod:ShadowDash","HollowMod:GrimmsGift"],"picked":"HollowMod:CycloneSlash","floor":7},{"not_picked":["HollowMod:HowlingWraiths","HollowMod:Grubsong"],"picked":"HollowMod:InfectedCysts","floor":8},{"not_picked":["HollowMod:InfectedCysts","HollowMod:BaldurShell"],"picked":"HollowMod:ZotesMagnificence","floor":11},{"not_picked":["HollowMod:LordofShades","HollowMod:VoidDash"],"picked":"HollowMod:HornetsHelp","floor":16},{"not_picked":["HollowMod:GoodIntentions","HollowMod:DescendingDark+1"],"picked":"HollowMod:QuirrelsAssistance+1","floor":18},{"not_picked":["HollowMod:SiblingsShadow","HollowMod:ChannelNail"],"picked":"HollowMod:InfectedAttack","floor":19},{"not_picked":["HollowMod:HeavyBlow","HollowMod:GoodIntentions"],"picked":"HollowMod:NewJinnsSoul","floor":20},{"not_picked":["HollowMod:SharpenedShadows+1","HollowMod:ElderbugsWisdom"],"picked":"HollowMod:SiblingsSouls+1","floor":21},{"not_picked":["HollowMod:DescendingDark","HollowMod:MawleksShell"],"picked":"HollowMod:SiblingsSouls+1","floor":24},{"not_picked":["HollowMod:DoubleDash","HollowMod:VengefulVoid"],"picked":"HollowMod:InfectedCysts","floor":25},{"not_picked":["HollowMod:SharpenedNail","HollowMod:HeavyBlow"],"picked":"HollowMod:DashSlash","floor":27},{"not_picked":["HollowMod:MantisMark","HollowMod:GrimmsGift"],"picked":"HollowMod:InfectedCysts","floor":29},{"not_picked":["HollowMod:WraithStrike+1","HollowMod:SoulStrike"],"picked":"HollowMod:TaintedHusks","floor":31},{"not_picked":["HollowMod:LifebloodCore","HollowMod:Hiveblood"],"picked":"HollowMod:NewInfectedGuardian","floor":33},{"not_picked":["HollowMod:HeavyBlow+1","HollowMod:CrystalDash"],"picked":"HollowMod:BrokenVessel+1","floor":35},{"not_picked":["HollowMod:HowlingWraiths","HollowMod:GrimmsGift"],"picked":"HollowMod:NewJinnsSoul+1","floor":39},{"not_picked":["HollowMod:SharpenedShadows","HollowMod:DesolateDive"],"picked":"HollowMod:NewLittleFool+1","floor":40}],"player_experience":76092,"relics_obtained":[{"floor":5,"key":"Oddly Smooth Stone"},{"floor":9,"key":"HollowMod:MillibellesNoteRelic"},{"floor":19,"key":"Red Mask"},{"floor":22,"key":"Whetstone"},{"floor":26,"key":"Ornamental Fan"},{"floor":30,"key":"Enchiridion"},{"floor":40,"key":"Boot"}],"event_choices":[{"damage_healed":0,"gold_gain":0,"player_choice":"Donut","damage_taken":0,"max_hp_gain":5,"max_hp_loss":0,"event_name":"Big Fish","floor":2,"gold_loss":0},{"damage_healed":0,"gold_gain":0,"player_choice":"Grow","damage_taken":0,"max_hp_gain":0,"max_hp_loss":0,"event_name":"Living Wall","floor":13,"gold_loss":0,"cards_upgraded":["HollowMod:InfectedCysts"]},{"damage_healed":0,"gold_gain":0,"player_choice":"Fought Bandits","damage_taken":0,"max_hp_gain":0,"max_hp_loss":0,"event_name":"Masked Bandits","floor":19,"gold_loss":0},{"damage_healed":0,"gold_gain":0,"player_choice":"Upgraded","damage_taken":0,"max_hp_gain":0,"max_hp_loss":0,"event_name":"Upgrade Shrine","floor":28,"gold_loss":0,"cards_upgraded":["HollowMod:InfectedCysts"]},{"damage_healed":0,"gold_gain":0,"player_choice":"Obtained Book","damage_taken":16,"max_hp_gain":0,"max_hp_loss":0,"event_name":"Cursed Tome","floor":30,"gold_loss":0},{"cards_removed":["HollowMod:InfectedCysts"],"damage_healed":0,"gold_gain":0,"player_choice":"Removed Attack","damage_taken":0,"max_hp_gain":0,"max_hp_loss":0,"event_name":"Falling","floor":36,"gold_loss":0},{"damage_healed":20,"gold_gain":0,"player_choice":"Writhe","damage_taken":0,"max_hp_gain":0,"max_hp_loss":0,"event_name":"Winding Halls","floor":37,"gold_loss":0,"cards_obtained":["Writhe"]},{"damage_healed":0,"gold_gain":0,"player_choice":"Ignored","damage_taken":0,"max_hp_gain":0,"max_hp_loss":0,"event_name":"SecretPortal","floor":38,"gold_loss":0}],"is_beta":false,"boss_relics":[{"not_picked":["HollowMod:VoidIdolRelic","Philosopher\u0027s Stone"],"picked":"Velvet Choker"},{"not_picked":["Tiny House","Calling Bell"],"picked":"SacredBark"}],"items_purged_floors":[],"is_endless":false,"potions_floor_spawned":[1,7,8,11,21,24,31,33,39],"killed_by":"Writhing Mass","ascension_level":0}}