{"host":"egwexuw5uvnxf11j","time":1613284650,"event":{"mods":["2.2 Compatiblity","Aspiration","BaseMod","Better Note","Better Sensory Stone","Better Third Choice","Displayed Cursed Tome","Downfall","Hermit","Key Reminder","Koishi","Marisa????????","Minty Spire (QoL Compilation)","Quick Restart","Shade Mod","Spicy Shops","StSLib","The Construct","The Cursed","The Runesmith","The Senshi","The Servant 0.9.4","Transform Curses"],"gold_per_floor":[117,127,29,40,40,40,40,40,67,78,109,128,142,167,167,267,267,286,286,234,234,254,284,284,284,284],"floor_reached":25,"language":"ENG","playtime":1487,"items_purged":[],"score":294,"play_id":"26926586-48af-4213-85e4-32e570a9e680","local_time":"20210214013730","is_ascension_mode":true,"campfire_choices":[{"floor":6,"key":"RECALL"},{"floor":15,"key":"REST"},{"floor":24,"key":"REST"}],"circlet_count":0,"master_deck":["Strike_B","Strike_B","Strike_B","Strike_B","Defend_B+1","Defend_B","Defend_B","Defend_B+1","Zap","Dualcast","Cold Snap","Coolheaded","Ball Lightning","Static Discharge","Leap","Fusion","Regret","Rebound","Rebound","Ball Lightning","Stack","Beam Cell+1","Thunder Strike+1","Glacier","Cold Snap+1","Shame","Rip and Tear+1","Buffer"],"relics":["Cracked Core","keyreminder:keyreminder","theSenshi:SailorFukuRelic","aspiration:ChemicalBlood","aspiration:FetidBarrel","Molten Egg 2","aspiration:RunesmithSkillbook","Bronze Scales"],"acts_visited":["Exordium","TheCity"],"potions_floor_usage":[12,13,14,14,14,16,22,23,23,23],"damage_taken":[{"damage":0,"enemies":"Cultist","floor":1,"turns":4},{"damage":0,"enemies":"Small Slimes","floor":2,"turns":3},{"damage":0,"enemies":"2 Louse","floor":4,"turns":2},{"damage":16,"enemies":"Exordium Wildlife","floor":10,"turns":4},{"damage":23,"enemies":"3 Sentries","floor":11,"turns":8},{"damage":0,"enemies":"2 Fungi Beasts","floor":12,"turns":1},{"damage":18,"enemies":"Exordium Thugs","floor":13,"turns":4},{"damage":2,"enemies":"Gremlin Nob","floor":14,"turns":3},{"damage":16,"enemies":"Hexaghost","floor":16,"turns":10},{"damage":28,"enemies":"Shell Parasite","floor":18,"turns":7},{"damage":17,"enemies":"Chosen","floor":22,"turns":6},{"damage":26,"enemies":"Book of Stabbing","floor":23,"turns":5},{"damage":27,"enemies":"Gremlin Leader","floor":25,"turns":2}],"seed_played":"690128111184048005","potions_obtained":[{"floor":4,"key":"SteroidPotion"},{"floor":10,"key":"SpeedPotion"},{"floor":11,"key":"AttackPotion"},{"floor":12,"key":"AttackPotion"},{"floor":13,"key":"FocusPotion"},{"floor":14,"key":"PotionOfCapacity"},{"floor":18,"key":"DuplicationPotion"}],"is_trial":false,"path_per_floor":["M","M","$","M","$","R","?","?","T","M","E","M","M","E","R","B",null,"M","?","$","?","M","E","R","E"],"character_chosen":"DEFECT","items_purchased":["Static Discharge","Leap","Cold Snap+1"],"campfire_rested":2,"item_purchase_floors":[3,3,20],"current_hp_per_floor":[75,75,75,75,75,75,75,60,60,44,21,21,3,1,23,7,75,47,47,47,47,30,4,26,0,0],"gold":284,"neow_bonus":"THREE_CARDS","is_daily":false,"chose_seed":false,"campfire_upgraded":0,"win_rate":0.0,"timestamp":1613284650,"path_taken":["M","M","$","?","?","R","?","?","T","M","E","M","M","E","R","BOSS","M","?","$","?","M","E","R","E"],"items_purchased_type":["Card","Card","Card"],"build_version":"2020-12-22","purchased_purges":0,"victory":false,"max_hp_per_floor":[75,75,75,75,75,75,75,75,75,75,75,75,75,75,75,75,75,75,75,75,75,75,75,75,75,75],"card_choices":[{"not_picked":["Reprogram","Aggregate"],"picked":"Cold Snap","floor":0},{"not_picked":["Go for the Eyes","Barrage"],"picked":"Coolheaded","floor":1},{"not_picked":["Beam Cell","Reprogram"],"picked":"Ball Lightning","floor":2},{"not_picked":["Ball Lightning","Stack"],"picked":"Fusion","floor":4},{"not_picked":["Hello World","Storm"],"picked":"Rebound","floor":10},{"not_picked":["Leap","Recycle"],"picked":"Rebound","floor":11},{"not_picked":["Rebound","Coolheaded"],"picked":"Ball Lightning","floor":12},{"not_picked":["Hologram","Turbo"],"picked":"Stack","floor":13},{"not_picked":["Ball Lightning+1","Reboot"],"picked":"Beam Cell+1","floor":14},{"not_picked":["Echo Form","Creative AI"],"picked":"Thunder Strike+1","floor":16},{"not_picked":["Runesmith:ChargedHammer+1","Runesmith:ShiftingStrike+1","Runesmith:Repurpose"],"picked":"Glacier","floor":18},{"not_picked":["Hello World","Glacier","Storm"],"picked":"Rip and Tear+1","floor":22},{"not_picked":["Runesmith:Prism","Runesmith:BackupBattery+1","Runesmith:Firewall"],"picked":"Buffer","floor":23}],"player_experience":2074539,"relics_obtained":[{"floor":9,"key":"aspiration:ChemicalBlood"},{"floor":11,"key":"aspiration:FetidBarrel"},{"floor":14,"key":"Molten Egg 2"},{"floor":23,"key":"Bronze Scales"}],"event_choices":[{"damage_healed":0,"gold_gain":0,"player_choice":"Box","damage_taken":0,"relics_obtained":["theSenshi:SailorFukuRelic"],"max_hp_gain":0,"max_hp_loss":0,"event_name":"Big Fish","floor":7,"gold_loss":0,"cards_obtained":["Regret"]},{"damage_healed":75,"gold_gain":0,"player_choice":"Upgrade","damage_taken":15,"max_hp_gain":0,"max_hp_loss":75,"event_name":"betterThird:BetterShining","floor":8,"gold_loss":0,"cards_upgraded":["Defend_B","Defend_B"]},{"damage_healed":0,"gold_gain":0,"player_choice":"Ignored","damage_taken":0,"max_hp_gain":0,"max_hp_loss":0,"event_name":"Ghosts","floor":19,"gold_loss":0}],"is_beta":false,"boss_relics":[{"not_picked":["Inserter","Ectoplasm"],"picked":"aspiration:RunesmithSkillbook"}],"items_purged_floors":[],"is_endless":false,"potions_floor_spawned":[4,10,12,13,14,18],"killed_by":"Gremlin Leader","ascension_level":3}}