{"host":"0rxdudjy6rylha1k","time":1613325926,"event":{"mods":["Aspiration","BaseMod","Colored Map","Colored Powertips","Downfall","Highlight Path","Hubris","Minty Spire (QoL Compilation)","StSLib"],"gold_per_floor":[99,99,99,99,99,99,99,6,38,38,23,58,58,158,173,269,269,169,181,198,198,217,217,217,230,241,268,168,186,217,217,236,337,337,337,350,34,84,98,110,110,139,186,214,214,232,232,232,243,243,243,243],"floor_reached":50,"language":"ENG","playtime":8711,"items_purged":[],"score":859,"play_id":"a9de4b6e-b4a7-4f88-8b11-089312ab51c6","local_time":"20210214110526","is_ascension_mode":true,"campfire_choices":[{"data":"champ:Taunt","floor":1.0,"key":"SMITH"},{"floor":6.0,"key":"RECALL"},{"data":"champ:VampiricStrike","floor":13.0,"key":"SMITH"},{"data":"champ:ShieldWall","floor":18.0,"key":"SMITH"},{"data":"Noxious Fumes","floor":23.0,"key":"SMITH"},{"floor":28.0,"key":"REST"},{"data":"Venomology","floor":35.0,"key":"SMITH"},{"data":"1","floor":45.0,"key":"LIFT"},{"data":"2","floor":47.0,"key":"LIFT"}],"circlet_count":0,"master_deck":["champ:Strike","champ:Strike","champ:Defend","champ:Defend","champ:Defend","champ:Defend","champ:Execute","champ:Taunt+1","champ:FlashCut","champ:PreciseThrust","champ:Circumvent","champ:ShieldWall+1","champ:VampiricStrike+1","champ:LastStand","champ:Lariat","champ:FlashCut","champ:HeavySlash","Noxious Fumes+1","Escape Plan+1","Crippling Poison","champ:Improvising+1","Footwork+1","Deflect+1","champ:MurderStrike","champ:UltimateStance","Venomology+1","champ:Improvising+1","champ:DefensiveShout","Terror+1","Infinite Blades+1","champ:SwordSigil","Dagger Spray","A Thousand Cuts+1","champ:TornadoPunch","champ:IronFortress+1"],"relics":["champ:ChampionCrown","downfall:HeartsMalice","Slimebound:PreparedRelic","Bird Faced Urn","hubris:Metronome","downfall:GremlinWheel","aspiration:SilentSkillbook","downfall:HeartBlessingRed","hubris:Towel","Frozen Egg 2","aspiration:FetidBarrel","downfall:HeartBlessingGreen","Dream Catcher","Meat on the Bone","Busted Crown","aspiration:HatOfInfinitePower","FossilizedHelix","Girya","hubris:FunFungus","Ice Cream","Toy Ornithopter","Ornamental Fan"],"acts_visited":["Exordium","TheCity","TheBeyond"],"potions_floor_usage":[50,50,50,50],"damage_taken":[{"damage":0.0,"enemies":"Jaw Worm","floor":2.0,"turns":1.0},{"damage":0.0,"enemies":"Cultist","floor":3.0,"turns":1.0},{"damage":0.0,"enemies":"Small Slimes","floor":5.0,"turns":1.0},{"damage":10.0,"enemies":"downfall:FleeingMerchant","floor":8.0,"turns":4.0},{"damage":11.0,"enemies":"Lagavulin","floor":9.0,"turns":7.0},{"damage":12.0,"enemies":"downfall:FleeingMerchant","floor":11.0,"turns":4.0},{"damage":33.0,"enemies":"Gremlin Nob","floor":12.0,"turns":5.0},{"damage":15.0,"enemies":"Gremlin Nob","floor":14.0,"turns":4.0},{"damage":1.0,"enemies":"Blue Slaver","floor":15.0,"turns":4.0},{"damage":27.0,"enemies":"IC_STATUS_ARCHETYPE","floor":16.0,"turns":7.0},{"damage":12.0,"enemies":"Chosen","floor":19.0,"turns":4.0},{"damage":20.0,"enemies":"Shell Parasite","floor":20.0,"turns":5.0},{"damage":36.0,"enemies":"3 Cultists","floor":22.0,"turns":7.0},{"damage":6.0,"enemies":"Shelled Parasite and Fungi","floor":25.0,"turns":4.0},{"damage":24.0,"enemies":"Cultist and Chosen","floor":26.0,"turns":5.0},{"damage":64.0,"enemies":"Gremlin Leader","floor":27.0,"turns":6.0},{"damage":1.0,"enemies":"Snake Plant","floor":29.0,"turns":4.0},{"damage":28.0,"enemies":"Slavers","floor":30.0,"turns":6.0},{"damage":31.0,"enemies":"Snecko","floor":32.0,"turns":5.0},{"damage":19.0,"enemies":"DF_ARCHETYPE_CLAW","floor":33.0,"turns":7.0},{"damage":0.0,"enemies":"3 Shapes","floor":36.0,"turns":4.0},{"damage":0.0,"enemies":"downfall:FleeingMerchant","floor":37.0,"turns":4.0},{"damage":6.0,"enemies":"downfall:FleeingMerchant","floor":38.0,"turns":6.0},{"damage":0.0,"enemies":"Orb Walker","floor":39.0,"turns":3.0},{"damage":14.0,"enemies":"Jaw Worm Horde","floor":40.0,"turns":4.0},{"damage":54.0,"enemies":"Reptomancer","floor":42.0,"turns":5.0},{"damage":6.0,"enemies":"2 Orb Walkers","floor":43.0,"turns":5.0},{"damage":0.0,"enemies":"Giant Head","floor":44.0,"turns":6.0},{"damage":2.0,"enemies":"Transient","floor":46.0,"turns":5.0},{"damage":8.0,"enemies":"Sphere and 2 Shapes","floor":49.0,"turns":4.0},{"damage":141,"enemies":"SI_POISON_ARCHETYPE","floor":50,"turns":5}],"seed_played":"57565963257119254","potions_obtained":[{"floor":9.0,"key":"FearPotion"},{"floor":14.0,"key":"Weak Potion"},{"floor":16.0,"key":"sneckomod:MuddlingPotion"},{"floor":19.0,"key":"sneckomod:MuddlingPotion"},{"floor":27.0,"key":"SpeedPotion"},{"floor":32.0,"key":"ColorlessPotion"},{"floor":38.0,"key":"GamblersBrew"},{"floor":39.0,"key":"sneckomod:MuddlingPotion"},{"floor":46.0,"key":"SteroidPotion"}],"is_trial":false,"path_per_floor":["R","M","M","?","M","R","T","$","E","?","$","E","R","?","M","B",null,"R","M","M","?","M","R","T","M","M","E","R","M","E","T","M","B",null,"R","M","$","?","M","M","T","E","?","E","R","M","R","?","M","B"],"character_chosen":"THE_CHAMP","items_purchased":["champ:ShieldWall","aspiration:HatOfInfinitePower"],"campfire_rested":1,"item_purchase_floors":[8,37],"current_hp_per_floor":[81,81,81,81,81,81,81,81,80,80,80,67,67,54,55,32,76,76,76,70,70,48,90,90,84,86,30,57,64,46,46,38,51,80,80,90,90,90,90,82,82,52,60,80,80,88,88,88,90,0,0,0],"gold":243,"neow_bonus":"THREE_ENEMY_KILL","is_daily":false,"chose_seed":false,"campfire_upgraded":5,"win_rate":0.0,"timestamp":1613325926,"path_taken":["R","M","M","?","?","R","T","?","E","?","$","E","R","?","M","BOSS","R","M","M","?","M","R","T","M","M","E","R","M","E","?","M","BOSS","R","M","$","?","M","M","T","E","?","E","R","M","R","?","M","BOSS"],"items_purchased_type":["Card","Relic"],"build_version":"2020-12-22","purchased_purges":0,"victory":false,"max_hp_per_floor":[90,90,90,90,90,90,90,90,90,90,90,90,90,90,90,90,90,90,90,90,90,90,90,90,90,90,90,90,90,90,90,90,90,90,90,90,90,90,90,90,90,90,90,90,90,90,90,90,90,90,90,90],"card_choices":[{"not_picked":["champ:BerserkersShout","champ:FanOfKnives","champ:Endure"],"picked":"SKIP","floor":2.0},{"not_picked":["champ:FanOfKnives","champ:ShieldSigil"],"picked":"champ:FlashCut","floor":3.0},{"not_picked":["champ:FanOfKnives","champ:BerserkersShout"],"picked":"champ:PreciseThrust","floor":5.0},{"not_picked":["champ:Shatter","champ:EnGarde"],"picked":"champ:Circumvent","floor":8.0},{"not_picked":["champ:FocusedBerserking","champ:BerserkersShout"],"picked":"champ:VampiricStrike","floor":9.0},{"not_picked":["champ:Circumvent","champ:Duel","champ:FancyFootwork"],"picked":"SKIP","floor":11.0},{"not_picked":["champ:EnGarde","champ:DefensiveShout"],"picked":"champ:Lariat","floor":12.0},{"not_picked":["champ:Haymaker","champ:PreemptiveStrike"],"picked":"champ:FlashCut","floor":15.0},{"not_picked":["champ:SteelEdge","champ:SwordThrow"],"picked":"champ:HeavySlash","floor":16.0},{"not_picked":["champ:FlashCut","champ:DefensiveShout","Footwork"],"picked":"Noxious Fumes","floor":19.0},{"not_picked":["Reflex","champ:Shatter+1","Skewer"],"picked":"Escape Plan+1","floor":20.0},{"not_picked":["champ:FancyFootwork","Tactician","PiercingWail"],"picked":"Crippling Poison","floor":22.0},{"not_picked":["Well Laid Plans+1","champ:StanceDance","champ:ShieldSigil"],"picked":"champ:Improvising+1","floor":25.0},{"not_picked":["Predator+1","Concentrate+1","Deadly Poison"],"picked":"Footwork+1","floor":26.0},{"not_picked":["champ:FaceSlap","champ:CalledShot","champ:Parry"],"picked":"Deflect+1","floor":27.0},{"not_picked":["champ:Circumvent","champ:AdrenalArmor","champ:BerserkersShout+1"],"picked":"champ:MurderStrike","floor":29.0},{"not_picked":["champ:PerfectedStrike","champ:FanOfKnives","Blur+1"],"picked":"champ:UltimateStance","floor":30.0},{"not_picked":["Dagger Throw","Sucker Punch","hubris:SlightOfHand+1"],"picked":"Venomology","floor":32.0},{"not_picked":["champ:EnchantSword","Doppelganger","champ:SteelEdge"],"picked":"champ:Improvising+1","floor":33.0},{"not_picked":["champ:CrownThrow"],"picked":"champ:DefensiveShout","floor":36.0},{"not_picked":["champ:AdrenalArmor","champ:BringItOn"],"picked":"SKIP","floor":37.0},{"not_picked":["Backflip+1"],"picked":"Terror+1","floor":38.0},{"not_picked":["All Out Attack+1"],"picked":"Infinite Blades+1","floor":39.0},{"not_picked":["Flying Knee+1","champ:BerserkersShout+1"],"picked":"SKIP","floor":40.0},{"not_picked":["champ:PreemptiveStrike+1"],"picked":"champ:SwordSigil","floor":42.0},{"not_picked":["champ:BerserkersShout"],"picked":"Dagger Spray","floor":43.0},{"not_picked":["champ:BerserkersShout+1"],"picked":"A Thousand Cuts+1","floor":44.0},{"not_picked":["Finisher"],"picked":"champ:TornadoPunch","floor":46.0},{"not_picked":["champ:GutPunch+1"],"picked":"champ:IronFortress+1","floor":49.0}],"player_experience":2937434,"relics_obtained":[{"floor":7.0,"key":"Slimebound:PreparedRelic"},{"floor":9.0,"key":"Bird Faced Urn"},{"floor":12.0,"key":"hubris:Metronome"},{"floor":14.0,"key":"downfall:GremlinWheel"},{"floor":24.0,"key":"Frozen Egg 2"},{"floor":27.0,"key":"aspiration:FetidBarrel"},{"floor":30.0,"key":"Dream Catcher"},{"floor":31.0,"key":"Meat on the Bone"},{"floor":38.0,"key":"FossilizedHelix"},{"floor":41.0,"key":"Girya"},{"floor":42.0,"key":"hubris:FunFungus"},{"floor":43.0,"key":"Ice Cream"},{"floor":44.0,"key":"Toy Ornithopter"},{"floor":48.0,"key":"Ornamental Fan"}],"event_choices":[{"cards_removed":["champ:Strike"],"damage_healed":0.0,"max_hp_gain":0.0,"max_hp_loss":0.0,"gold_gain":0.0,"event_name":"Bonfire Elementals","player_choice":"Offered Basic","floor":4.0,"gold_loss":0.0,"damage_taken":0.0},{"damage_healed":0.0,"max_hp_gain":0.0,"max_hp_loss":0.0,"gold_gain":0.0,"cards_transformed":["champ:Strike"],"event_name":"Living Wall","player_choice":"Change","floor":10.0,"gold_loss":0.0,"damage_taken":0.0,"cards_obtained":["champ:LastStand"]},{"damage_healed":42.0,"max_hp_gain":0.0,"max_hp_loss":0.0,"gold_gain":0.0,"event_name":"Wheel of Change","player_choice":"Full Heal","floor":23.0,"gold_loss":0.0,"damage_taken":0.0},{"damage_healed":0.0,"max_hp_gain":0.0,"max_hp_loss":0.0,"gold_gain":0.0,"event_name":"Mysterious Sphere","player_choice":"Fight","floor":43.0,"gold_loss":0.0,"damage_taken":0.0}],"is_beta":false,"boss_relics":[{"not_picked":["Runic Dome","Pandora\u0027s Box"],"picked":"aspiration:SilentSkillbook"},{"not_picked":["Snecko Eye","SacredBark"],"picked":"Busted Crown"}],"items_purged_floors":[],"is_endless":false,"potions_floor_spawned":[9,14,16,19,27,32,38,39,46,49],"killed_by":"SI_POISON_ARCHETYPE","ascension_level":8}}