{"host":"q4axc00jr2bozlh9","time":1613327340,"event":{"mods":["AchievementEnabler","BaseMod","Bestiary","Colored Map","Colored Powertips","Curses Come First","Minty Spire (QoL Compilation)","Relic Stats","StSLib","SuperFastMode","UnlockEverythingMod"],"gold_per_floor":[117,133,150,133,145,177,177,202,276,117,131,131,31,41,41,143,143,158,169,44,44,69,98,197,197,197,197,209,226,256,273,273,374,374,385,385,92,102,113,113,130,145,199,24,24,49,49,99,99,99,99,99,3,32,32,32],"floor_reached":55,"language":"ENG","playtime":3413,"items_purged":["Doubt","Strike_R","Strike_R","Defend_R","Strike_R"],"score":799,"play_id":"60b547db-2bf2-487b-a013-d0cb72a958ad","local_time":"20210214192900","is_ascension_mode":false,"campfire_choices":[{"data":"Armaments","floor":7,"key":"SMITH"},{"floor":15,"key":"REST"},{"floor":25,"key":"REST"},{"floor":32,"key":"REST"},{"data":"True Grit","floor":40,"key":"SMITH"},{"floor":45,"key":"RECALL"},{"data":"Demon Form","floor":49,"key":"SMITH"},{"data":"Infernal Blade","floor":52,"key":"SMITH"}],"circlet_count":0,"master_deck":["Strike_R","Defend_R","Defend_R","Defend_R","Bash","Iron Wave","Infernal Blade+1","Entrench","Immolate","Armaments+1","Cleave","True Grit+1","Jack Of All Trades+1","Inflame","Reaper","Inflame","Ghostly Armor","Demon Form+1","Finesse"],"relics":["Burning Blood","Calipers","Pear","Letter Opener","Sundial","Runic Pyramid","MutagenicStrength","Happy Flower","FossilizedHelix","Bag of Preparation","Potion Belt","Coffee Dripper","Omamori","StrikeDummy","Darkstone Periapt","Pocketwatch","Eternal Feather"],"acts_visited":["Exordium","TheCity","TheBeyond","TheEnding"],"potions_floor_usage":[6,6,8,16,19,23,30,54,54,55,55,55],"damage_taken":[{"damage":8,"enemies":"Jaw Worm","floor":1,"turns":4},{"damage":2,"enemies":"2 Louse","floor":2,"turns":3},{"damage":0,"enemies":"Small Slimes","floor":3,"turns":3},{"damage":15,"enemies":"Exordium Thugs","floor":4,"turns":4},{"damage":0,"enemies":"3 Louse","floor":5,"turns":1},{"damage":3,"enemies":"3 Sentries","floor":6,"turns":3},{"damage":27,"enemies":"Gremlin Nob","floor":8,"turns":5},{"damage":11,"enemies":"Red Slaver","floor":11,"turns":3},{"damage":13,"enemies":"Exordium Thugs","floor":14,"turns":3},{"damage":33,"enemies":"Slime Boss","floor":16,"turns":8},{"damage":25,"enemies":"2 Thieves","floor":18,"turns":5},{"damage":14,"enemies":"Spheric Guardian","floor":19,"turns":4},{"damage":68,"enemies":"Book of Stabbing","floor":23,"turns":6},{"damage":16,"enemies":"Centurion and Healer","floor":28,"turns":4},{"damage":14,"enemies":"Sentry and Sphere","floor":29,"turns":4},{"damage":32,"enemies":"Slavers","floor":30,"turns":4},{"damage":0,"enemies":"Snecko","floor":31,"turns":6},{"damage":0,"enemies":"Champ","floor":33,"turns":25},{"damage":0,"enemies":"3 Shapes","floor":35,"turns":2},{"damage":9,"enemies":"Orb Walker","floor":38,"turns":5},{"damage":6,"enemies":"Spire Growth","floor":39,"turns":5},{"damage":0,"enemies":"Sphere and 2 Shapes","floor":41,"turns":5},{"damage":29,"enemies":"3 Darklings","floor":42,"turns":4},{"damage":0,"enemies":"Giant Head","floor":46,"turns":9},{"damage":65,"enemies":"2 Orb Walkers","floor":48,"turns":6},{"damage":24,"enemies":"Time Eater","floor":50,"turns":14},{"damage":59,"enemies":"Shield and Spear","floor":54,"turns":9},{"damage":62,"enemies":"The Heart","floor":55,"turns":2}],"seed_played":"8440476645255026439","potions_obtained":[{"floor":1,"key":"EntropicBrew"},{"floor":2,"key":"LiquidMemories"},{"floor":3,"key":"Fire Potion"},{"floor":5,"key":"BlessingOfTheForge"},{"floor":11,"key":"EssenceOfSteel"},{"floor":18,"key":"CultistPotion"},{"floor":19,"key":"SkillPotion"},{"floor":33,"key":"ElixirPotion"},{"floor":35,"key":"BloodPotion"},{"floor":41,"key":"GamblersBrew"},{"floor":48,"key":"SpeedPotion"},{"floor":54,"key":"PowerPotion"}],"is_trial":false,"path_per_floor":["M","M","M","M","M","E","R","E","T","$","M","?","$","M","R","B",null,"M","M","$","?","T","E","?","R","T","?","M","M","E","M","R","B",null,"M","?","$","M","M","R","M","M","T","$","R","E","T","?","R","B",null,"R","$","E","B"],"character_chosen":"IRONCLAD","items_purchased":["Jack Of All Trades","Omamori","Finesse"],"campfire_rested":3,"item_purchase_floors":[10,37,53],"current_hp_per_floor":[78,80,80,71,77,90,90,69,69,69,64,64,64,57,84,57,90,76,75,75,75,75,20,20,47,47,47,46,46,38,48,75,87,90,90,90,90,87,87,87,90,81,81,81,81,90,90,43,43,25,90,90,90,55,0,0],"gold":32,"neow_bonus":"ONE_RARE_RELIC","is_daily":false,"chose_seed":false,"campfire_upgraded":4,"win_rate":0.0,"timestamp":1613327340,"path_taken":["M","M","M","M","M","E","R","E","T","$","M","?","$","M","R","BOSS","M","M","$","?","?","E","?","R","T","?","M","M","E","?","R","BOSS","M","?","$","?","M","R","M","M","T","$","R","E","?","?","R","BOSS","R","$","E","BOSS"],"items_purchased_type":["Card","Relic","Card"],"build_version":"2020-12-22","purchased_purges":5,"victory":false,"max_hp_per_floor":[80,80,80,80,80,90,90,90,90,90,90,90,90,90,90,90,90,90,90,90,90,90,90,90,90,90,90,90,90,90,90,90,90,90,90,90,90,90,90,90,90,90,90,90,90,90,90,90,90,90,90,90,90,90,90,90],"relic_stats":{"Darkstone Periapt":0,"Happy Flower":[36],"counters":[28,156],"Sundial":[38],"Eternal Feather":0,"Bag of Preparation":[30],"Letter Opener":[270],"obtain_stats":[{"Potion Belt":30,"Darkstone Periapt":47,"Calipers":0,"Pear":6,"Happy Flower":22,"Eternal Feather":54,"Bag of Preparation":26,"Omamori":37,"Letter Opener":8,"Burning Blood":0,"Sundial":9,"MutagenicStrength":21,"Coffee Dripper":34,"StrikeDummy":46,"FossilizedHelix":23,"Runic Pyramid":17,"Pocketwatch":48},{"Potion Belt":16,"Darkstone Periapt":24,"Calipers":0,"Pear":6,"Happy Flower":12,"Eternal Feather":27,"Bag of Preparation":13,"Omamori":19,"Letter Opener":7,"Burning Blood":0,"Sundial":7,"MutagenicStrength":12,"Coffee Dripper":18,"StrikeDummy":24,"FossilizedHelix":13,"Runic Pyramid":10,"Pocketwatch":25},{"Potion Belt":64,"Darkstone Periapt":125,"Calipers":0,"Pear":18,"Happy Flower":46,"Eternal Feather":154,"Bag of Preparation":52,"Omamori":97,"Letter Opener":23,"Burning Blood":0,"Sundial":23,"MutagenicStrength":46,"Coffee Dripper":95,"StrikeDummy":125,"FossilizedHelix":52,"Runic Pyramid":37,"Pocketwatch":131}],"Burning Blood":139,"Pocketwatch":[7]},"card_choices":[{"not_picked":["Pommel Strike","Sword Boomerang"],"picked":"Iron Wave","floor":1},{"not_picked":["Iron Wave","Inflame"],"picked":"Infernal Blade","floor":2},{"not_picked":["Anger","Perfected Strike"],"picked":"Entrench","floor":3},{"not_picked":["Clash","Rampage"],"picked":"Immolate","floor":4},{"not_picked":["Warcry","Infernal Blade"],"picked":"Armaments","floor":5},{"not_picked":["Dual Wield","Perfected Strike"],"picked":"Cleave","floor":6},{"not_picked":["Shockwave","Ghostly Armor"],"picked":"True Grit","floor":8},{"not_picked":["Seeing Red","Combust"],"picked":"Inflame","floor":11},{"not_picked":["Armaments","Heavy Blade","Clash"],"picked":"SKIP","floor":14},{"not_picked":["Double Tap","Immolate"],"picked":"Reaper","floor":16},{"not_picked":["Headbutt","Body Slam","Iron Wave+1"],"picked":"SKIP","floor":18},{"not_picked":["Headbutt","Havoc"],"picked":"Inflame","floor":19},{"not_picked":["Pommel Strike","Wild Strike","Headbutt"],"picked":"SKIP","floor":23},{"not_picked":["Armaments+1","Cleave","Fiend Fire"],"picked":"SKIP","floor":28},{"not_picked":["Bloodletting","Body Slam","Rupture+1"],"picked":"SKIP","floor":29},{"not_picked":["True Grit","Wild Strike"],"picked":"Ghostly Armor","floor":30},{"not_picked":["Havoc","Twin Strike","True Grit"],"picked":"SKIP","floor":31},{"not_picked":["Juggernaut","Offering"],"picked":"Demon Form","floor":33},{"not_picked":["Combust+1","Power Through","Twin Strike"],"picked":"SKIP","floor":35},{"not_picked":["Sever Soul","Warcry+1","Iron Wave"],"picked":"SKIP","floor":38},{"not_picked":["Carnage+1","Heavy Blade","Pommel Strike"],"picked":"SKIP","floor":39},{"not_picked":["Heavy Blade","Reaper","Inflame"],"picked":"SKIP","floor":41},{"not_picked":["Thunderclap+1","Body Slam+1","Heavy Blade+1"],"picked":"SKIP","floor":42},{"not_picked":["Blood for Blood","Thunderclap+1","Second Wind"],"picked":"SKIP","floor":46},{"not_picked":["Ghostly Armor+1","True Grit+1","Blood for Blood"],"picked":"SKIP","floor":54}],"player_experience":258168,"relics_obtained":[{"floor":6,"key":"Pear"},{"floor":8,"key":"Letter Opener"},{"floor":9,"key":"Sundial"},{"floor":22,"key":"Happy Flower"},{"floor":23,"key":"FossilizedHelix"},{"floor":26,"key":"Bag of Preparation"},{"floor":30,"key":"Potion Belt"},{"floor":46,"key":"StrikeDummy"},{"floor":47,"key":"Darkstone Periapt"},{"floor":48,"key":"Pocketwatch"},{"floor":54,"key":"Eternal Feather"}],"event_choices":[{"cards_removed":["Strike_R"],"damage_healed":0,"gold_gain":0,"player_choice":"Forget","damage_taken":0,"max_hp_gain":0,"max_hp_loss":0,"event_name":"Living Wall","floor":12,"gold_loss":0},{"damage_healed":0,"gold_gain":0,"player_choice":"Inject Mutagens","damage_taken":0,"relics_obtained":["MutagenicStrength"],"max_hp_gain":0,"max_hp_loss":0,"event_name":"Drug Dealer","floor":21,"gold_loss":0},{"damage_healed":0,"gold_gain":99,"player_choice":"Stole From Cult","damage_taken":0,"max_hp_gain":0,"max_hp_loss":0,"event_name":"Nest","floor":24,"gold_loss":0},{"damage_healed":0,"gold_gain":0,"player_choice":"Upgraded","damage_taken":0,"max_hp_gain":0,"max_hp_loss":0,"event_name":"Upgrade Shrine","floor":27,"gold_loss":0,"cards_upgraded":["Jack Of All Trades"]},{"damage_healed":0,"gold_gain":0,"player_choice":"Full Heal","damage_taken":0,"max_hp_gain":0,"max_hp_loss":0,"event_name":"Wheel of Change","floor":36,"gold_loss":0},{"damage_healed":0,"gold_gain":0,"player_choice":"Fight","damage_taken":0,"max_hp_gain":0,"max_hp_loss":0,"event_name":"Mysterious Sphere","floor":48,"gold_loss":0}],"is_beta":false,"boss_relics":[{"not_picked":["Snecko Eye","Black Blood"],"picked":"Runic Pyramid"},{"not_picked":["Mark of Pain","Cursed Key"],"picked":"Coffee Dripper"}],"items_purged_floors":[10,13,20,37,44],"is_endless":false,"potions_floor_spawned":[1,2,3,5,11,18,19,33,35,41,48,54],"killed_by":"The Heart","ascension_level":0}}