{"host":"x665ekuy0qorxtwt","time":1613302055,"event":{"mods":["AchievementEnabler","BaseMod","Bestiary","Colored Map","Colored Powertips","Minty Spire (QoL Compilation)"],"gold_per_floor":[115,135,147,160,160,171,198,210,210,175,194,73,73,90,90,193,193,208,219,239,252,6,6,37,37,37,37,37,37,37,49,49,145,145,158,178,78,96,107,107,107,123,149,24,24,42,67,87,87,87],"floor_reached":51,"language":"ENG","playtime":3210,"items_purged":["Strike_P","Strike_P+1","Writhe"],"score":675,"play_id":"b95a9216-5465-45af-8392-67e8854d25fb","local_time":"20210214032735","is_ascension_mode":false,"campfire_choices":[{"data":"Devotion","floor":15,"key":"SMITH"},{"data":"LessonLearned","floor":23,"key":"SMITH"},{"data":"Eruption","floor":28,"key":"SMITH"},{"data":"Vigilance","floor":30,"key":"SMITH"},{"data":"Prostrate","floor":32,"key":"SMITH"},{"data":"Alpha","floor":41,"key":"SMITH"},{"floor":45,"key":"REST"},{"floor":49,"key":"REST"}],"circlet_count":0,"master_deck":["Strike_P+1","Strike_P+1","Defend_P+1","Defend_P+1","Defend_P+1","Defend_P+1","Eruption+1","Vigilance+1","Judgement+1","FlurryOfBlows+1","Devotion+1","Prostrate+1","Prostrate+1","DeusExMachina+1","Consecrate+1","LessonLearned+1","ClearTheMind+1","Brilliance+1","Alpha+1","JustLucky+1"],"relics":["PureWater","Thread and Needle","Meat on the Bone","VioletLotus","Oddly Smooth Stone","Tiny Chest","Busted Crown","Juzu Bracelet","Orichalcum"],"acts_visited":["Exordium","TheCity","TheBeyond"],"potions_floor_usage":[4,4,7,7,7,7,16,16,36,50],"damage_taken":[{"damage":0,"enemies":"Cultist","floor":1,"turns":2},{"damage":0,"enemies":"Jaw Worm","floor":2,"turns":1},{"damage":2,"enemies":"2 Louse","floor":3,"turns":2},{"damage":3,"enemies":"Large Slime","floor":4,"turns":3},{"damage":4,"enemies":"Exordium Wildlife","floor":6,"turns":4},{"damage":56,"enemies":"Gremlin Nob","floor":7,"turns":6},{"damage":0,"enemies":"3 Louse","floor":8,"turns":2},{"damage":0,"enemies":"Blue Slaver","floor":11,"turns":2},{"damage":0,"enemies":"Looter","floor":14,"turns":2},{"damage":37,"enemies":"The Guardian","floor":16,"turns":10},{"damage":1,"enemies":"2 Thieves","floor":18,"turns":4},{"damage":34,"enemies":"Shell Parasite","floor":19,"turns":7},{"damage":24,"enemies":"Snake Plant","floor":20,"turns":5},{"damage":11,"enemies":"Snecko","floor":21,"turns":6},{"damage":32,"enemies":"Slavers","floor":24,"turns":4},{"damage":0,"enemies":"3 Cultists","floor":31,"turns":6},{"damage":32,"enemies":"Automaton","floor":33,"turns":8},{"damage":9,"enemies":"3 Shapes","floor":35,"turns":4},{"damage":8,"enemies":"3 Darklings","floor":36,"turns":7},{"damage":13,"enemies":"4 Shapes","floor":38,"turns":6},{"damage":39,"enemies":"Spire Growth","floor":39,"turns":6},{"damage":11,"enemies":"Transient","floor":42,"turns":5},{"damage":6,"enemies":"Sphere and 2 Shapes","floor":46,"turns":3},{"damage":24,"enemies":"Writhing Mass","floor":48,"turns":6},{"damage":134,"enemies":"Time Eater","floor":50,"turns":9}],"seed_played":"-5002852328299394985","potions_obtained":[{"floor":2,"key":"DistilledChaos"},{"floor":3,"key":"Fruit Juice"},{"floor":4,"key":"EssenceOfSteel"},{"floor":5,"key":"Explosive Potion"},{"floor":5,"key":"SpeedPotion"},{"floor":5,"key":"EntropicBrew"},{"floor":11,"key":"SkillPotion"},{"floor":14,"key":"Fruit Juice"},{"floor":18,"key":"DuplicationPotion"},{"floor":31,"key":"Explosive Potion"},{"floor":36,"key":"EntropicBrew"},{"floor":42,"key":"SneckoOil"}],"is_trial":false,"path_per_floor":["M","M","M","M","?","M","E","M","T","?","M","$","?","M","R","B",null,"M","M","M","M","$","R","E","$","T","?","R","?","R","M","R","B",null,"M","M","$","M","M","?","R","M","T","$","R","M","T","M","R","B",null],"character_chosen":"WATCHER","items_purchased":["Consecrate","Brilliance","FairyPotion"],"campfire_rested":2,"item_purchase_floors":[12,22,22],"current_hp_per_floor":[72,72,70,72,72,68,12,12,12,31,43,43,43,43,43,23,82,81,47,35,36,36,36,16,16,16,43,43,43,43,43,43,23,82,73,65,65,52,25,46,46,47,47,47,71,65,65,53,77,36],"gold":87,"neow_bonus":"ONE_RANDOM_RARE_CARD","is_daily":false,"chose_seed":false,"campfire_upgraded":6,"win_rate":0.0,"timestamp":1613302055,"path_taken":["M","M","M","M","?","?","E","M","T","?","M","?","?","M","R","BOSS","M","M","M","M","$","R","E","$","T","?","R","?","R","M","R","BOSS","M","M","$","M","M","?","R","M","T","$","R","M","?","M","R","BOSS"],"items_purchased_type":["Card","Card","Potion"],"build_version":"2020-12-22","purchased_purges":3,"victory":true,"max_hp_per_floor":[72,72,72,77,77,77,77,77,77,77,77,77,77,77,77,82,82,82,82,82,82,82,82,82,82,82,82,82,82,82,82,82,82,82,82,82,82,82,82,82,82,82,82,82,82,82,82,82,82,82],"card_choices":[{"not_picked":["ClearTheMind","EmptyFist"],"picked":"FlurryOfBlows","floor":1},{"not_picked":["Perseverance","Weave","Evaluate"],"picked":"SKIP","floor":2},{"not_picked":["FlurryOfBlows","WindmillStrike"],"picked":"Devotion","floor":3},{"not_picked":["ReachHeaven","CutThroughFate"],"picked":"Prostrate","floor":4},{"not_picked":["Adaptation","ClearTheMind"],"picked":"Prostrate","floor":6},{"not_picked":["Prostrate","ThirdEye","EmptyFist"],"picked":"SKIP","floor":7},{"not_picked":["ClearTheMind","WaveOfTheHand","EmptyBody"],"picked":"SKIP","floor":8},{"not_picked":["CutThroughFate","Collect"],"picked":"DeusExMachina","floor":11},{"not_picked":["FlurryOfBlows","SashWhip","EmptyFist"],"picked":"SKIP","floor":14},{"not_picked":["Omniscience","Ragnarok"],"picked":"LessonLearned","floor":16},{"not_picked":["EmptyBody","CrushJoints","Crescendo"],"picked":"SKIP","floor":18},{"not_picked":["Tantrum","EmptyFist+1","ClearTheMind"],"picked":"SKIP","floor":19},{"not_picked":["Study","Wireheading","Evaluate"],"picked":"SKIP","floor":20},{"not_picked":["WaveOfTheHand","EmptyBody"],"picked":"ClearTheMind+1","floor":21},{"not_picked":["WaveOfTheHand","SashWhip","Vengeance+1"],"picked":"SKIP","floor":24},{"not_picked":["BowlingBash","CrushJoints","ReachHeaven"],"picked":"SKIP","floor":31},{"not_picked":["Vault","Ragnarok"],"picked":"Alpha","floor":33},{"not_picked":[],"picked":"JustLucky+1","floor":35},{"not_picked":["Nirvana+1"],"picked":"SKIP","floor":36},{"not_picked":["EmptyFist"],"picked":"SKIP","floor":38},{"not_picked":["Halt"],"picked":"SKIP","floor":39},{"not_picked":["Protect+1"],"picked":"SKIP","floor":42},{"not_picked":["FlurryOfBlows+1"],"picked":"SKIP","floor":46},{"not_picked":["ClearTheMind+1"],"picked":"SKIP","floor":48},{"not_picked":["ClearTheMind+1"],"picked":"SKIP","floor":48}],"player_experience":213418,"relics_obtained":[{"floor":7,"key":"Thread and Needle"},{"floor":9,"key":"Meat on the Bone"},{"floor":24,"key":"Oddly Smooth Stone"},{"floor":26,"key":"Tiny Chest"},{"floor":43,"key":"Juzu Bracelet"},{"floor":47,"key":"Orichalcum"}],"event_choices":[{"damage_healed":0,"gold_gain":0,"player_choice":"Got Potions","damage_taken":0,"max_hp_gain":0,"max_hp_loss":0,"event_name":"Lab","floor":5,"gold_loss":0},{"damage_healed":19,"gold_gain":0,"player_choice":"Healed","damage_taken":0,"max_hp_gain":0,"max_hp_loss":0,"event_name":"The Cleric","floor":10,"gold_loss":35},{"damage_healed":0,"gold_gain":0,"player_choice":"Grow","damage_taken":0,"max_hp_gain":0,"max_hp_loss":0,"event_name":"Living Wall","floor":13,"gold_loss":0,"cards_upgraded":["Judgement"]},{"damage_healed":27,"gold_gain":0,"player_choice":"Heal","damage_taken":0,"max_hp_gain":0,"max_hp_loss":0,"event_name":"The Library","floor":27,"gold_loss":0},{"damage_healed":0,"gold_gain":0,"player_choice":"Simplicity","damage_taken":0,"max_hp_gain":0,"max_hp_loss":0,"event_name":"Back to Basics","floor":29,"gold_loss":0,"cards_upgraded":["Strike_P","Strike_P","Strike_P","Defend_P","Defend_P","Defend_P","Defend_P"]},{"damage_healed":21,"gold_gain":0,"player_choice":"Writhe","damage_taken":0,"max_hp_gain":0,"max_hp_loss":0,"event_name":"Winding Halls","floor":40,"gold_loss":0,"cards_obtained":["Writhe"]}],"is_beta":false,"boss_relics":[{"not_picked":["SlaversCollar","Calling Bell"],"picked":"VioletLotus"},{"not_picked":["HolyWater","Snecko Eye"],"picked":"Busted Crown"}],"items_purged_floors":[12,37,44],"is_endless":false,"potions_floor_spawned":[2,3,4,6,11,14,18,24,31,36,38,42,48],"ascension_level":0}}