{"host":"kfzb6d1vwx0oeud7","time":1613330683,"event":{"mods":["BaseMod","Colored Map","Colored Powertips","Infinite Spire","Marisa????????","Minty Spire (QoL Compilation)","Remilia??????","StSLib","The Cursed","The Disciple","The Servant 0.9.4"],"gold_per_floor":[13,29,46,56,21,21,35,53,53,63,63,63,74,91,91,194,194,204,204,222,239,239,239,255,255,255,255,269,269,269],"floor_reached":29,"language":"ENG","playtime":4098,"items_purged":[],"score":223,"play_id":"e114d9c9-5d5e-43b8-a83d-4831f9abc8e6","local_time":"20210214142443","is_ascension_mode":false,"campfire_choices":[{"data":"Tools of the Trade","floor":6,"key":"SMITH"},{"floor":12,"key":"REST"},{"data":"Infinite Blades","floor":15,"key":"SMITH"},{"floor":23,"key":"REST"}],"circlet_count":0,"master_deck":["Strike_G","Strike_G","Strike_G","Strike_G","Defend_G","Defend_G","Defend_G","Defend_G","Survivor","Neutralize","Tools of the Trade+1","Blur","Cloak And Dagger","Dodge and Roll","Accuracy","PiercingWail","Underhanded Strike","Infinite Blades","Heel Hook","Infinite Blades+1","Underhanded Strike+1","Die Die Die+1","Reflex","Blur+1","Heel Hook+1","Finisher+1","Pain","Underhanded Strike+1"],"relics":["Ring of the Snake","infinitespire:ShieldingShard","Molten Egg 2","Black Star","StrikeDummy","Shuriken","WarpedTongs"],"acts_visited":["Exordium","TheCity"],"potions_floor_usage":[16,16,16,21,28],"damage_taken":[{"damage":7,"enemies":"Jaw Worm","floor":1,"turns":7},{"damage":0,"enemies":"2 Louse","floor":2,"turns":4},{"damage":3,"enemies":"Cultist","floor":3,"turns":6},{"damage":5,"enemies":"3 Louse","floor":4,"turns":7},{"damage":1,"enemies":"Looter","floor":7,"turns":5},{"damage":10,"enemies":"Lots of Slimes","floor":8,"turns":7},{"damage":5,"enemies":"Gremlin Gang","floor":10,"turns":5},{"damage":0,"enemies":"Exordium Wildlife","floor":13,"turns":3},{"damage":0,"enemies":"3 Louse","floor":14,"turns":5},{"damage":5,"enemies":"Hexaghost","floor":16,"turns":8},{"damage":8,"enemies":"Spheric Guardian","floor":18,"turns":4},{"damage":15,"enemies":"3 Byrds","floor":20,"turns":5},{"damage":8,"enemies":"Shelled Parasite and Fungi","floor":21,"turns":7},{"damage":1,"enemies":"3 Cultists","floor":24,"turns":5},{"damage":21,"enemies":"Centurion and Healer","floor":28,"turns":6},{"damage":39,"enemies":"Nightmare","floor":29,"turns":7}],"seed_played":"-6447421353477905133","potions_obtained":[{"floor":2,"key":"PowerPotion"},{"floor":7,"key":"LiquidMemories"},{"floor":8,"key":"DuplicationPotion"},{"floor":13,"key":"EssenceOfSteel"},{"floor":14,"key":"CunningPotion"},{"floor":18,"key":"Dexterity Potion"},{"floor":20,"key":"Dexterity Potion"}],"is_trial":false,"path_per_floor":["M","M","M","M","?","R","M","M","T","M","?","R","M","M","R","B",null,"M","?","M","M","?","R","M","?","T","?","M","NM"],"character_chosen":"THE_SILENT","items_purchased":[],"campfire_rested":2,"item_purchase_floors":[],"current_hp_per_floor":[63,63,60,55,70,70,69,59,59,54,36,57,57,57,57,52,70,62,62,47,39,39,60,59,59,59,59,38,0,0],"gold":269,"neow_bonus":"TRANSFORM_TWO_CARDS","is_daily":false,"chose_seed":false,"campfire_upgraded":2,"win_rate":0.0,"timestamp":1613330683,"path_taken":["M","M","M","M","?","R","M","M","T","M","?","R","M","M","R","BOSS","M","?","?","M","?","R","M","?","T","?","?","NM"],"items_purchased_type":[],"build_version":"2020-12-22","purchased_purges":0,"victory":false,"max_hp_per_floor":[70,70,70,70,70,70,70,70,70,70,70,70,70,70,70,70,70,70,70,70,70,70,70,70,70,70,70,70,70,70],"card_choices":[{"not_picked":["Choke","Dodge and Roll"],"picked":"Cloak And Dagger","floor":1},{"not_picked":["Prepared","Dagger Throw"],"picked":"Dodge and Roll","floor":2},{"not_picked":["Dagger Spray","Quick Slash"],"picked":"Accuracy","floor":3},{"not_picked":["Dodge and Roll","Accuracy"],"picked":"PiercingWail","floor":4},{"not_picked":["Tactician","Sucker Punch"],"picked":"Underhanded Strike","floor":7},{"not_picked":["Accuracy","Tactician"],"picked":"Infinite Blades","floor":8},{"not_picked":["Catalyst","Acrobatics"],"picked":"Heel Hook","floor":10},{"not_picked":["Riddle With Holes+1","All Out Attack+1"],"picked":"Infinite Blades","floor":13},{"not_picked":["Outmaneuver","Poisoned Stab+1"],"picked":"Underhanded Strike+1","floor":14},{"not_picked":["Tools of the Trade","infinitespire:Neurotoxin"],"picked":"Die Die Die+1","floor":16},{"not_picked":["Deflect","Predator+1"],"picked":"Reflex","floor":18},{"not_picked":["Concentrate","Dagger Throw+1"],"picked":"Blur+1","floor":20},{"not_picked":["Acrobatics+1","Deflect"],"picked":"Heel Hook+1","floor":21},{"not_picked":["Prepared","Slice+1"],"picked":"Finisher+1","floor":24},{"not_picked":["Cloak And Dagger","Backflip+1"],"picked":"Underhanded Strike+1","floor":28}],"player_experience":412669,"relics_obtained":[{"floor":9,"key":"infinitespire:ShieldingShard"},{"floor":26,"key":"Shuriken"}],"event_choices":[{"damage_healed":17,"gold_gain":0,"player_choice":"Healed","damage_taken":0,"max_hp_gain":0,"max_hp_loss":0,"event_name":"The Cleric","floor":5,"gold_loss":35},{"damage_healed":0,"gold_gain":0,"player_choice":"Success","damage_taken":18,"relics_obtained":["Molten Egg 2"],"max_hp_gain":0,"max_hp_loss":0,"event_name":"Scrap Ooze","floor":11,"gold_loss":0},{"damage_healed":0,"gold_gain":0,"player_choice":"Ignored","damage_taken":0,"max_hp_gain":0,"max_hp_loss":0,"event_name":"N\u0027loth","floor":19,"gold_loss":0},{"damage_healed":0,"gold_gain":0,"player_choice":"Ignored","damage_taken":0,"max_hp_gain":0,"max_hp_loss":0,"event_name":"Beggar","floor":22,"gold_loss":0},{"damage_healed":0,"gold_gain":0,"player_choice":"Opened","damage_taken":0,"relics_obtained":["StrikeDummy"],"max_hp_gain":0,"max_hp_loss":0,"event_name":"The Mausoleum","floor":25,"gold_loss":0},{"damage_healed":0,"gold_gain":0,"player_choice":"Rummage","damage_taken":0,"relics_obtained":["WarpedTongs"],"max_hp_gain":0,"max_hp_loss":0,"event_name":"Accursed Blacksmith","floor":27,"gold_loss":0,"cards_obtained":["Pain"]}],"is_beta":false,"boss_relics":[{"not_picked":["Cursed Key","SlaversCollar"],"picked":"Black Star"}],"items_purged_floors":[],"is_endless":false,"potions_floor_spawned":[2,7,8,13,14,18,20],"killed_by":"Nightmare","ascension_level":0}}