{"host":"pj7egx7jkoz18hom","time":1613307149,"event":{"mods":["AchievementEnabler","BaseMod","Keyboard Shortcuts","Minty Spire (QoL Compilation)","SuperFastMode"],"gold_per_floor":[109,119,119,137,149,179,55,78,126,126,151,71,71,86,86,186,186,198,198,218,235,250,281,281,315,369,402,418,431,431,431],"floor_reached":30,"language":"KOR","playtime":1552,"items_purged":["Strike_G"],"score":321,"play_id":"4c2de30e-12b4-4a5a-9054-d6e9ea1535af","local_time":"20210214215229","is_ascension_mode":true,"campfire_choices":[{"data":"Infinite Blades","floor":10,"key":"SMITH"},{"data":"Accuracy","floor":13,"key":"SMITH"},{"data":"Cloak And Dagger","floor":15,"key":"SMITH"},{"data":"Survivor","floor":24,"key":"SMITH"}],"circlet_count":0,"master_deck":["Strike_G","Strike_G","Strike_G","Strike_G","Defend_G","Defend_G","Defend_G","Defend_G+1","Defend_G","Survivor+1","Neutralize","Infinite Blades+1","Cloak And Dagger+1","Blade Dance+1","Blade Dance+1","Choke","Cloak And Dagger+1","Dodge and Roll+1","Accuracy+1","Backflip+1","Storm of Steel+1","Terror+1","Blade Dance+1","Deflect+1","Blur+1"],"relics":["Ring of the Snake","Toxic Egg 2","Omamori","Odd Mushroom","Strawberry","Lantern","Sozu","Smiling Mask","War Paint","Tiny Chest","Bag of Marbles"],"acts_visited":["Exordium","TheCity"],"potions_floor_usage":[8,16,16,16,17,21,30,30],"damage_taken":[{"damage":0,"enemies":"Cultist","floor":1,"turns":4},{"damage":12,"enemies":"Small Slimes","floor":2,"turns":3},{"damage":0,"enemies":"Jaw Worm","floor":4,"turns":3},{"damage":3,"enemies":"2 Fungi Beasts","floor":5,"turns":3},{"damage":18,"enemies":"3 Sentries","floor":6,"turns":7},{"damage":0,"enemies":"The Mushroom Lair","floor":8,"turns":4},{"damage":0,"enemies":"Lots of Slimes","floor":14,"turns":3},{"damage":45,"enemies":"The Guardian","floor":16,"turns":6},{"damage":8,"enemies":"2 Thieves","floor":18,"turns":4},{"damage":5,"enemies":"Shell Parasite","floor":20,"turns":3},{"damage":5,"enemies":"Snake Plant","floor":21,"turns":2},{"damage":0,"enemies":"Snecko","floor":22,"turns":4},{"damage":24,"enemies":"Slavers","floor":23,"turns":6},{"damage":18,"enemies":"Book of Stabbing","floor":25,"turns":4},{"damage":11,"enemies":"Gremlin Leader","floor":27,"turns":4},{"damage":0,"enemies":"Centurion and Healer","floor":28,"turns":3},{"damage":8,"enemies":"Snake Plant","floor":29,"turns":4},{"damage":4,"enemies":"Slavers","floor":30,"turns":1}],"seed_played":"-2552710869405285856","potions_obtained":[{"floor":4,"key":"DistilledChaos"},{"floor":5,"key":"Regen Potion"},{"floor":6,"key":"SpeedPotion"},{"floor":8,"key":"EntropicBrew"},{"floor":16,"key":"LiquidMemories"}],"is_trial":false,"path_per_floor":["M","M","?","M","M","E","$","?","T","R","T","$","R","M","R","B",null,"M","?","M","M","M","E","R","E","T","E","M","M","E"],"character_chosen":"THE_SILENT","items_purchased":["Cloak And Dagger+1","Accuracy"],"campfire_rested":0,"item_purchase_floors":[7,12],"current_hp_per_floor":[70,58,55,55,52,34,34,46,53,53,53,53,53,53,53,8,77,69,74,69,64,64,40,40,22,22,11,11,3,0,0],"gold":431,"neow_bonus":"THREE_CARDS","is_daily":false,"chose_seed":false,"campfire_upgraded":4,"win_rate":0.0,"timestamp":1613307149,"path_taken":["M","M","?","M","M","E","$","?","T","R","?","$","R","M","R","BOSS","M","?","M","?","M","E","R","E","T","E","M","M","E"],"items_purchased_type":["Card","Card"],"build_version":"2020-12-22","purchased_purges":1,"victory":false,"max_hp_per_floor":[70,70,70,70,70,70,70,70,77,77,77,77,77,77,77,77,77,77,77,77,77,77,77,77,77,77,77,77,77,77,77],"card_choices":[{"not_picked":["Crippling Poison","Terror"],"picked":"Infinite Blades","floor":0},{"not_picked":["Quick Slash","Leg Sweep"],"picked":"Cloak And Dagger","floor":1},{"not_picked":["PiercingWail","Poisoned Stab"],"picked":"Blade Dance","floor":2},{"not_picked":["Acrobatics+1","Poisoned Stab"],"picked":"Blade Dance+1","floor":4},{"not_picked":["Poisoned Stab","Calculated Gamble+1"],"picked":"Choke","floor":5},{"not_picked":["Acrobatics+1","Bane"],"picked":"Dagger Throw","floor":6},{"not_picked":["Infinite Blades","Poisoned Stab"],"picked":"Dodge and Roll+1","floor":8},{"not_picked":["Quick Slash","Poisoned Stab"],"picked":"Backflip+1","floor":14},{"not_picked":["Doppelganger+1","Envenom"],"picked":"Storm of Steel+1","floor":16},{"not_picked":["PiercingWail+1","Flying Knee","Well Laid Plans"],"picked":"SKIP","floor":18},{"not_picked":["Flying Knee","Choke","Bane"],"picked":"SKIP","floor":20},{"not_picked":["Bane","Poisoned Stab"],"picked":"Terror+1","floor":21},{"not_picked":["Sucker Punch","Predator"],"picked":"Blade Dance+1","floor":22},{"not_picked":["Slice+1","Bouncing Flask+1","Bullet Time+1"],"picked":"SKIP","floor":23},{"not_picked":["Sucker Punch+1","Venomology+1"],"picked":"Deflect+1","floor":25},{"not_picked":["Deflect+1","Skewer","Dagger Throw+1"],"picked":"SKIP","floor":27},{"not_picked":["Underhanded Strike","Backflip+1"],"picked":"Blur+1","floor":28},{"not_picked":["Endless Agony","Acrobatics+1","All Out Attack"],"picked":"SKIP","floor":29}],"player_experience":62719,"relics_obtained":[{"floor":6,"key":"Omamori"},{"floor":8,"key":"Odd Mushroom"},{"floor":9,"key":"Strawberry"},{"floor":11,"key":"Lantern"},{"floor":23,"key":"Smiling Mask"},{"floor":25,"key":"War Paint"},{"floor":26,"key":"Tiny Chest"},{"floor":27,"key":"Bag of Marbles"}],"event_choices":[{"damage_healed":0,"gold_gain":0,"player_choice":"Success","damage_taken":3,"relics_obtained":["Toxic Egg 2"],"max_hp_gain":0,"max_hp_loss":0,"event_name":"Scrap Ooze","floor":3,"gold_loss":0},{"damage_healed":0,"gold_gain":0,"player_choice":"Fought Mushrooms","damage_taken":0,"max_hp_gain":0,"max_hp_loss":0,"event_name":"Mushrooms","floor":8,"gold_loss":0},{"cards_removed":["Dagger Throw"],"damage_healed":5,"gold_gain":0,"player_choice":"Offered Common","damage_taken":0,"max_hp_gain":0,"max_hp_loss":0,"event_name":"Bonfire Elementals","floor":19,"gold_loss":0},{"cards_removed":["Dagger Throw"],"damage_healed":5,"gold_gain":0,"player_choice":"Offered Special","damage_taken":0,"max_hp_gain":0,"max_hp_loss":0,"event_name":"Bonfire Elementals","floor":19,"gold_loss":0}],"is_beta":false,"boss_relics":[{"not_picked":["Ring of the Serpent","Fusion Hammer"],"picked":"Sozu"}],"items_purged_floors":[7],"is_endless":false,"potions_floor_spawned":[4,5,6,8,16,21,23,28,29],"killed_by":"Slavers","ascension_level":2}}