{"host":"6dypmz777xraikqf","time":1613321112,"event":{"mods":["AchievementEnabler","BaseMod","BetterRewards","Colored Map","Colored Powertips","Downfall","Highlight Path","Hubris","Infinite Spire","Minty Spire (QoL Compilation)","Replay The Spire","StSLib"],"gold_per_floor":[114,114,127,127,139,165,177,197,197,197,97,97,129,4,4,81,81,95,95,95,95,108,141,152,183,183,183,203,233,233,233,233,305,305,337,375,414,414,414],"floor_reached":38,"language":"ENG","playtime":1785,"items_purged":["downfall:Malfunctioning","hubris:Disease","ReplayTheSpireMod:Splinters","Strike_R"],"score":1454,"play_id":"6541d27c-ad87-458f-81ec-51926dba89e4","local_time":"20210214164512","is_ascension_mode":true,"campfire_choices":[{"data":"Uppercut","floor":10,"key":"SMITH"},{"data":"Rupture","floor":12,"key":"SMITH"},{"data":"Pummel","floor":15,"key":"SMITH"},{"floor":27,"key":"REST"},{"floor":30,"key":"REST"},{"data":"Corruption","floor":32,"key":"SMITH"}],"circlet_count":0,"master_deck":["AscendersBane","Strike_R","Strike_R","Strike_R","Defend_R","Defend_R+1","Defend_R+1","Defend_R","Bash","Pummel+1","Carnage+1","Uppercut+1","Rupture+1","Feed","Rupture","Anger+1","Hemokinesis","Whirlwind","Languid","Regret","Corruption+1","Defend_R+1","Reaper","Infernal Blade","Pommel Strike","Combust+1"],"relics":["Burning Blood","Mango","Sling","downfall:ExtraCursedKey","Nunchaku","King of Hearts","Replay:WaspNest","hubris:ChampionShield","Mark of Pain","hubris:GrandSneckoEye","infinitespire:Eraser","hubris:DeckOfHolding","War Paint","infinitespire:CheckeredPen","infinitespire:BottledMercury","Black Star","infinitespire:EvilPickle"],"acts_visited":["Exordium","TheCity","TheBeyond"],"potions_floor_usage":[6,23,29,33,38,38],"damage_taken":[{"damage":0,"enemies":"2 Louse","floor":1,"turns":3},{"damage":1,"enemies":"Cultist","floor":3,"turns":2},{"damage":12,"enemies":"Small Slimes","floor":5,"turns":3},{"damage":11,"enemies":"Lagavulin","floor":6,"turns":3},{"damage":6,"enemies":"Exordium Thugs","floor":7,"turns":3},{"damage":19,"enemies":"Large Slime","floor":8,"turns":5},{"damage":2,"enemies":"Gremlin Nob","floor":13,"turns":2},{"damage":16,"enemies":"The Guardian","floor":16,"turns":7},{"damage":11,"enemies":"3 Byrds","floor":18,"turns":3},{"damage":4,"enemies":"2 Thieves","floor":22,"turns":2},{"damage":50,"enemies":"Nightmare","floor":23,"turns":5},{"damage":13,"enemies":"Snecko","floor":24,"turns":3},{"damage":16,"enemies":"Slavers","floor":25,"turns":3},{"damage":5,"enemies":"Cultist and Chosen","floor":28,"turns":4},{"damage":12,"enemies":"Gremlin Leader","floor":29,"turns":3},{"damage":53,"enemies":"Pondfish","floor":33,"turns":8},{"damage":2,"enemies":"Orb Walker","floor":35,"turns":3},{"damage":21,"enemies":"3 Shapes","floor":36,"turns":2},{"damage":60,"enemies":"Sphere and 2 Shapes","floor":37,"turns":5},{"damage":32,"enemies":"Transient","floor":38,"turns":4}],"seed_played":"840309736946883585","potions_obtained":[{"floor":5,"key":"EssenceOfSteel"},{"floor":8,"key":"SpeedPotion"},{"floor":18,"key":"SkillPotion"},{"floor":25,"key":"AttackPotion"},{"floor":28,"key":"Strength Potion"},{"floor":33,"key":"Explosive Potion"},{"floor":35,"key":"Ancient Potion"}],"is_trial":false,"path_per_floor":["M","?","M","?","M","E","M","M","T","R","$","R","E","$","R","B",null,"M","AVR","?","$","M","NM","M","E","T","R","M","E","R","?","R","B",null,"M","M","M","M"],"character_chosen":"IRONCLAD","items_purchased":["Sling","Combust"],"campfire_rested":2,"item_purchase_floors":[0,0],"current_hp_per_floor":[80,80,85,85,79,74,74,61,61,61,61,61,65,65,65,55,81,76,76,71,71,76,32,25,18,18,46,47,41,69,69,69,33,80,93,78,24,0,0],"gold":414,"neow_bonus":"","is_daily":false,"chose_seed":false,"campfire_upgraded":4,"win_rate":0.0,"timestamp":1613321112,"path_taken":["M","?","M","?","M","E","M","?","T","R","$","R","E","$","R","BOSS","M","AVR","?","?","M","NM","M","E","T","R","?","E","R","?","R","BOSS","M","?","M","M"],"items_purchased_type":["Relic","Card"],"build_version":"2020-12-22","purchased_purges":4,"victory":false,"max_hp_per_floor":[89,89,89,89,89,89,89,89,89,89,89,89,89,89,89,89,89,89,89,89,89,92,92,92,95,95,95,95,95,95,95,95,95,95,98,98,98,98,98],"card_choices":[{"not_picked":["Warcry","Havoc"],"picked":"Pummel","floor":1},{"not_picked":["Entrench","hubris:CleavingFinish"],"picked":"Uppercut","floor":3},{"not_picked":["Iron Wave","ReplayTheSpireMod:Muscle Training","Infernal Blade"],"picked":"SKIP","floor":5},{"not_picked":["Dropkick","Shrug It Off"],"picked":"Rupture","floor":6},{"not_picked":["ReplayTheSpireMod:Strike From Hell","Havoc","Uppercut"],"picked":"SKIP","floor":7},{"not_picked":["Pommel Strike","Double Tap","Thunderclap"],"picked":"SKIP","floor":8},{"not_picked":["True Grit","Power Through","Warcry"],"picked":"SKIP","floor":13},{"not_picked":["Offering","Barricade"],"picked":"Feed","floor":16},{"not_picked":["Wild Strike","Cleave"],"picked":"Rupture","floor":18},{"not_picked":["Sentinel","Dark Embrace"],"picked":"Anger+1","floor":22},{"not_picked":["Shockwave","Reckless Charge","Flex"],"picked":"SKIP","floor":23},{"not_picked":["Carnage","Seeing Red"],"picked":"Hemokinesis","floor":24},{"not_picked":["Thunderclap","Twin Strike+1"],"picked":"Whirlwind","floor":25},{"not_picked":["Massacre","ReplayTheSpireMod:LeadingStrike","Havoc"],"picked":"SKIP","floor":28},{"not_picked":["Warcry","Iron Wave"],"picked":"Corruption","floor":29},{"not_picked":["Juggernaut","Double Tap"],"picked":"Reaper","floor":33},{"not_picked":["Heavy Blade","Abandon+1"],"picked":"Infernal Blade","floor":35},{"not_picked":["Thunderclap+1","Wild Strike+1"],"picked":"Pommel Strike","floor":36},{"not_picked":["Corruption","Havoc+1"],"picked":"Combust+1","floor":37}],"player_experience":231819,"relics_obtained":[{"floor":6,"key":"King of Hearts"},{"floor":9,"key":"Replay:WaspNest"},{"floor":13,"key":"hubris:ChampionShield"},{"floor":23,"key":"hubris:DeckOfHolding"},{"floor":25,"key":"War Paint"},{"floor":26,"key":"infinitespire:CheckeredPen"},{"floor":29,"key":"infinitespire:BottledMercury"}],"event_choices":[{"cards_removed":["Combust"],"damage_healed":0,"gold_gain":0,"player_choice":"Gave Card","damage_taken":0,"relics_obtained":["Nunchaku"],"max_hp_gain":0,"max_hp_loss":0,"event_name":"WeMeetAgain","floor":4,"gold_loss":0},{"damage_healed":0,"gold_gain":0,"player_choice":"Bought 0 Potions","damage_taken":0,"max_hp_gain":0,"max_hp_loss":0,"event_name":"The Woman in Blue","floor":20,"gold_loss":0},{"damage_healed":0,"gold_gain":0,"player_choice":"Copied","damage_taken":0,"max_hp_gain":0,"max_hp_loss":0,"event_name":"Duplicator","floor":31,"gold_loss":0,"cards_obtained":["Defend_R"]}],"is_beta":false,"boss_relics":[{"not_picked":["SlaversCollar","Runic Pyramid"],"picked":"Mark of Pain"},{"not_picked":["Kintsugi","Black Blood"],"picked":"Black Star"}],"items_purged_floors":[0,11,14,19],"is_endless":false,"potions_floor_spawned":[5,8,18,25,28,33,35],"killed_by":"Transient","ascension_level":16}}