{"host":"1ie89x0glpq08u84","time":1613328432,"event":{"mods":["AchievementEnabler","BaseMod","Highlight Path","Minty Spire (QoL Compilation)","StSLib","Unceasing Turn Reminder"],"gold_per_floor":[119,132,57,67,67,100,100,118,118,128,128,53,53,63,63,141,141,158,158,73,73,90,90,15,35,35,35,35],"floor_reached":27,"language":"ENG","playtime":474,"items_purged":["Perfected Strike+1"],"score":405,"play_id":"ceb05547-a234-481e-bab4-486eaf439cee","local_time":"20210214134712","is_ascension_mode":true,"campfire_choices":[{"floor":7,"key":"REST"},{"floor":13,"key":"REST"},{"data":"Perfected Strike","floor":15,"key":"SMITH"},{"floor":23,"key":"REST"}],"circlet_count":0,"master_deck":["AscendersBane","Strike_R+1","Defend_R+1","Defend_R+1","Defend_R+1","Defend_R+1","Bash","Anger","Rampage","Flame Barrier","Blood for Blood","Wild Strike","Fiend Fire","Rampage","Double Tap","Entrench+1","Combust+1","Feed+1","Infernal Blade","Flex+1","Pommel Strike"],"relics":["Sozu","Regal Pillow","Blue Candle","Calipers","Astrolabe","Du-Vu Doll","MutagenicStrength","Matryoshka"],"acts_visited":["Exordium","TheCity"],"potions_floor_usage":[],"damage_taken":[{"damage":0,"enemies":"Cultist","floor":1,"turns":2},{"damage":12,"enemies":"Small Slimes","floor":2,"turns":3},{"damage":7,"enemies":"Jaw Worm","floor":4,"turns":2},{"damage":32,"enemies":"Gremlin Nob","floor":6,"turns":4},{"damage":9,"enemies":"Looter","floor":8,"turns":4},{"damage":7,"enemies":"3 Louse","floor":10,"turns":3},{"damage":0,"enemies":"Exordium Wildlife","floor":14,"turns":3},{"damage":48,"enemies":"Hexaghost","floor":16,"turns":9},{"damage":22,"enemies":"3 Byrds","floor":18,"turns":4},{"damage":13,"enemies":"Spheric Guardian","floor":22,"turns":3},{"damage":27,"enemies":"Snake Plant","floor":25,"turns":4},{"damage":37,"enemies":"Snecko","floor":27,"turns":4}],"seed_played":"2214351602161129297","potions_obtained":[],"is_trial":false,"path_per_floor":["M","M","$","M","?","E","R","M","T","M","?","$","R","M","R","B",null,"M","?","?","?","M","R","$","M","T","M"],"character_chosen":"IRONCLAD","items_purchased":["Rampage","Rampage"],"campfire_rested":3,"item_purchase_floors":[3,12],"current_hp_per_floor":[68,56,56,49,49,17,54,45,45,38,27,27,64,64,64,16,60,38,38,38,38,25,62,62,35,35,0,0],"gold":35,"neow_bonus":"BOSS_RELIC","is_daily":false,"chose_seed":false,"campfire_upgraded":1,"win_rate":0.0,"timestamp":1613328432,"path_taken":["M","M","$","?","?","E","R","?","T","M","?","$","R","M","R","BOSS","M","?","?","?","?","R","?","M","T","M"],"items_purchased_type":["Card","Card"],"build_version":"2020-12-22","purchased_purges":1,"victory":false,"max_hp_per_floor":[75,75,75,75,75,75,75,75,75,75,75,75,75,75,75,75,75,75,75,75,75,75,75,75,75,75,75,75],"card_choices":[{"not_picked":["Havoc","Sentinel"],"picked":"Anger","floor":1},{"not_picked":["Sever Soul","Pommel Strike"],"picked":"Perfected Strike","floor":2},{"not_picked":["Dark Embrace","Headbutt"],"picked":"Flame Barrier","floor":4},{"not_picked":["Brutality","Heavy Blade","Body Slam"],"picked":"SKIP","floor":6},{"not_picked":["Flex","Sword Boomerang"],"picked":"Wild Strike","floor":8},{"not_picked":["Cleave","Anger"],"picked":"Fiend Fire","floor":10},{"not_picked":["Rupture","Intimidate","Clash"],"picked":"SKIP","floor":14},{"not_picked":["Fiend Fire","Brutality"],"picked":"Double Tap","floor":16},{"not_picked":["Flex","Bloodletting+1"],"picked":"Infernal Blade","floor":18},{"not_picked":["Anger","Wild Strike"],"picked":"Flex+1","floor":22},{"not_picked":["Evolve","True Grit"],"picked":"Pommel Strike","floor":25}],"player_experience":412942,"relics_obtained":[{"floor":6,"key":"Regal Pillow"},{"floor":9,"key":"Blue Candle"},{"floor":26,"key":"Matryoshka"}],"event_choices":[{"damage_healed":0,"gold_gain":0,"cards_transformed":["Strike_R"],"player_choice":"Transformed","damage_taken":0,"max_hp_gain":0,"max_hp_loss":0,"event_name":"Transmorgrifier","floor":5,"gold_loss":0,"cards_obtained":["Blood for Blood"]},{"damage_healed":0,"gold_gain":0,"player_choice":"Success","damage_taken":11,"relics_obtained":["Calipers"],"max_hp_gain":0,"max_hp_loss":0,"event_name":"Scrap Ooze","floor":11,"gold_loss":0},{"damage_healed":0,"gold_gain":0,"player_choice":"Simplicity","damage_taken":0,"max_hp_gain":0,"max_hp_loss":0,"event_name":"Back to Basics","floor":19,"gold_loss":0,"cards_upgraded":["Strike_R","Defend_R","Defend_R","Defend_R","Defend_R"]},{"damage_healed":0,"gold_gain":0,"player_choice":"Obtained Relic","damage_taken":0,"relics_obtained":["Du-Vu Doll"],"max_hp_gain":0,"max_hp_loss":0,"event_name":"Addict","floor":20,"gold_loss":85},{"damage_healed":0,"gold_gain":0,"player_choice":"Inject Mutagens","damage_taken":0,"relics_obtained":["MutagenicStrength"],"max_hp_gain":0,"max_hp_loss":0,"event_name":"Drug Dealer","floor":21,"gold_loss":0}],"is_beta":false,"boss_relics":[{"not_picked":["Runic Pyramid","Calling Bell"],"picked":"Astrolabe"}],"items_purged_floors":[24],"is_endless":false,"potions_floor_spawned":[4,6,8,14],"killed_by":"Snecko","ascension_level":18}}