{"host":"btkbr53c3gip0r7d","time":1613279357,"event":{"mods":["BaseMod","Better Altar","Better Match","Better Note","Better Sensory Stone","Better Skull","Better Third Choice","Colored Map","Curses Come First","Downfall","Minty Spire (QoL Compilation)","StSLib","The Cursed","The Marked"],"gold_per_floor":[99,99,99,99,99,132,202,233,252,177,203,221,278,290,308,409,409,309,324,424,435,453,485,511,511,43,143,186,205,205,244,271,384,393,393,408,425,484,501,542,566,586,586,586,586,595,595,54,67,67],"floor_reached":51,"language":"ENG","playtime":5683,"items_purged":["Regret","Slimebound:Strike_Slimebound","Slimebound:Strike_Slimebound"],"score":995,"play_id":"2bd2ef98-9e8e-460a-b6a5-518ca240e626","local_time":"20210213220917","is_ascension_mode":true,"campfire_choices":[{"data":"Slimebound:CorrosiveSpit","floor":1.0,"key":"SMITH"},{"data":"Slimebound:CheckThePlaybook","floor":18,"key":"SMITH"},{"data":"Slimebound:PrepareCrush","floor":30,"key":"SMITH"},{"data":"Slimebound:DouseInSlime","floor":35,"key":"SMITH"},{"data":"Slimebound:SlimeSlap","floor":45,"key":"SMITH"},{"data":"Slimebound:CheckThePlaybook","floor":47,"key":"SMITH"}],"circlet_count":0,"master_deck":["Slimebound:Strike_Slimebound+1","Slimebound:Tackle","Slimebound:Defend_Slimebound","Slimebound:Defend_Slimebound","Slimebound:Defend_Slimebound+1","Slimebound:Defend_Slimebound","Slimebound:Split","Slimebound:CorrosiveSpit+1","Slimebound:HauntingLick","Slimebound:SamplingLick","Slimebound:AcidTongue","Slimebound:HauntingLick","Slimebound:CheckThePlaybook+1","Slimebound:DouseInSlime+1","Slimebound:SlimeSlap+1","Slimebound:WasteNot+1","Slimebound:Gluttony","Slimebound:LeechEnergy+1","Slimebound:SplitMire","Slimebound:CheckThePlaybook+1","Slimebound:MegaLick","Slimebound:SlimeSlap+1","Slimebound:MegaLick","Slimebound:Nibble","Slimebound:RainOfGoop","Slimebound:SplitMire","Slimebound:PrepareCrush+1","Slimebound:GoopSpray+1","Slimebound:Equalize","Slimebound:HauntingLick","Slimebound:DouseInSlime+1","CurseOfTheBell","Slimebound:RainOfGoop+1","Slimebound:HauntingLick","Slimebound:Replication+1","Slimebound:DivideAndConquer+1","Slimebound:Grow+1","expansioncontent:QuickStudy"],"relics":["Slimebound:AbsorbEndCombat","downfall:HeartsMalice","Darkstone Periapt","White Beast Statue","HornCleat","Meat on the Bone","FossilizedHelix","Ornamental Fan","Matryoshka","Busted Crown","downfall:HeartBlessingGreen","Pocketwatch","CeramicFish","Juzu Bracelet","Torii","Gremlin Horn","Whetstone","Calling Bell","Du-Vu Doll","Frozen Egg 2","Ancient Tea Set","StoneCalendar","Strawberry","PreservedInsect","Anchor","War Paint","Vajra"],"acts_visited":["Exordium","TheCity","TheBeyond"],"potions_floor_usage":[11,11,13,13,14,16,16,22,22,23,31,33,33,37,38,39,40,40,42,43,49,50],"damage_taken":[{"damage":0.0,"enemies":"2 Louse","floor":2.0,"turns":1.0},{"damage":0.0,"enemies":"Cultist","floor":4.0,"turns":1.0},{"damage":0.0,"enemies":"Gremlin Nob","floor":6.0,"turns":1.0},{"damage":23.0,"enemies":"Lagavulin","floor":8.0,"turns":6.0},{"damage":0.0,"enemies":"Small Slimes","floor":9.0,"turns":3.0},{"damage":15,"enemies":"3 Sentries","floor":11,"turns":8},{"damage":1,"enemies":"downfall:LooterAlt","floor":12,"turns":3},{"damage":8,"enemies":"Gremlin Nob","floor":13,"turns":2},{"damage":5,"enemies":"Gremlin Gang","floor":14,"turns":4},{"damage":0,"enemies":"Large Slime","floor":15,"turns":3},{"damage":12,"enemies":"SI_SHIV_ARCHETYPE","floor":16,"turns":5},{"damage":0,"enemies":"Spheric Guardian","floor":19,"turns":3},{"damage":19,"enemies":"downfall:LooterAlt2","floor":21,"turns":3},{"damage":6,"enemies":"Snecko","floor":22,"turns":4},{"damage":17,"enemies":"Gremlin Leader","floor":23,"turns":5},{"damage":7,"enemies":"downfall:FleeingMerchant","floor":26,"turns":4},{"damage":0,"enemies":"Book of Stabbing","floor":28,"turns":3},{"damage":6,"enemies":"Snake Plant","floor":29,"turns":1},{"damage":3,"enemies":"Gremlin Leader","floor":31,"turns":3},{"damage":0,"enemies":"Centurion and Healer","floor":32,"turns":2},{"damage":25,"enemies":"IC_MUSHROOM_ARCHETYPE","floor":33,"turns":5},{"damage":7,"enemies":"3 Shapes","floor":36,"turns":2},{"damage":0,"enemies":"3 Darklings","floor":37,"turns":4},{"damage":0,"enemies":"3 Darklings","floor":38,"turns":5},{"damage":1,"enemies":"Jaw Worm Horde","floor":39,"turns":4},{"damage":0,"enemies":"Reptomancer","floor":40,"turns":4},{"damage":0,"enemies":"4 Shapes","floor":42,"turns":3},{"damage":0,"enemies":"3 Darklings","floor":43,"turns":2},{"damage":0,"enemies":"downfall:FleeingMerchant","floor":46,"turns":2},{"damage":3,"enemies":"Maw","floor":49,"turns":4},{"damage":97,"enemies":"DF_ARCHETYPE_ORBS","floor":50,"turns":6}],"seed_played":"-4746907216209214868","potions_obtained":[{"floor":6.0,"key":"sneckomod:MuddlingPotion"},{"floor":8.0,"key":"Fire Potion"},{"floor":9.0,"key":"DuplicationPotion"},{"floor":11,"key":"CultistPotion"},{"floor":12,"key":"Strength Potion"},{"floor":13,"key":"Energy Potion"},{"floor":14,"key":"Dexterity Potion"},{"floor":15,"key":"Swift Potion"},{"floor":16,"key":"CultistPotion"},{"floor":19,"key":"Slimebound:ThreeZeroPotion"},{"floor":21,"key":"Slimebound:SlimedPotion"},{"floor":22,"key":"LiquidBronze"},{"floor":23,"key":"Slimebound:SlimedPotion"},{"floor":26,"key":"LiquidBronze"},{"floor":28,"key":"SkillPotion"},{"floor":29,"key":"SteroidPotion"},{"floor":31,"key":"SpeedPotion"},{"floor":32,"key":"PowerPotion"},{"floor":33,"key":"Slimebound:SlimedPotion"},{"floor":36,"key":"champ:CounterPotion"},{"floor":37,"key":"FairyPotion"},{"floor":38,"key":"BlessingOfTheForge"},{"floor":39,"key":"Swift Potion"},{"floor":40,"key":"Swift Potion"},{"floor":42,"key":"SmokeBomb"},{"floor":46,"key":"SpeedPotion"},{"floor":49,"key":"champ:CounterPotion"}],"is_trial":false,"path_per_floor":["R","M","?","M","?","E","T","E","M","?","E","M","?","M","M","B",null,"R","M","?","M","M","E","T","?","$","?","E","M","R","E","M","B",null,"R","M","M","?","M","E","T","M","M","?","R","$","R","$","M","B",null],"character_chosen":"SLIMEBOUND","items_purchased":["Torii","Slimebound:PrepareCrush","Slimebound:Grow+1","War Paint","Vajra","expansioncontent:QuickStudy","LiquidMemories"],"campfire_rested":0,"item_purchase_floors":[26,26,46,46,48,48,48],"current_hp_per_floor":[65,65,71,71,64,64,64,49,53,53,44,45,41,42,48,40,71,71,71,71,58,60,51,51,51,52,52,60,56,56,61,69,58,77,77,77,77,77,76,84,84,84,84,84,84,84,84,84,83,34],"gold":67,"neow_bonus":"THREE_ENEMY_KILL","is_daily":false,"chose_seed":false,"campfire_upgraded":6,"win_rate":0.0,"timestamp":1613279357,"path_taken":["R","M","?","M","?","E","T","E","M","?","E","M","?","M","M","BOSS","R","M","?","M","M","E","T","?","$","?","E","M","R","E","M","BOSS","R","M","M","?","M","E","T","M","M","?","R","$","R","$","M","BOSS"],"items_purchased_type":["Relic","Card","Card","Relic","Relic","Card","Potion"],"build_version":"2020-12-22","purchased_purges":3,"victory":true,"max_hp_per_floor":[65,65,71,71,71,71,71,71,71,71,71,71,71,71,71,71,71,71,71,71,71,71,71,71,71,71,71,71,71,71,71,71,71,77,77,77,77,77,77,84,84,84,84,84,84,84,84,84,84,84],"card_choices":[{"not_picked":["Slimebound:SplitAcid","Slimebound:LeechEnergy"],"picked":"Slimebound:HauntingLick","floor":2.0},{"not_picked":["Slimebound:LeechEnergy","Slimebound:SplitAcid"],"picked":"Slimebound:SamplingLick","floor":4.0},{"not_picked":["Slimebound:Repurpose","Slimebound:PressTheAttack"],"picked":"Slimebound:AcidTongue","floor":6.0},{"not_picked":["Slimebound:SplitBruiser","Slimebound:SamplingLick"],"picked":"Slimebound:HauntingLick","floor":8.0},{"not_picked":["Slimebound:HauntingLick","Slimebound:LeechingTouch"],"picked":"Slimebound:CheckThePlaybook","floor":9.0},{"not_picked":["Slimebound:Overexert+1","Slimebound:SelfFormingGoo+1"],"picked":"Slimebound:DouseInSlime+1","floor":10},{"not_picked":["Slimebound:Teamwork+1","Slimebound:MassRepurpose+1"],"picked":"Slimebound:SlimeSlap+1","floor":10},{"not_picked":["Slimebound:RallyTheTroops+1","Slimebound:SelfFormingGoo+1"],"picked":"Slimebound:WasteNot+1","floor":10},{"not_picked":["Slimebound:ViciousTackle","Slimebound:SlimeSpikes"],"picked":"Slimebound:Gluttony","floor":11},{"not_picked":["Slimebound:SlimeBarrage","Slimebound:FormOfPuddle"],"picked":"Slimebound:LeechEnergy","floor":12},{"not_picked":["Slimebound:Prepare","Slimebound:ProtectTheBoss"],"picked":"Slimebound:SplitMire","floor":13},{"not_picked":["Slimebound:HauntingLick","Slimebound:Chomp"],"picked":"Slimebound:CheckThePlaybook","floor":14},{"not_picked":["Slimebound:LeechEnergy","Slimebound:Schlurp"],"picked":"Slimebound:MegaLick","floor":15},{"not_picked":["Slimebound:MassFeed","Slimebound:RallyTheTroops"],"picked":"Slimebound:SlimeSlap","floor":16},{"not_picked":[],"picked":"Slimebound:MegaLick","floor":19},{"not_picked":[],"picked":"Slimebound:Nibble","floor":21},{"not_picked":[],"picked":"Slimebound:RainOfGoop","floor":22},{"not_picked":[],"picked":"Slimebound:SplitMire","floor":23},{"not_picked":["Slimebound:ItLooksTasty"],"picked":"SKIP","floor":26},{"not_picked":[],"picked":"Slimebound:GoopSpray","floor":28},{"not_picked":["Slimebound:Prepare"],"picked":"SKIP","floor":29},{"not_picked":[],"picked":"Slimebound:Equalize","floor":31},{"not_picked":[],"picked":"Slimebound:HauntingLick","floor":32},{"not_picked":[],"picked":"Slimebound:DouseInSlime","floor":33},{"not_picked":["Slimebound:SplitBruiser"],"picked":"SKIP","floor":36},{"not_picked":["Slimebound:SplitLeeching+1"],"picked":"SKIP","floor":37},{"not_picked":[],"picked":"Slimebound:RainOfGoop+1","floor":38},{"not_picked":["Slimebound:ComboTackle"],"picked":"SKIP","floor":39},{"not_picked":[],"picked":"Slimebound:HauntingLick","floor":40},{"not_picked":[],"picked":"Slimebound:Replication+1","floor":42},{"not_picked":[],"picked":"Slimebound:DivideAndConquer+1","floor":46},{"not_picked":["Slimebound:PressTheAttack"],"picked":"SKIP","floor":49}],"player_experience":1418347,"relics_obtained":[{"floor":6.0,"key":"HornCleat"},{"floor":7.0,"key":"Meat on the Bone"},{"floor":8.0,"key":"FossilizedHelix"},{"floor":11,"key":"Ornamental Fan"},{"floor":23,"key":"Pocketwatch"},{"floor":24,"key":"CeramicFish"},{"floor":24,"key":"Juzu Bracelet"},{"floor":28,"key":"Gremlin Horn"},{"floor":31,"key":"Whetstone"},{"floor":34,"key":"Du-Vu Doll"},{"floor":34,"key":"Frozen Egg 2"},{"floor":34,"key":"Ancient Tea Set"},{"floor":38,"key":"StoneCalendar"},{"floor":40,"key":"Strawberry"},{"floor":41,"key":"PreservedInsect"},{"floor":41,"key":"Anchor"}],"event_choices":[{"damage_healed":0.0,"max_hp_gain":0.0,"max_hp_loss":0.0,"gold_gain":0.0,"event_name":"Big Fish","player_choice":"Box","floor":3.0,"gold_loss":0.0,"damage_taken":0.0,"relics_obtained":["Darkstone Periapt"],"cards_obtained":["Regret"]},{"damage_healed":0.0,"max_hp_gain":0.0,"max_hp_loss":0.0,"gold_gain":0.0,"event_name":"Scrap Ooze","player_choice":"Success","floor":5.0,"gold_loss":0.0,"damage_taken":7.0,"relics_obtained":["White Beast Statue"]},{"damage_healed":0,"gold_gain":0,"player_choice":"3","damage_taken":0,"max_hp_gain":0,"max_hp_loss":0,"event_name":"betterMatch:BetterMatch","floor":10,"gold_loss":0,"cards_obtained":["betterMatch:RareCard"]},{"damage_healed":0,"gold_gain":0,"player_choice":"Ignored","damage_taken":0,"max_hp_gain":0,"max_hp_loss":0,"event_name":"Ghosts","floor":25,"gold_loss":0}],"is_beta":false,"boss_relics":[{"not_picked":["Astrolabe","Runic Dome"],"picked":"Busted Crown"},{"not_picked":["bronze:MakeshiftBattery","Black Star"],"picked":"Calling Bell"}],"items_purged_floors":[26,46,48],"is_endless":false,"potions_floor_spawned":[6,8,9,11,12,13,14,15,16,19,21,22,23,26,28,29,31,32,33,36,37,38,39,40,42,43,46,49],"ascension_level":1}}