{"host":"fbdlh90rovbiajun","time":1613286483,"event":{"mods":["AchievementEnabler","BaseMod","Colored Map","Keyboard Shortcuts","Minty Spire (QoL Compilation)","SuperFastMode"],"gold_per_floor":[117,292,292,292,217,217,292,307,307,207,207,3,29,44,44,139,139,154,169,19,219,231,231,231,231],"floor_reached":24,"language":"KOR","playtime":549,"items_purged":["Doubt","Defend_R","Defend_R","Defend_R"],"score":217,"play_id":"990fe791-dcea-4cda-af8d-8dabbad2ab87","local_time":"20210214160803","is_ascension_mode":false,"campfire_choices":[{"floor":6,"key":"RECALL"},{"data":"Hemokinesis","floor":15,"key":"SMITH"},{"floor":23,"key":"REST"}],"circlet_count":0,"master_deck":["Strike_R","Strike_R","Strike_R","Strike_R+1","Strike_R","Defend_R+1","Bash","Thunderclap+1","Hemokinesis+1","Offering","Iron Wave+1"],"relics":["Burning Blood","NeowsBlessing","Frozen Egg 2","Pantograph","SlaversCollar"],"acts_visited":["Exordium","TheCity"],"potions_floor_usage":[],"damage_taken":[{"damage":0,"enemies":"2 Louse","floor":1,"turns":1},{"damage":0,"enemies":"Jaw Worm","floor":8,"turns":1},{"damage":0,"enemies":"3 Sentries","floor":13,"turns":1},{"damage":8,"enemies":"Small Slimes","floor":14,"turns":3},{"damage":78,"enemies":"Hexaghost","floor":16,"turns":8},{"damage":32,"enemies":"Spheric Guardian","floor":18,"turns":4},{"damage":19,"enemies":"3 Byrds","floor":19,"turns":5},{"damage":43,"enemies":"Centurion and Healer","floor":22,"turns":4},{"damage":36,"enemies":"Snake Plant","floor":24,"turns":2}],"seed_played":"-8028001345655197787","potions_obtained":[{"floor":13,"key":"Block Potion"},{"floor":18,"key":"BlessingOfTheForge"},{"floor":22,"key":"CultistPotion"}],"is_trial":false,"path_per_floor":["M","?","?","?","$","R","?","M","T","$","?","$","E","M","R","B",null,"M","M","$","?","M","R","M"],"character_chosen":"IRONCLAD","items_purchased":["Hemokinesis"],"campfire_rested":1,"item_purchase_floors":[12],"current_hp_per_floor":[80,80,64,69,69,69,58,64,64,64,64,64,70,68,68,13,85,59,46,46,46,9,34,0,0],"gold":231,"neow_bonus":"THREE_ENEMY_KILL","is_daily":false,"chose_seed":false,"campfire_upgraded":1,"win_rate":0.0,"timestamp":1613286483,"path_taken":["M","?","?","?","?","R","?","M","T","$","?","$","E","M","R","BOSS","M","M","$","?","?","R","M"],"items_purchased_type":["Card"],"build_version":"2020-12-22","purchased_purges":4,"victory":false,"max_hp_per_floor":[80,80,80,85,85,85,85,85,85,85,85,85,85,85,85,85,85,85,85,85,85,85,85,85,85],"card_choices":[{"not_picked":["Warcry","Headbutt","Disarm"],"picked":"SKIP","floor":1},{"not_picked":["Warcry","Seeing Red"],"picked":"Thunderclap","floor":8},{"not_picked":["Clothesline","Double Tap","Searing Blow"],"picked":"SKIP","floor":13},{"not_picked":["Twin Strike","Disarm","Pommel Strike"],"picked":"SKIP","floor":14},{"not_picked":["Corruption+1","Reaper"],"picked":"Offering","floor":16},{"not_picked":["Rage","Infernal Blade"],"picked":"Iron Wave+1","floor":18},{"not_picked":["True Grit","Metallicize+1","Sword Boomerang"],"picked":"SKIP","floor":19},{"not_picked":["Twin Strike+1","Shockwave","Clothesline"],"picked":"SKIP","floor":22}],"player_experience":36016,"relics_obtained":[{"floor":9,"key":"Frozen Egg 2"},{"floor":13,"key":"Pantograph"}],"event_choices":[{"damage_healed":0,"gold_gain":175,"player_choice":"AGREE","damage_taken":0,"max_hp_gain":0,"max_hp_loss":0,"event_name":"Liars Game","floor":2,"gold_loss":0,"cards_obtained":["Doubt"]},{"damage_healed":0,"gold_gain":0,"player_choice":"Entered Light","damage_taken":16,"max_hp_gain":0,"max_hp_loss":0,"event_name":"Shining Light","floor":3,"gold_loss":0,"cards_upgraded":["Defend_R","Strike_R"]},{"damage_healed":0,"gold_gain":0,"player_choice":"Donut","damage_taken":0,"max_hp_gain":5,"max_hp_loss":0,"event_name":"Big Fish","floor":4,"gold_loss":0},{"damage_healed":0,"gold_gain":75,"player_choice":"Gather Gold","damage_taken":11,"max_hp_gain":0,"max_hp_loss":0,"event_name":"World of Goop","floor":7,"gold_loss":0},{"damage_healed":0,"gold_gain":0,"player_choice":"Upgraded","damage_taken":0,"max_hp_gain":0,"max_hp_loss":0,"event_name":"Upgrade Shrine","floor":11,"gold_loss":0,"cards_upgraded":["Thunderclap"]},{"damage_healed":0,"gold_gain":200,"player_choice":"Gold","damage_taken":0,"max_hp_gain":0,"max_hp_loss":0,"event_name":"Wheel of Change","floor":21,"gold_loss":0}],"is_beta":false,"boss_relics":[{"not_picked":["Cursed Key","Calling Bell"],"picked":"SlaversCollar"}],"items_purged_floors":[5,10,12,20],"is_endless":false,"potions_floor_spawned":[13,18,22],"killed_by":"Snake Plant","ascension_level":0}}