{"host":"bbld1ic1uj90ldt9","time":1613307661,"event":{"mods":["2.2 Compatiblity","AchievementEnabler","Act Like it!","BaseMod","Better Third Choice","Conspire","Downfall","Emptier Cage","Gensokyo","Hallownest","Hermit","Highlight Path","Hubris","Marisa????????","Minty Spire (QoL Compilation)","Random Character Button","Replay The Spire","StSLib","The Animator","The Bug Knight","The Cursed","The Disciple","The Hierophant","The Jungle","The Runesmith","The Servant 0.9.4"],"gold_per_floor":[109,34,34,60,60,60,86,86,86,96,131,151,161,196,196,294,294,308,308,319,319,334,334,354,380,380,401,401,401,119,29,29,134,134,147,65,65,65,104,104,123,20,20,20,20,33,33,48,48,48],"floor_reached":51,"language":"FRA","playtime":5594,"items_purged":["Pain","hubris:Despair"],"score":987,"play_id":"85d70375-a0f5-4d61-b521-06fb2350934d","local_time":"20210214140101","is_ascension_mode":true,"campfire_choices":[{"floor":6,"key":"REST"},{"data":"Apotheosis","floor":8,"key":"SMITH"},{"floor":15,"key":"REST"},{"floor":23,"key":"REST"},{"floor":29,"key":"REST"},{"floor":32,"key":"REST"},{"floor":40,"key":"REST"},{"floor":44,"key":"REST"},{"data":"Wish","floor":47,"key":"SMITH"},{"data":"Alpha","floor":49,"key":"SMITH"}],"circlet_count":0,"master_deck":["Strike_P","Strike_P","Strike_P","Strike_P","Defend_P","Defend_P","Defend_P","Defend_P","Eruption+1","Vigilance","Apotheosis+1","Crescendo","Hallownest:skillGreenpathMap","BowlingBash","Evaluate","EmptyMind","Alpha+1","Consecrate","Omniscience","MentalFortress","DeceiveReality","Protect","FlurryOfBlows+1","LikeWater","Transmutation","FlurryOfBlows","Wish+1","ThirdEye","Evaluate","EmptyBody","Evaluate","ReplayTheSpireMod:IOU","ReplayTheSpireMod:IOU","ReplayTheSpireMod:IOU","ReplayTheSpireMod:IOU","MentalFortress","MentalFortress","Protect","Languid","Replay:AtTheReady"],"relics":["PureWater","hubris:Icosahedron","ReplayFunnel","Hallownest:DreamNailRelic","hubris:MysteriousPyramids","Singing Bowl","Blue Candle","Darkstone Periapt","Replay:Ancient Bell","Replay:Wax Seal","Replay:WaspNest","Replay:Kaleidoscope","Quantum Egg","hubris:DeckOfHolding","Orrery","Snecko Heart","hubris:Towel","Matryoshka","Lizard Tail","hubris:SlimyHat","HollowMod:LifeEnderRelic","ReplayTheSpireMod:Ring of Exchange","ReplayTheSpireMod:Ring of Challenge"],"acts_visited":["Hallownest:Greenpath","TheCity","TheBeyond"],"potions_floor_usage":[7,14,31,36,46,48,50],"damage_taken":[{"damage":7,"enemies":"Hallownest:2_Tiktiks_and_1_Crawlid","floor":1,"turns":4},{"damage":2,"enemies":"Hallownest:eliteVengeflyKing","floor":7,"turns":5},{"damage":0,"enemies":"Hallownest:2_MossCreeps","floor":10,"turns":2},{"damage":18,"enemies":"Hallownest:eliteCrystalGuardian","floor":11,"turns":5},{"damage":0,"enemies":"2_ Uuma","floor":12,"turns":5},{"damage":1,"enemies":"Hallownest:1_Ooma_and_2_Uuma","floor":13,"turns":6},{"damage":0,"enemies":"Hallownest:eliteVengeflyKing","floor":14,"turns":4},{"damage":32,"enemies":"Hallownest:BossBrokenVessel","floor":16,"turns":9},{"damage":12,"enemies":"Shell Parasite","floor":18,"turns":5},{"damage":6,"enemies":"Chosen","floor":20,"turns":5},{"damage":32,"enemies":"Centurion and Healer","floor":22,"turns":7},{"damage":8,"enemies":"Cultist and Chosen","floor":24,"turns":4},{"damage":36,"enemies":"Replay:Snechameleon","floor":25,"turns":6},{"damage":15,"enemies":"Snake Plant","floor":30,"turns":4},{"damage":3,"enemies":"Snecko","floor":31,"turns":6},{"damage":80,"enemies":"conspire:MysteriousRune","floor":33,"turns":10},{"damage":1,"enemies":"Orb Walker","floor":35,"turns":4},{"damage":21,"enemies":"3 Darklings","floor":36,"turns":5},{"damage":19,"enemies":"conspire:MimicChest","floor":39,"turns":6},{"damage":14,"enemies":"Jaw Worm Horde","floor":41,"turns":3},{"damage":18,"enemies":"Writhing Mass","floor":46,"turns":7},{"damage":3,"enemies":"Spire Growth","floor":48,"turns":8},{"damage":51,"enemies":"Replay:Hell Engine","floor":50,"turns":10}],"seed_played":"3478681739798820673","potions_obtained":[{"floor":1,"key":"Explosive Potion"},{"floor":12,"key":"DuplicationPotion"},{"floor":25,"key":"Milkshake"},{"floor":30,"key":"Adrenaline Potion"},{"floor":35,"key":"Weak Potion"},{"floor":41,"key":"Doom Potion"},{"floor":46,"key":"DistilledChaos"}],"is_trial":false,"path_per_floor":["M","?","?","T","?","R","E","R","T","M","E","M","M","?","R","B",null,"M","?","M","?","M","R","M","E","T","$","?","R","M","M","R","B",null,"M","M","?","?","?","R","M","$","T","R","?","M","R","M","R","B",null],"character_chosen":"WATCHER","items_purchased":["Orrery","LikeWater","Transmutation","Lizard Tail","MentalFortress","Protect"],"campfire_rested":7,"item_purchase_floors":[27,27,27,42,42,42],"current_hp_per_floor":[40,40,40,40,40,61,59,59,59,59,43,43,44,46,69,37,86,74,74,70,70,38,67,61,25,25,61,61,101,88,85,126,46,115,114,93,93,93,76,118,104,128,128,164,170,154,154,151,151,100],"gold":48,"neow_bonus":"RANDOM_COLORLESS_2","is_daily":false,"chose_seed":false,"campfire_upgraded":3,"win_rate":0.0,"timestamp":1613307661,"path_taken":["M","?","?","?","?","R","E","R","T","M","E","M","?","?","R","BOSS","M","?","?","?","?","R","M","E","T","$","?","R","?","M","R","BOSS","M","M","?","?","?","R","M","$","T","R","?","?","R","M","R","BOSS"],"items_purchased_type":["Relic","Card","Card","Relic","Card","Card"],"build_version":"2020-12-22","purchased_purges":2,"victory":true,"max_hp_per_floor":[72,72,72,72,72,72,72,72,72,72,74,74,76,78,78,78,96,96,96,98,98,98,98,100,100,100,136,136,136,138,138,138,138,138,138,138,138,138,140,140,140,164,164,164,170,172,172,172,172,172],"card_choices":[{"not_picked":["Sadistic Nature","Chrysalis"],"picked":"Apotheosis","floor":0},{"not_picked":["Replay:Anticipation","FlyingSleeves"],"picked":"Crescendo","floor":1},{"not_picked":["CutThroughFate","Crescendo"],"picked":"BowlingBash","floor":7},{"not_picked":["DeceiveReality","FollowUp"],"picked":"Evaluate","floor":10},{"not_picked":["Collect","Prostrate","Replay:Anticipation"],"picked":"Singing Bowl","floor":11},{"not_picked":["Collect","CutThroughFate"],"picked":"EmptyMind","floor":12},{"not_picked":["SashWhip","Adaptation","FollowUp"],"picked":"Singing Bowl","floor":13},{"not_picked":["Crescendo","Protect","SpiritShield"],"picked":"Singing Bowl","floor":14},{"not_picked":["Omniscience","MasterReality"],"picked":"Alpha","floor":16},{"not_picked":["hubris:Lust","ReplayTheSpireMod:IOU"],"picked":"hubris:Despair","floor":17},{"not_picked":["ReplayTheSpireMod:Restless Dread","hubris:Envy"],"picked":"Pain","floor":17},{"not_picked":["hubris:Lust","Hallownest:curseDreamersLament"],"picked":"Sickly","floor":17},{"not_picked":["EmptyFist+1","Crescendo"],"picked":"Consecrate","floor":18},{"not_picked":["EmptyFist+1","Collect","MasterReality"],"picked":"Singing Bowl","floor":20},{"not_picked":["Replay:Anticipation+1","Replay:BluntJabs+1"],"picked":"MentalFortress","floor":22},{"not_picked":["Crescendo","Consecrate+1","LikeWater"],"picked":"Singing Bowl","floor":24},{"not_picked":["ThirdEye","LessonLearned"],"picked":"DeceiveReality","floor":25},{"not_picked":["Crescendo","Replay:BluntJabs","FlyingSleeves"],"picked":"Singing Bowl","floor":27},{"not_picked":["FollowUp+1","Crescendo+1"],"picked":"Protect","floor":27},{"not_picked":["Replay:BluntJabs","Replay:DivineShield"],"picked":"FlurryOfBlows+1","floor":27},{"not_picked":["ForeignInfluence","SashWhip+1","JustLucky+1"],"picked":"Singing Bowl","floor":27},{"not_picked":["JustLucky+1","Replay:Vibes+1","Wireheading"],"picked":"Singing Bowl","floor":27},{"not_picked":["Sanctity","Adaptation","Study+1"],"picked":"Singing Bowl","floor":30},{"not_picked":["Replay:AtTheReady","JustLucky"],"picked":"FlurryOfBlows","floor":31},{"not_picked":["Ragnarok","ConjureBlade"],"picked":"Wish","floor":33},{"not_picked":["WheelKick","FollowUp+1"],"picked":"ThirdEye","floor":35},{"not_picked":["CutThroughFate+1","Replay:AtTheReady+1"],"picked":"Evaluate","floor":36},{"not_picked":["FlyingSleeves","Indignation","FollowUp"],"picked":"Singing Bowl","floor":39},{"not_picked":["ForeignInfluence","WreathOfFlame+1"],"picked":"Evaluate","floor":41},{"not_picked":["Ragnarok","CarveReality+1","EmptyFist+1"],"picked":"Singing Bowl","floor":46},{"not_picked":["ReachHeaven","BowlingBash+1"],"picked":"Replay:AtTheReady","floor":48}],"player_experience":2304463,"relics_obtained":[{"floor":4,"key":"ReplayFunnel"},{"floor":7,"key":"hubris:MysteriousPyramids"},{"floor":9,"key":"Singing Bowl"},{"floor":11,"key":"Blue Candle"},{"floor":14,"key":"Darkstone Periapt"},{"floor":25,"key":"Quantum Egg"},{"floor":26,"key":"hubris:DeckOfHolding"},{"floor":39,"key":"Matryoshka"},{"floor":43,"key":"hubris:SlimyHat"},{"floor":43,"key":"HollowMod:LifeEnderRelic"},{"floor":45,"key":"ReplayTheSpireMod:Ring of Exchange"},{"floor":45,"key":"ReplayTheSpireMod:Ring of Challenge"}],"event_choices":[{"damage_healed":0,"gold_gain":0,"player_choice":"Upgraded","damage_taken":0,"max_hp_gain":0,"max_hp_loss":0,"event_name":"Upgrade Shrine","floor":19,"gold_loss":0,"cards_upgraded":["Eruption"]},{"damage_healed":0,"gold_gain":0,"player_choice":"1 cards matched","damage_taken":0,"max_hp_gain":0,"max_hp_loss":0,"event_name":"Match and Keep!","floor":21,"gold_loss":0,"cards_obtained":["Omniscience"]},{"cards_removed":["Sickly"],"damage_healed":0,"gold_gain":0,"player_choice":"Purged","damage_taken":0,"max_hp_gain":0,"max_hp_loss":0,"event_name":"Purifier","floor":28,"gold_loss":0}],"is_beta":false,"boss_relics":[{"not_picked":["conspire:SpecialSausage","Empty Cage"],"picked":"Replay:Ancient Bell"},{"not_picked":["hubris:ToyBattleship","Bronze Scales"],"picked":"Replay:Wax Seal"},{"not_picked":["hubris:SphereOfDissonance","Ornamental Fan"],"picked":"Replay:WaspNest"},{"not_picked":["Pocketwatch","WingedGreaves"],"picked":"Replay:Kaleidoscope"},{"not_picked":["hubris:RunicObelisk","conspire:RunicOctahedron"],"picked":"Snecko Heart"}],"items_purged_floors":[27,42],"is_endless":false,"potions_floor_spawned":[1,12,25,30,35,41,46],"ascension_level":8}}