{"host":"hf83sijwe64ts2lm","time":1613273581,"event":{"mods":["2.2 Compatiblity","BaseMod","Better Altar","Better Match","Better Note","Better Sensory Stone","Better Skull","Better Third Choice","Colored Map","Colored Powertips","Highlight Path","Hubris","Infinite Spire","Minty Spire (QoL Compilation)","Quick Restart","Rare Cards Sparkle","Relic Stats","Reliquary","Replay The Spire","Shop Mod","Spicy Shops","Spire Arcade","StSLib","Thieving Mod"],"gold_per_floor":[111,128,138,138,158,158,192,208,283,283,294,323,323,358,358,455,455,465,465,484,484,501,501,22,47,47,47,57,57,75,91,91,91,91],"floor_reached":33,"language":"ENG","playtime":3453,"items_purged":[],"score":361,"play_id":"b449cd05-6936-4143-95f9-15a5ae2bb941","local_time":"20210213223301","is_ascension_mode":true,"campfire_choices":[{"floor":6.0,"key":"RECALL"},{"data":"Seeing Red","floor":10.0,"key":"SMITH"},{"floor":13.0,"key":"REST"},{"data":"Infernal Blade","floor":15.0,"key":"SMITH"},{"data":"ReplayTheSpireMod:LeadingStrike","floor":23,"key":"SMITH"},{"data":"infinitespire:FinalStrike","floor":29,"key":"SMITH"},{"data":"Armaments","floor":32,"key":"SMITH"}],"circlet_count":0,"master_deck":["Strike_R","Strike_R","Strike_R","Strike_R","Strike_R","Defend_R","Defend_R","Defend_R","Defend_R","Bash","Armaments+1","Inflame","Seeing Red+1","Armaments","Anger+1","Whirlwind","Anger","Carnage","Rupture","Infernal Blade+1","Reaper+1","Shockwave","ReplayTheSpireMod:LeadingStrike+1","Run Through","Feed","hubris:StunningStrike","hubris:StunningStrike","Rupture","infinitespire:FinalStrike+1","Anger","Combust+1","Inflame"],"relics":["Burning Blood","hubris:Icosahedron","Replay:Rubber Ducky","Toy Ornithopter","hubris:AstralHammer","Boot","Whetstone","hubris:FunFungus","reliquary:Stiletto","hubris:BlackHole","hubris:Potato"],"acts_visited":["Exordium","TheCity"],"potions_floor_usage":[20,20,25,25,30],"damage_taken":[{"damage":5.0,"enemies":"Cultist","floor":1.0,"turns":4.0},{"damage":16.0,"enemies":"Jaw Worm","floor":2.0,"turns":4.0},{"damage":13.0,"enemies":"Small Slimes","floor":3.0,"turns":4.0},{"damage":0.0,"enemies":"Exordium Thugs","floor":5.0,"turns":4.0},{"damage":12.0,"enemies":"Gremlin Nob","floor":7.0,"turns":3.0},{"damage":6.0,"enemies":"2 Fungi Beasts","floor":8.0,"turns":2.0},{"damage":8.0,"enemies":"Blue Slaver","floor":11.0,"turns":3.0},{"damage":27.0,"enemies":"Lagavulin","floor":12.0,"turns":4.0},{"damage":10.0,"enemies":"Gremlin Nob","floor":14.0,"turns":3.0},{"damage":50,"enemies":"Fading Forest","floor":16,"turns":11},{"damage":9,"enemies":"Chosen","floor":18,"turns":3},{"damage":19,"enemies":"Spheric Guardian","floor":20,"turns":5},{"damage":0,"enemies":"Snecko","floor":22,"turns":4},{"damage":13,"enemies":"Gremlin Leader","floor":25,"turns":6},{"damage":7,"enemies":"Chosen and Byrds","floor":28,"turns":3},{"damage":6,"enemies":"Centurion and Healer","floor":30,"turns":2},{"damage":19,"enemies":"Snake Plant","floor":31,"turns":2},{"damage":125,"enemies":"Collector","floor":33,"turns":11}],"seed_played":"7140239474026778710","potions_obtained":[{"floor":2.0,"key":"FearPotion"},{"floor":5.0,"key":"BlessingOfTheForge"},{"floor":7.0,"key":"Explosive Potion"},{"floor":11.0,"key":"Weak Potion"},{"floor":12.0,"key":"ElixirPotion"},{"floor":16,"key":"Languid Potion"},{"floor":18,"key":"Dexterity Potion"},{"floor":21,"key":"Reflective Coating"},{"floor":21,"key":"infinitespire:BlackPotion"},{"floor":28,"key":"Strength Potion"},{"floor":31,"key":"LiquidMemories"}],"is_trial":false,"path_per_floor":["M","M","M","?","M","R","E","M","T","R","M","E","R","E","R","B",null,"M","?","M","?","M","R","$","E","T","AVR","M","R","M","M","R","B"],"character_chosen":"IRONCLAD","items_purchased":["Feed","hubris:StunningStrike","Boot","Whetstone"],"campfire_rested":1,"item_purchase_floors":[24,24,24,24],"current_hp_per_floor":[80,70,63,63,69,69,63,63,63,63,61,40,64,60,60,35,69,66,66,63,63,69,69,69,72,72,72,80,80,83,74,74,0,0],"gold":91,"neow_bonus":"THREE_CARDS","is_daily":false,"chose_seed":false,"campfire_upgraded":5,"win_rate":0.0,"timestamp":1613273581,"path_taken":["M","M","M","?","M","R","E","M","T","R","M","E","R","E","R","BOSS","M","?","M","?","M","R","$","E","T","AVR","M","R","?","M","R","BOSS"],"items_purchased_type":["Card","Card","Relic","Relic"],"build_version":"2020-12-22","purchased_purges":0,"victory":false,"max_hp_per_floor":[80,80,80,80,80,80,80,80,80,80,80,80,80,80,80,80,80,80,80,80,80,80,80,80,80,80,80,83,83,83,83,83,83,83],"relic_stats":{"counters":[18,78],"Whetstone":["Anger","Reaper"],"Boot":[32],"obtain_stats":[{"hubris:BlackHole":27,"hubris:Icosahedron":4,"hubris:AstralHammer":16,"hubris:FunFungus":25,"reliquary:Stiletto":26,"Whetstone":24,"Boot":24,"Burning Blood":0,"Toy Ornithopter":12,"hubris:Potato":27,"Replay:Rubber Ducky":7,"reliquary:FerryPass":14},{"hubris:BlackHole":14,"hubris:Icosahedron":3,"hubris:AstralHammer":10,"hubris:FunFungus":14,"reliquary:Stiletto":14,"Whetstone":13,"Boot":13,"Burning Blood":0,"Toy Ornithopter":8,"hubris:Potato":14,"Replay:Rubber Ducky":5,"reliquary:FerryPass":9},{"hubris:BlackHole":60,"hubris:Icosahedron":12,"hubris:AstralHammer":42,"hubris:FunFungus":60,"reliquary:Stiletto":60,"Whetstone":54,"Boot":54,"Burning Blood":0,"Toy Ornithopter":28,"hubris:Potato":60,"Replay:Rubber Ducky":19,"reliquary:FerryPass":31}],"Burning Blood":97,"Toy Ornithopter":23},"card_choices":[{"not_picked":["Sever Soul","Perfected Strike"],"picked":"Armaments","floor":0.0},{"not_picked":["Anger","Warcry"],"picked":"Inflame","floor":1.0},{"not_picked":["Corruption","Warcry"],"picked":"Seeing Red","floor":2.0},{"not_picked":["Dark Embrace","Shrug It Off"],"picked":"Armaments","floor":3.0},{"not_picked":["Pommel Strike","Warcry"],"picked":"Anger","floor":5.0},{"not_picked":["Corruption","Sword Boomerang"],"picked":"Whirlwind","floor":7.0},{"not_picked":["Blood for Blood","Clothesline"],"picked":"Anger","floor":8.0},{"not_picked":["Power Through","Replay:Undeath\u0027s Touch"],"picked":"Carnage","floor":11.0},{"not_picked":["Heavy Blade","ReplayTheSpireMod:Strike From Hell"],"picked":"Rupture","floor":12.0},{"not_picked":["Dual Wield","Uppercut"],"picked":"Infernal Blade","floor":14.0},{"not_picked":["Eclipse","Replay:Many Hands"],"picked":"Reaper","floor":16},{"not_picked":["Searing Blow","Bloodletting"],"picked":"Shockwave","floor":18},{"not_picked":["Sword Boomerang+1","ReplayTheSpireMod:Limb From Limb"],"picked":"ReplayTheSpireMod:LeadingStrike","floor":20},{"not_picked":["Massacre","hubris:ReadiedAction"],"picked":"Run Through","floor":22},{"not_picked":["Whirlwind+1","Carnage+1"],"picked":"Rupture","floor":25},{"not_picked":["Burning Pact","Power Through"],"picked":"Anger","floor":28},{"not_picked":["Thunderclap","Searing Blow"],"picked":"Combust+1","floor":30},{"not_picked":["Warcry+1","Twin Strike"],"picked":"Inflame","floor":31}],"player_experience":176378,"relics_obtained":[{"floor":7.0,"key":"Replay:Rubber Ducky"},{"floor":12.0,"key":"Toy Ornithopter"},{"floor":14.0,"key":"reliquary:FerryPass"},{"floor":16,"key":"hubris:AstralHammer"},{"floor":25,"key":"hubris:FunFungus"},{"floor":26,"key":"reliquary:Stiletto"}],"event_choices":[{"damage_healed":0,"gold_gain":0,"player_choice":"Got Potions","damage_taken":0,"max_hp_gain":0,"max_hp_loss":0,"event_name":"Lab","floor":21,"gold_loss":0}],"is_beta":false,"boss_relics":[{"not_picked":["hubris:CrackedHourglass","Kintsugi","hubris:TerracottaHorce"]}],"items_purged_floors":[],"is_endless":false,"potions_floor_spawned":[2,5,7,11,12,16,18,22,28,31],"killed_by":"Collector","ascension_level":5}}