{"host":"lx2ngef1mcpp0cnu","time":1613301398,"event":{"mods":["2.2 Compatiblity","Aspiration","Astrologer","BaseMod","Better Note","BetterRewards","Colored Map","Custom Start","Downfall","Googly Eyes","GungeonMod","Highlight Path","Mad Scientist","Marisa????????","Minty Spire (QoL Compilation)","Potionbrewer","READ ME - Guardian Mod","Shop Mod","Somnambulant","StSLib","SuperFastMode","Td1madao Mod","The Bug Knight","The Construct","The Cursed","The Disciple","The Hierophant","The Judge","The Necromancer","The Saiyan","The Servant 0.9.4","[IsaacMod]????","thorton"],"gold_per_floor":[115,128,143,153,176,233,3,54,108,108,100,154,208,266,266,262,262],"floor_reached":16,"language":"ENG","playtime":828,"items_purged":[],"score":151,"play_id":"74aab7eb-faea-46e0-aa88-b54ea8cff883","local_time":"20210214061638","is_ascension_mode":false,"campfire_choices":[{"floor":10,"key":"REST"},{"floor":15,"key":"REST"}],"circlet_count":0,"master_deck":["hierophant:Strike_Hierophant","hierophant:Strike_Hierophant","hierophant:Strike_Hierophant","hierophant:Strike_Hierophant","hierophant:Punish","hierophant:Defend_Hierophant","hierophant:Defend_Hierophant","hierophant:Defend_Hierophant","hierophant:Defend_Hierophant","hierophant:ChurchCoffers","EpicFetus","hierophant:HolyVerse","hierophant:HolyVerse","hierophant:RustyCrate","hierophant:Doubloon","hierophant:Doubloon","hierophant:Alms","hierophant:Endure","hierophant:MorningPrayer","hierophant:Refuge","hierophant:Doubloon","hierophant:Doubloon","hierophant:CursedGold","hierophant:Batter","hierophant:Chorus","hierophant:OrnateBuckler","hierophant:MirrorShield"],"relics":["hierophant:PropheticMaskRelic","HushsDoor","DeathBook","potionbrewer:ToyAutogyro","Orichalcum","Sundial","DemoMod:GlassGuonStoneRelic","aspiration:HatOfInfinitePower"],"acts_visited":["Exordium"],"potions_floor_usage":[3,11,14],"damage_taken":[{"damage":8,"enemies":"Cultist","floor":1,"turns":5},{"damage":0,"enemies":"2 Louse","floor":2,"turns":1},{"damage":0,"enemies":"Small Slimes","floor":3,"turns":1},{"damage":9,"enemies":"Looter","floor":4,"turns":3},{"damage":4,"enemies":"Blue Slaver","floor":5,"turns":3},{"damage":25,"enemies":"Lagavulin","floor":6,"turns":7},{"damage":10,"enemies":"Gremlin Nob","floor":8,"turns":3},{"damage":7,"enemies":"Exordium Thugs","floor":11,"turns":5},{"damage":5,"enemies":"Lots of Slimes","floor":12,"turns":2},{"damage":24,"enemies":"Large Slime","floor":13,"turns":5},{"damage":10,"enemies":"HollowMod:MossKnight","floor":14,"turns":8},{"damage":28,"enemies":"Slime Boss","floor":16,"turns":3}],"seed_played":"-6791530598477637508","potions_obtained":[{"floor":1,"key":"Ancient Potion"},{"floor":2,"key":"Explosive Potion"},{"floor":8,"key":"sneckomod:MuddlingPotion"},{"floor":11,"key":"Energy Potion"},{"floor":14,"key":"Regen Potion"}],"is_trial":false,"path_per_floor":["M","M","M","M","M","E","$","E","T","R","M","M","M","E","R","B"],"character_chosen":"HIEROPHANT","items_purchased":["Orichalcum","hierophant:Refuge"],"campfire_rested":2,"item_purchase_floors":[7,7],"current_hp_per_floor":[74,74,74,65,61,36,36,26,26,50,43,38,14,4,28,0,0],"gold":262,"neow_bonus":"TEN_PERCENT_HP_BONUS","is_daily":false,"chose_seed":false,"campfire_upgraded":0,"win_rate":0.0,"timestamp":1613301398,"path_taken":["M","M","?","M","M","E","$","E","T","R","?","M","M","E","R","BOSS"],"items_purchased_type":["Relic","Card"],"build_version":"2020-12-22","purchased_purges":0,"victory":false,"max_hp_per_floor":[82,82,82,82,82,82,82,82,82,82,82,82,82,82,82,82,82],"card_choices":[{"not_picked":[],"picked":"EpicFetus","floor":0},{"not_picked":["hierophant:FaithHealing","hierophant:DisplayOfPower"],"picked":"hierophant:HolyVerse","floor":1},{"not_picked":["hierophant:CursedGold","hierophant:Dazzle"],"picked":"hierophant:HolyVerse","floor":2},{"not_picked":["hierophant:Sermon","Bomb"],"picked":"hierophant:RustyCrate","floor":3},{"not_picked":["hierophant:ArchangelShield","hierophant:FieryStrike"],"picked":"hierophant:Alms","floor":4},{"not_picked":["hierophant:PristineSoul","hierophant:Dazzle"],"picked":"hierophant:Endure","floor":5},{"not_picked":["hierophant:FieryStrike","hierophant:CursedGold"],"picked":"hierophant:MorningPrayer","floor":6},{"not_picked":["hierophant:DisplayOfPower","hierophant:SealAway"],"picked":"hierophant:CursedGold","floor":8},{"not_picked":["hierophant:Upheaval","hierophant:FlamingChariot"],"picked":"hierophant:Batter","floor":11},{"not_picked":["hierophant:Zeal","hierophant:RustyCrate"],"picked":"hierophant:Chorus","floor":12},{"not_picked":["hierophant:Remorse","hierophant:FieryStrike"],"picked":"hierophant:OrnateBuckler","floor":13},{"not_picked":["hierophant:Endure","hierophant:Prophecy"],"picked":"hierophant:MirrorShield","floor":14}],"player_experience":589852,"relics_obtained":[{"floor":6,"key":"potionbrewer:ToyAutogyro"},{"floor":8,"key":"Sundial"},{"floor":14,"key":"aspiration:HatOfInfinitePower"}],"event_choices":[],"is_beta":false,"boss_relics":[],"items_purged_floors":[],"is_endless":false,"potions_floor_spawned":[1,2,8,11,14],"killed_by":"Slime Boss","ascension_level":0}}