{"host":"wghdsg8ym2wc7ov9","time":1613341821,"event":{"mods":["A Penny For Your Troubles","AchievementEnabler","Astrologer","BaseMod","Beaked The Cultist","Better Altar","Better Note","Bossed Relics","ChefMod","Colored Map","Evolution","Fox Events","Hermit","Highlight Path","Jorbs\u0027s Wanderer Trilogy","KinomotoSakuraMod(????)","Minty Spire (QoL Compilation)","Random Character Button","Relic Stats","SIMod","Shop Mod","StSLib","The Blackbeard","The Bladedancer","The Construct","The Cursed","The Death Knight","The Gatherer","The Hierophant","The Marked","The Mystic","The Necromancer","The Runesmith","The Senshi","The Servant 0.9.4","Weighted Paths"],"gold_per_floor":[118,133,133,148,161,161,201,201,226,265,265,281,309,344,344,472,472,490,513,538,277,298,333,333,358,358,316,335,335,335],"floor_reached":29,"language":"ENG","playtime":3608,"items_purged":[],"score":280,"play_id":"af488236-dc1a-4d50-9189-5f15f4040142","local_time":"20210214143021","is_ascension_mode":true,"campfire_choices":[{"data":"Death_March_Dance","floor":6.0,"key":"SMITH"},{"floor":8.0,"key":"REST"},{"data":"Blood_Curse","floor":11.0,"key":"SMITH"},{"floor":15.0,"key":"REST"},{"floor":24.0,"key":"REST"}],"circlet_count":0,"master_deck":["Strike_W","Strike_W","Strike_W","Strike_W","Defend_W","Defend_W","Defend_W","Defend_W","Negative_Energy_Arrows","Bone_Wall","Negative_Energy_Javelin","Spectral_Armor","Injury","Death_March_Dance+1","Blood_Curse+1","Toxic_Smoke_Screen","Acid_Javelin","Uncharnel","Bone_Shift","Toxic_Smoke_Screen","Detonate_Bones","Shackles_Of_Pain","Blood_Curse","Stop_Heart+1","Bone_Armory","Corrupt","Spectral_Armor+1","Cloudkill","Stop_Heart","stsjorbsmod:Amnesia","Negative_Energy_Mist"],"relics":["Vampire_Amulet","EVO:Axolotl","Golden Idol","Centennial Puzzle","Strawberry","MealTicket","Odd Mushroom","Smiling Mask","Cursed Key","Strange Spoon","Potion Belt"],"acts_visited":["Exordium","TheCity"],"potions_floor_usage":[],"damage_taken":[{"damage":1.0,"enemies":"Jaw Worm","floor":1.0,"turns":4.0},{"damage":5.0,"enemies":"Small Slimes","floor":2.0,"turns":3.0},{"damage":5.0,"enemies":"2 Louse","floor":4.0,"turns":3.0},{"damage":9.0,"enemies":"Looter","floor":5.0,"turns":4.0},{"damage":31.0,"enemies":"Gremlin Nob","floor":7.0,"turns":5.0},{"damage":26.0,"enemies":"Lagavulin","floor":10.0,"turns":11.0},{"damage":0.0,"enemies":"Blue Slaver","floor":12.0,"turns":3.0},{"damage":25.0,"enemies":"The Mushroom Lair","floor":13.0,"turns":4.0},{"damage":8.0,"enemies":"3 Sentries","floor":14.0,"turns":10.0},{"damage":26.0,"enemies":"The Guardian","floor":16.0,"turns":18.0},{"damage":0.0,"enemies":"Spheric Guardian","floor":18.0,"turns":4.0},{"damage":11.0,"enemies":"3 Byrds","floor":19.0,"turns":5.0},{"damage":11.0,"enemies":"Snake Plant","floor":20.0,"turns":4.0},{"damage":20.0,"enemies":"Sentry and Sphere","floor":22.0,"turns":5.0},{"damage":39.0,"enemies":"Slavers","floor":23.0,"turns":9.0},{"damage":10.0,"enemies":"Centurion and Healer","floor":25.0,"turns":6.0},{"damage":19,"enemies":"Snake Plant","floor":28,"turns":4},{"damage":51,"enemies":"Gremlin Leader","floor":29,"turns":5}],"seed_played":"4996639699523024038","potions_obtained":[{"floor":1.0,"key":"Swift Potion"},{"floor":5.0,"key":"Fire Potion"},{"floor":10.0,"key":"Regen Potion"},{"floor":12.0,"key":"BlessingOfTheForge"},{"floor":16.0,"key":"Weak Potion"},{"floor":20.0,"key":"Dexterity Potion"},{"floor":25.0,"key":"Ancient Potion"}],"is_trial":false,"path_per_floor":["M","M","?","M","M","R","E","R","T","E","R","M","?","E","R","B",null,"M","M","M","$","M","E","R","M","T","?","M","E"],"character_chosen":"NECROMANCER","items_purchased":["Strange Spoon","Bone_Armory","Corrupt"],"campfire_rested":3,"item_purchase_floors":[21,21,21],"current_hp_per_floor":[82,79,79,78,71,71,42,66,73,49,49,51,32,45,71,47,89,89,84,75,89,71,38,64,58,58,58,41,0,0],"gold":335,"neow_bonus":"TEN_PERCENT_HP_BONUS","is_daily":false,"chose_seed":false,"campfire_upgraded":2,"win_rate":0.0,"timestamp":1613341821,"path_taken":["M","M","?","M","M","R","E","R","T","E","R","M","?","E","R","BOSS","M","M","M","$","M","E","R","M","T","?","M","E"],"items_purchased_type":["Relic","Card","Card"],"build_version":"2020-12-22","purchased_purges":0,"victory":false,"max_hp_per_floor":[82,82,82,82,82,82,82,82,89,89,89,89,89,89,89,89,89,89,89,89,89,89,89,89,89,89,89,89,89,89],"relic_stats":{"Strange Spoon":[12],"Centennial Puzzle":[33],"counters":[18,107],"Golden Idol":98,"MealTicket":14,"Smiling Mask":0,"Cursed Key":1,"obtain_stats":[{"Potion Belt":23,"Strange Spoon":21,"Centennial Puzzle":7,"Golden Idol":3,"Strawberry":9,"MealTicket":10,"Vampire_Amulet":0,"EVO:Axolotl":0,"Odd Mushroom":13,"Smiling Mask":14,"Cursed Key":17},{"Potion Belt":15,"Strange Spoon":13,"Centennial Puzzle":5,"Golden Idol":2,"Strawberry":5,"MealTicket":6,"Vampire_Amulet":0,"EVO:Axolotl":0,"Odd Mushroom":8,"Smiling Mask":9,"Cursed Key":10},{"Potion Belt":92,"Strange Spoon":78,"Centennial Puzzle":19,"Golden Idol":7,"Strawberry":19,"MealTicket":30,"Vampire_Amulet":0,"EVO:Axolotl":0,"Odd Mushroom":37,"Smiling Mask":47,"Cursed Key":65}]},"card_choices":[{"not_picked":["Strike_from_Beyond","Shackles_Of_Pain"],"picked":"Negative_Energy_Javelin","floor":1.0},{"not_picked":["Toxic_Smoke_Screen","Death_Knell"],"picked":"Spectral_Armor","floor":2.0},{"not_picked":["Bone_Bullets","Blood_for_Blood"],"picked":"Death_March_Dance","floor":4.0},{"not_picked":["Blood_Whip","Epidemic"],"picked":"Blood_Curse","floor":5.0},{"not_picked":["Exploit","Blood_Wake"],"picked":"Toxic_Smoke_Screen","floor":7.0},{"not_picked":["Thousand_Bone_Knives","Chill_Blood"],"picked":"Acid_Javelin","floor":10.0},{"not_picked":["Vampiric_Strike","Shackles_Of_Pain"],"picked":"Uncharnel","floor":12.0},{"not_picked":["Chill_Blood","Blood_for_Blood"],"picked":"Bone_Shift","floor":13.0},{"not_picked":["Death_Coil","Death_March_Dance"],"picked":"Toxic_Smoke_Screen","floor":14.0},{"not_picked":["Reap_The_Weak","Negative_Energy_Bomb"],"picked":"Detonate_Bones","floor":16.0},{"not_picked":["Bone_Spikes+1","Consume_Illness+1"],"picked":"Shackles_Of_Pain","floor":18.0},{"not_picked":["Toxic_Smoke_Screen","Negative_Energy_Javelin+1"],"picked":"Blood_Curse","floor":19.0},{"not_picked":["Death_Coil","Death_March_Dance"],"picked":"Stop_Heart+1","floor":20.0},{"not_picked":["Negative_Energy_Mist+1","Reap_The_Weak"],"picked":"Spectral_Armor+1","floor":22.0},{"not_picked":["Summon_Lich","Death_March_Dance"],"picked":"Cloudkill","floor":23.0},{"not_picked":["Bones_to_Steel","Epidemic"],"picked":"Stop_Heart","floor":25.0},{"not_picked":["Exploit","Whirlwind_of_Bones"],"picked":"Negative_Energy_Mist","floor":28}],"player_experience":970978,"relics_obtained":[{"floor":7.0,"key":"Centennial Puzzle"},{"floor":9.0,"key":"Strawberry"},{"floor":10.0,"key":"MealTicket"},{"floor":13.0,"key":"Odd Mushroom"},{"floor":14.0,"key":"Smiling Mask"},{"floor":23.0,"key":"Potion Belt"}],"event_choices":[{"damage_healed":0.0,"max_hp_gain":0.0,"max_hp_loss":0.0,"gold_gain":0.0,"event_name":"Golden Idol","player_choice":"Take Wound","floor":3.0,"gold_loss":0.0,"damage_taken":0.0,"relics_obtained":["Golden Idol"],"cards_obtained":["Injury"]},{"damage_healed":0.0,"max_hp_gain":0.0,"max_hp_loss":0.0,"gold_gain":0.0,"event_name":"Mushrooms","player_choice":"Fought Mushrooms","floor":13.0,"gold_loss":0.0,"damage_taken":0.0}],"is_beta":false,"boss_relics":[{"not_picked":["Busted Crown","Runic Pyramid"],"picked":"Cursed Key"}],"items_purged_floors":[],"is_endless":false,"potions_floor_spawned":[1,5,10,12,16,20,25],"killed_by":"Gremlin Leader","ascension_level":1}}