{"host":"ix07nhfx4o3nf6kx","time":1613271470,"event":{"mods":["BaseMod","Hermit","Minty Spire (QoL Compilation)","StSLib","The Bug Knight","The Cursed","The Dragon Tamer","The Hierophant","The Jungle","The Runesmith"],"gold_per_floor":[109,39,114,78,78,78,89,104,129,140,140,153,163,182,182,284,284,294,294,308,308,308],"floor_reached":21,"language":"KOR","playtime":2099,"items_purged":[],"score":173,"play_id":"8953aa6e-bab9-46a5-a3a3-956021ee6689","local_time":"20210214115750","is_ascension_mode":false,"campfire_choices":[{"data":"HollowMod:BaldurShell","floor":6,"key":"SMITH"},{"data":"HollowMod:SoulEater","floor":15,"key":"SMITH"}],"circlet_count":0,"master_deck":["HollowMod:NailStrikeStart+1","HollowMod:NailStrikeStart","HollowMod:NailStrikeStart","HollowMod:QuickDashStart","HollowMod:QuickDashStart","HollowMod:QuickDashStart","HollowMod:FocusHealStart","HollowMod:PogoStrike","HollowMod:BaldurShell+1","HollowMod:BrokenVessel+1","HollowMod:SoulSplash","HollowMod:MothsMistake","HollowMod:SoulEater+1","HollowMod:CycloneSlash","HollowMod:SharpenedNail","HollowMod:DungDefenderAura","HollowMod:SoulSplash","HollowMod:AwokenDreamNail","HollowMod:SiblingsSouls","HollowMod:NewInfectedGuardian","HollowMod:NewGlowingWomb","HollowMod:NewJinnsSoul"],"relics":["HollowMod:VesselMask","Orichalcum","WarpedTongs","SlaversCollar"],"acts_visited":["Exordium","TheCity"],"potions_floor_usage":[16,20,21,21],"damage_taken":[{"damage":0,"enemies":"2 Louse","floor":1,"turns":2},{"damage":2,"enemies":"Jaw Worm","floor":7,"turns":4},{"damage":0,"enemies":"Cultist","floor":8,"turns":4},{"damage":3,"enemies":"Blue Slaver","floor":10,"turns":4},{"damage":7,"enemies":"Exordium Wildlife","floor":12,"turns":3},{"damage":5,"enemies":"Large Slime","floor":13,"turns":5},{"damage":9,"enemies":"Blue Slaver","floor":14,"turns":4},{"damage":40,"enemies":"Slime Boss","floor":16,"turns":8},{"damage":41,"enemies":"Spheric Guardian","floor":18,"turns":6},{"damage":32,"enemies":"Chosen","floor":20,"turns":5},{"damage":18,"enemies":"Snecko","floor":21,"turns":3}],"seed_played":"2983847107840682194","potions_obtained":[{"floor":1,"key":"ColorlessPotion"},{"floor":8,"key":"Fire Potion"},{"floor":10,"key":"CultistPotion"},{"floor":12,"key":"Fire Potion"},{"floor":20,"key":"DuplicationPotion"}],"is_trial":false,"path_per_floor":["M","$","?","$","?","R","M","M","T","M","?","M","M","M","R","B",null,"M","?","M","M"],"character_chosen":"THE_BUGKNIGHT","items_purchased":["HollowMod:MothsMistake","HollowMod:SoulEater"],"campfire_rested":0,"item_purchase_floors":[2,4],"current_hp_per_floor":[68,68,57,57,43,43,47,57,57,60,60,59,60,51,51,17,68,33,33,1,0,0],"gold":308,"neow_bonus":"TRANSFORM_TWO_CARDS","is_daily":false,"chose_seed":false,"campfire_upgraded":2,"win_rate":0.0,"timestamp":1613271470,"path_taken":["M","$","?","$","?","R","?","M","T","M","?","M","?","M","R","BOSS","M","?","M","M"],"items_purchased_type":["Card","Card"],"build_version":"2020-12-22","purchased_purges":0,"victory":false,"max_hp_per_floor":[68,68,68,68,68,68,68,68,68,68,68,68,68,68,68,68,68,68,68,68,68,68],"card_choices":[{"not_picked":["HollowMod:QuirrelsAssistance","HollowMod:SiblingsSouls"],"picked":"HollowMod:SoulSplash","floor":1},{"not_picked":["HollowMod:DoubleDash","HollowMod:CoiledNail"],"picked":"HollowMod:CycloneSlash","floor":7},{"not_picked":["HollowMod:SiblingsShadow","HollowMod:CrystalDash"],"picked":"HollowMod:SharpenedNail","floor":8},{"not_picked":["HollowMod:LifebloodCocoon","HollowMod:ShadowDash"],"picked":"HollowMod:DungDefenderAura","floor":10},{"not_picked":["HollowMod:SoulStrike","HollowMod:RecoilStrike"],"picked":"HollowMod:SoulSplash","floor":12},{"not_picked":["HollowMod:NewLittleFool","HollowMod:HuntersJournal"],"picked":"HollowMod:AwokenDreamNail","floor":13},{"not_picked":["HollowMod:DoubleDash","HollowMod:ChannelNail"],"picked":"HollowMod:SiblingsSouls","floor":14},{"not_picked":["HollowMod:HornetsHelp","HollowMod:VoidDash"],"picked":"HollowMod:NewInfectedGuardian","floor":16},{"not_picked":["HollowMod:SharpenedShadows+1","HollowMod:SoulSplash"],"picked":"HollowMod:NewGlowingWomb","floor":18},{"not_picked":["HollowMod:SiblingsShadow+1","HollowMod:LifebloodCocoon"],"picked":"HollowMod:NewJinnsSoul","floor":20}],"player_experience":274801,"relics_obtained":[{"floor":9,"key":"Orichalcum"}],"event_choices":[{"damage_healed":0,"gold_gain":75,"player_choice":"Gather Gold","damage_taken":11,"max_hp_gain":0,"max_hp_loss":0,"event_name":"World of Goop","floor":3,"gold_loss":0},{"damage_healed":0,"gold_gain":0,"player_choice":"Entered Light","damage_taken":14,"max_hp_gain":0,"max_hp_loss":0,"event_name":"Shining Light","floor":5,"gold_loss":0,"cards_upgraded":["HollowMod:NailStrikeStart","HollowMod:BrokenVessel"]},{"damage_healed":0,"gold_gain":0,"player_choice":"Rummage","damage_taken":0,"relics_obtained":["WarpedTongs"],"max_hp_gain":0,"max_hp_loss":0,"event_name":"Accursed Blacksmith","floor":11,"gold_loss":0,"cards_obtained":["Pain"]},{"cards_removed":["Pain"],"damage_healed":0,"gold_gain":0,"player_choice":"Elegance","damage_taken":0,"max_hp_gain":0,"max_hp_loss":0,"event_name":"Back to Basics","floor":19,"gold_loss":0}],"is_beta":false,"boss_relics":[{"not_picked":["Runic Pyramid","Busted Crown"],"picked":"SlaversCollar"}],"items_purged_floors":[],"is_endless":false,"potions_floor_spawned":[1,8,10,12,14,20],"killed_by":"Snecko","ascension_level":0}}