{"host":"raaimkojny05jekw","time":1613298027,"event":{"mods":["AchievementEnabler","BaseMod","Colored Map","Colored Powertips","DeckTracker","Minty Spire (QoL Compilation)","Quick Restart","Rare Cards Sparkle","everything is the same but u backflip on backflip"],"gold_per_floor":[117,67,242,58,74,74,103,103,103,114,131,162,162,11,11,112,112,122,109,39,0,11,11,11,11,66,81,81,81,6,18,18,115,115,129,175,175,191,91,118,133,133,133,159,159,169,169,185,185,185,185,185,6,34,34,34],"floor_reached":55,"language":"KOR","playtime":2042,"items_purged":["Doubt","Shame","Shame"],"score":920,"play_id":"6baeaf27-2f01-42cc-a579-c043e621395a","local_time":"20210214192027","is_ascension_mode":true,"campfire_choices":[{"data":"Mayhem","floor":6,"key":"SMITH"},{"data":"Pommel Strike","floor":13,"key":"SMITH"},{"data":"Reaper","floor":15,"key":"SMITH"},{"data":"Berserk","floor":23,"key":"SMITH"},{"data":"Whirlwind","floor":25,"key":"SMITH"},{"data":"Pummel","floor":29,"key":"SMITH"},{"data":"Bloodletting","floor":32,"key":"SMITH"},{"floor":45,"key":"RECALL"},{"data":"Double Tap","floor":47,"key":"SMITH"},{"data":"Battle Trance","floor":49,"key":"SMITH"},{"data":"Burning Pact","floor":52,"key":"SMITH"}],"circlet_count":0,"master_deck":["Strike_R+1","Strike_R+1","Strike_R+1","Strike_R+1","Defend_R+1","Defend_R+1","Defend_R+1","Defend_R+1","Bash+1","Pommel Strike+1","Mayhem+1","Shrug It Off","Impervious","Pummel+1","Reaper+1","Berserk+1","Burning Pact+1","Fire Breathing","Whirlwind+1","Rage","Bloodletting+1","Double Tap+1","Battle Trance+1","Warcry+1","Inflame+1","Parasite","Carnage+1","Metallicize","Metallicize","Sword Boomerang"],"relics":["Burning Blood","MealTicket","Vajra","Bag of Marbles","Sozu","Oddly Smooth Stone","Strawberry","Cursed Key","Red Skull","Lizard Tail","Blood Vial","Centennial Puzzle"],"acts_visited":["Exordium","TheCity","TheBeyond","TheEnding"],"potions_floor_usage":[7,12,27],"damage_taken":[{"damage":1,"enemies":"Cultist","floor":1,"turns":3},{"damage":13,"enemies":"Small Slimes","floor":5,"turns":4},{"damage":0,"enemies":"Gremlin Nob","floor":7,"turns":2},{"damage":8,"enemies":"2 Louse","floor":10,"turns":3},{"damage":3,"enemies":"Exordium Thugs","floor":11,"turns":5},{"damage":26,"enemies":"3 Sentries","floor":12,"turns":9},{"damage":51,"enemies":"Slime Boss","floor":16,"turns":7},{"damage":16,"enemies":"Shell Parasite","floor":18,"turns":5},{"damage":39,"enemies":"2 Thieves","floor":19,"turns":4},{"damage":29,"enemies":"Centurion and Healer","floor":22,"turns":5},{"damage":24,"enemies":"Snake Plant","floor":27,"turns":4},{"damage":9,"enemies":"Snecko","floor":31,"turns":4},{"damage":84,"enemies":"Automaton","floor":33,"turns":11},{"damage":3,"enemies":"Orb Walker","floor":35,"turns":3},{"damage":15,"enemies":"3 Shapes","floor":38,"turns":3},{"damage":13,"enemies":"Nemesis","floor":40,"turns":7},{"damage":15,"enemies":"Writhing Mass","floor":41,"turns":5},{"damage":43,"enemies":"Giant Head","floor":44,"turns":7},{"damage":19,"enemies":"Transient","floor":46,"turns":5},{"damage":17,"enemies":"Jaw Worm Horde","floor":48,"turns":4},{"damage":65,"enemies":"Donu and Deca","floor":50,"turns":7},{"damage":79,"enemies":"Shield and Spear","floor":54,"turns":6},{"damage":132,"enemies":"The Heart","floor":55,"turns":6}],"seed_played":"-3066731701184534069","potions_obtained":[{"floor":5,"key":"AttackPotion"},{"floor":10,"key":"LiquidMemories"},{"floor":12,"key":"Regen Potion"},{"floor":16,"key":"FairyPotion"}],"is_trial":false,"path_per_floor":["M","?","?","$","M","R","E","?","T","M","M","E","R","$","R","B",null,"M","M","$","?","M","R","?","R","T","M","?","R","$","M","R","B",null,"M","T","?","M","$","E","M","?","T","E","R","M","R","M","R","B",null,"R","$","E","B"],"character_chosen":"IRONCLAD","items_purchased":["Mayhem","Reaper","Whirlwind","Bloodletting","Sword Boomerang"],"campfire_rested":0,"item_purchase_floors":[4,14,20,30,53],"current_hp_per_floor":[77,77,77,77,70,70,76,81,81,79,82,62,62,77,77,38,73,72,52,67,67,59,59,59,59,59,50,57,57,72,78,78,33,77,83,83,83,86,92,92,83,83,83,61,61,68,68,65,65,40,79,79,92,41,0,0],"gold":34,"neow_bonus":"UPGRADE_CARD","is_daily":false,"chose_seed":false,"campfire_upgraded":10,"win_rate":0.0,"timestamp":1613298027,"path_taken":["M","?","?","$","M","R","E","?","T","?","M","E","R","$","R","BOSS","M","?","$","?","M","R","?","R","T","M","?","R","$","M","R","BOSS","M","?","?","M","$","E","M","?","T","E","R","M","R","?","R","BOSS","R","$","E","BOSS"],"items_purchased_type":["Card","Card","Card","Card","Card"],"build_version":"2020-12-22","purchased_purges":3,"victory":false,"max_hp_per_floor":[80,80,80,80,80,80,80,85,85,85,85,85,85,85,85,85,85,85,85,85,85,85,85,85,85,85,85,92,92,92,92,92,92,92,92,92,92,92,92,92,92,92,92,92,92,92,92,92,92,92,92,92,92,92,92,92],"card_choices":[{"not_picked":["True Grit","Infernal Blade"],"picked":"Pommel Strike","floor":1},{"not_picked":["Armaments","Clothesline"],"picked":"Shrug It Off","floor":5},{"not_picked":["Body Slam","Rupture"],"picked":"Impervious","floor":7},{"not_picked":["Shockwave","Infernal Blade"],"picked":"Evolve","floor":10},{"not_picked":["True Grit","Dual Wield","Pommel Strike"],"picked":"SKIP","floor":11},{"not_picked":["Evolve","Thunderclap"],"picked":"Pummel","floor":12},{"not_picked":["Limit Break","Juggernaut"],"picked":"Berserk","floor":16},{"not_picked":["Armaments","Sentinel"],"picked":"Burning Pact","floor":18},{"not_picked":["Second Wind+1","Armaments"],"picked":"Fire Breathing","floor":19},{"not_picked":["Heavy Blade","Pommel Strike"],"picked":"Rage","floor":22},{"not_picked":["Heavy Blade","Whirlwind","Dropkick"],"picked":"SKIP","floor":27},{"not_picked":["Clash","Thunderclap","Feel No Pain+1"],"picked":"SKIP","floor":31},{"not_picked":["Reaper","Corruption"],"picked":"Double Tap","floor":33},{"not_picked":["Body Slam","Burning Pact+1"],"picked":"Battle Trance","floor":35},{"not_picked":["Intimidate","True Grit+1"],"picked":"Warcry+1","floor":38},{"not_picked":["Feel No Pain+1","Seeing Red+1"],"picked":"Inflame+1","floor":40},{"not_picked":["Warcry","Cleave+1"],"picked":"Carnage+1","floor":41},{"not_picked":["Warcry","Thunderclap"],"picked":"Metallicize","floor":44},{"not_picked":["Body Slam","Anger"],"picked":"Metallicize","floor":46},{"not_picked":["Seeing Red","Twin Strike","Cleave"],"picked":"SKIP","floor":48},{"not_picked":["Spot Weakness","Cleave+1","Heavy Blade+1"],"picked":"SKIP","floor":54}],"player_experience":748471,"relics_obtained":[{"floor":7,"key":"MealTicket"},{"floor":9,"key":"Vajra"},{"floor":12,"key":"Bag of Marbles"},{"floor":26,"key":"Oddly Smooth Stone"},{"floor":40,"key":"Red Skull"},{"floor":43,"key":"Lizard Tail"},{"floor":44,"key":"Blood Vial"},{"floor":54,"key":"Centennial Puzzle"}],"event_choices":[{"cards_removed":["Strike_R"],"damage_healed":0,"gold_gain":0,"player_choice":"Card Removal","damage_taken":0,"max_hp_gain":0,"max_hp_loss":0,"event_name":"The Cleric","floor":2,"gold_loss":50},{"damage_healed":0,"gold_gain":175,"player_choice":"AGREE","damage_taken":0,"max_hp_gain":0,"max_hp_loss":0,"event_name":"Liars Game","floor":3,"gold_loss":0,"cards_obtained":["Doubt"]},{"damage_healed":0,"gold_gain":0,"player_choice":"Donut","damage_taken":0,"max_hp_gain":5,"max_hp_loss":0,"event_name":"Big Fish","floor":8,"gold_loss":0},{"damage_healed":0,"gold_gain":0,"player_choice":"Paid Fearfully","damage_taken":0,"max_hp_gain":0,"max_hp_loss":0,"event_name":"Masked Bandits","floor":21,"gold_loss":39},{"damage_healed":0,"gold_gain":0,"player_choice":"Simplicity","damage_taken":0,"max_hp_gain":0,"max_hp_loss":0,"event_name":"Back to Basics","floor":24,"gold_loss":0,"cards_upgraded":["Strike_R","Strike_R","Strike_R","Strike_R","Defend_R","Defend_R","Defend_R","Defend_R"]},{"cards_removed":["Evolve"],"damage_healed":0,"gold_gain":0,"player_choice":"Gave Card","damage_taken":0,"relics_obtained":["Strawberry"],"max_hp_gain":0,"max_hp_loss":0,"event_name":"WeMeetAgain","floor":28,"gold_loss":0},{"damage_healed":0,"gold_gain":0,"player_choice":"Ignored","damage_taken":0,"max_hp_gain":0,"max_hp_loss":0,"event_name":"Tomb of Lord Red Mask","floor":37,"gold_loss":0},{"damage_healed":0,"gold_gain":0,"player_choice":"Ignored","damage_taken":0,"max_hp_gain":0,"max_hp_loss":0,"event_name":"SecretPortal","floor":42,"gold_loss":0}],"is_beta":false,"boss_relics":[{"not_picked":["Runic Dome","SacredBark"],"picked":"Sozu"},{"not_picked":["Mark of Pain","Tiny House"],"picked":"Cursed Key"}],"items_purged_floors":[14,39,53],"is_endless":false,"potions_floor_spawned":[5,10,12,16,22,27,33,41,46,48],"killed_by":"The Heart","ascension_level":6}}