{"host":"d0btaf6p0msba79e","time":1613317437,"event":{"mods":["BaseMod","BetterRewards","Minty Spire (QoL Compilation)"],"gold_per_floor":[119,119,137,155,168,168,199,48,48,48,48,58,8,18,18,18,18],"floor_reached":16,"language":"ENG","playtime":1343,"items_purged":["Strike_P"],"score":167,"play_id":"7f139a6d-6f4a-413b-b878-5e9c2017a20e","local_time":"20210215024357","is_ascension_mode":true,"campfire_choices":[{"floor":6,"key":"REST"},{"data":"Perseverance","floor":11,"key":"SMITH"},{"data":"Evaluate","floor":15,"key":"SMITH"}],"circlet_count":0,"master_deck":["Strike_P","Strike_P","Defend_P","Defend_P","Defend_P","Defend_P","Eruption","Vigilance","Evaluate+1","DeceiveReality","ThirdEye","PathToVictory+1","Perseverance+1"],"relics":["PureWater","Ice Cream","FossilizedHelix","Potion Belt"],"acts_visited":["Exordium"],"potions_floor_usage":[16],"damage_taken":[{"damage":0,"enemies":"Jaw Worm","floor":1,"turns":5},{"damage":0,"enemies":"Cultist","floor":3,"turns":5},{"damage":0,"enemies":"Small Slimes","floor":4,"turns":6},{"damage":0,"enemies":"Exordium Wildlife","floor":5,"turns":5},{"damage":3,"enemies":"Lagavulin","floor":7,"turns":12},{"damage":0,"enemies":"Blue Slaver","floor":12,"turns":4},{"damage":0,"enemies":"2 Fungi Beasts","floor":14,"turns":4},{"damage":58,"enemies":"Slime Boss","floor":16,"turns":20}],"seed_played":"1307892802932626221","potions_obtained":[{"floor":7,"key":"StancePotion"},{"floor":14,"key":"Block Potion"}],"is_trial":false,"path_per_floor":["M","?","M","M","M","R","E","$","T","$","R","M","?","M","R","B"],"character_chosen":"WATCHER","items_purchased":["Evaluate","Ice Cream","DeceiveReality","ThirdEye","PathToVictory","FossilizedHelix","Perseverance"],"campfire_rested":1,"item_purchase_floors":[0,0,0,0,0,0,8],"current_hp_per_floor":[38,38,38,38,38,58,55,55,55,55,55,55,55,55,55,0,0],"gold":18,"neow_bonus":"","is_daily":false,"chose_seed":false,"campfire_upgraded":2,"win_rate":0.0,"timestamp":1613317437,"path_taken":["M","?","?","M","M","R","E","$","T","?","R","?","?","M","R","BOSS"],"items_purchased_type":["Card","Relic","Card","Card","Card","Relic","Card"],"build_version":"2020-12-22","purchased_purges":1,"victory":false,"max_hp_per_floor":[67,67,67,67,67,67,67,67,67,67,67,67,67,67,67,67,67],"card_choices":[{"not_picked":["FlyingSleeves","Halt","JustLucky"],"picked":"SKIP","floor":1},{"not_picked":["ClearTheMind","CutThroughFate","FlurryOfBlows"],"picked":"SKIP","floor":3},{"not_picked":["Protect","MentalFortress","Meditate"],"picked":"SKIP","floor":4},{"not_picked":["FearNoEvil","MentalFortress","FlyingSleeves"],"picked":"SKIP","floor":5},{"not_picked":["Nirvana","Halt","Swivel"],"picked":"SKIP","floor":7},{"not_picked":["Fasting2","Indignation","Protect"],"picked":"SKIP","floor":12},{"not_picked":["WreathOfFlame","FlurryOfBlows","SashWhip"],"picked":"SKIP","floor":14}],"player_experience":1009024,"relics_obtained":[{"floor":7,"key":"Potion Belt"}],"event_choices":[{"damage_healed":0,"gold_gain":0,"player_choice":"Upgraded","damage_taken":0,"max_hp_gain":0,"max_hp_loss":0,"event_name":"Upgrade Shrine","floor":2,"gold_loss":0,"cards_upgraded":["PathToVictory"]},{"cards_removed":["Strike_P"],"damage_healed":0,"gold_gain":0,"player_choice":"Card Removal","damage_taken":0,"max_hp_gain":0,"max_hp_loss":0,"event_name":"The Cleric","floor":13,"gold_loss":50}],"is_beta":false,"boss_relics":[],"items_purged_floors":[8],"is_endless":false,"potions_floor_spawned":[7,14],"killed_by":"Slime Boss","ascension_level":2}}