{"host":"bp3tm7tvk8nf4kb2","time":1613287315,"event":{"mods":["2.2 Compatiblity","AchievementEnabler","BaseMod","Bestiary","Better Match","Better Third Choice","BetterRewards","Colored Map","Colored Powertips","Curses Come First","DeckTracker","Downfall","Duelist Mod","Friendly Minions","Googly Eyes","Halation","Highlight Path","Marisa????????","Minty Spire (QoL Compilation)","Morshu Shopkeeper - ENHANCED","Permanent Neow","Quick Restart","Rare Cards Sparkle","Reorder Act Four","Replay The Spire","Shop Mod","Spicy Shops","StSLib","The Animator","TheBandit","Waifu the Spire","Wide Potions","everything is the same but u backflip on backflip"],"gold_per_floor":[109,127,127,127,154,182,201,201,277,291,318,318,335,46,46,145,145,180,380,406,422,347,347,22,48,98,115,160,160,160,182,182,182,182],"floor_reached":33,"language":"ENG","playtime":1554,"items_purged":["animator:Curse_Nutcracker"],"score":377,"play_id":"f7066c92-ae5a-421e-a2d9-1f442f035164","local_time":"20210213232155","is_ascension_mode":false,"campfire_choices":[{"floor":8,"key":"REST"},{"data":"Machine Learning","floor":23,"key":"SMITH"},{"data":"Storm","floor":29,"key":"SMITH"},{"floor":32,"key":"REST"}],"circlet_count":0,"master_deck":["Strike_B","Strike_B","Strike_B","Strike_B","Defend_B","Defend_B","Defend_B","Defend_B","Zap","Dualcast","Compile Driver","Heatsinks","Tempest","White Noise","Capacitor","Injury","Thunder Strike","Ball Lightning+1","Capacitor","Machine Learning+1","Compile Driver","Conserve Battery","Storm+1","Tempest"],"relics":["Cracked Core","PreservedInsect","halation:EternalFortune","Regal Pillow","Happy Flower","halation:BlackBeret","Iron Hammer","ReplayTheSpireMod:Lightbulb","Ring of Peace","OrangePellets","Toy Ornithopter","Replay:Bandana","halation:PinkSoulGem","Replay:Bronze Core","Solar Panel","Boot","Kunai","Ginger"],"acts_visited":["Exordium","TheCity"],"potions_floor_usage":[16,21,25,27,28],"damage_taken":[{"damage":1,"enemies":"Cultist","floor":1,"turns":3},{"damage":10,"enemies":"Small Slimes","floor":2,"turns":3},{"damage":18,"enemies":"Gremlin Nob","floor":6,"turns":4},{"damage":13,"enemies":"Jaw Worm","floor":7,"turns":3},{"damage":23,"enemies":"Lots of Slimes","floor":10,"turns":3},{"damage":10,"enemies":"3 Sentries","floor":11,"turns":3},{"damage":0,"enemies":"2 Fungi Beasts","floor":13,"turns":1},{"damage":24,"enemies":"Slime Boss","floor":16,"turns":8},{"damage":9,"enemies":"Chosen","floor":18,"turns":5},{"damage":20,"enemies":"Shell Parasite","floor":20,"turns":5},{"damage":20,"enemies":"Snake Plant","floor":21,"turns":5},{"damage":0,"enemies":"Cultist and Chosen","floor":25,"turns":4},{"damage":18,"enemies":"Centurion and Healer","floor":27,"turns":6},{"damage":31,"enemies":"Gremlin Leader","floor":28,"turns":5},{"damage":29,"enemies":"Chosen and Byrds","floor":31,"turns":6},{"damage":88,"enemies":"Automaton","floor":33,"turns":6}],"seed_played":"4392472268275788414","potions_obtained":[{"floor":2,"key":"sneckomod:MuddlingPotion"},{"floor":7,"key":"BlessingOfTheForge"},{"floor":13,"key":"Fire Potion"},{"floor":18,"key":"Regen Potion"},{"floor":21,"key":"champ:CounterPotion"},{"floor":27,"key":"Block Potion"},{"floor":28,"key":"Swift Potion"}],"is_trial":false,"path_per_floor":["M","M","?","?","T","E","M","R","T","M","E","?","M","$","R_BF","B",null,"M","?","M","M","?","R","$","M","T","M","E","R","T","M","R","B"],"character_chosen":"DEFECT","items_purchased":["PreservedInsect","OrangePellets","Toy Ornithopter","Replay:Bandana","Solar Panel"],"campfire_rested":2,"item_purchase_floors":[0,14,14,14,24],"current_hp_per_floor":[66,56,59,52,52,34,24,63,63,40,30,30,33,33,33,19,84,75,75,55,54,54,54,54,67,67,66,56,56,56,41,81,0,0],"gold":182,"neow_bonus":"","is_daily":false,"chose_seed":false,"campfire_upgraded":2,"win_rate":0.0,"timestamp":1613287315,"path_taken":["M","M","?","?","?","E","M","R","T","?","E","?","M","$","R_BF","BOSS","M","?","?","M","?","R","?","M","T","M","E","R","?","?","R","BOSS"],"items_purchased_type":["Relic","Relic","Relic","Relic","Relic"],"build_version":"2020-12-22","purchased_purges":1,"victory":false,"max_hp_per_floor":[75,75,78,78,78,78,81,81,81,81,81,81,84,84,84,84,84,84,84,84,84,84,84,84,84,84,84,84,84,84,84,84,84,84],"card_choices":[{"not_picked":["Streamline","Cold Snap"],"picked":"Heatsinks","floor":1},{"not_picked":["ReplayTheSpireMod:GoodbyeWorld","Force Field"],"picked":"Tempest","floor":2},{"not_picked":["Consume","Coolheaded"],"picked":"White Noise","floor":6},{"not_picked":["Streamline","Coolheaded","Reprogram"],"picked":"SKIP","floor":7},{"not_picked":["FTL","BasicCrystalCard"],"picked":"Capacitor","floor":10},{"not_picked":["Reinforced Body","Barrage","Time Bomb"],"picked":"SKIP","floor":11},{"not_picked":["Coolheaded","ReplayTheSpireMod:Reroute Power","Sweeping Beam"],"picked":"SKIP","floor":13},{"not_picked":["Seek","Echo Form"],"picked":"Thunder Strike","floor":16},{"not_picked":["Leap","Cold Snap"],"picked":"Ball Lightning+1","floor":18},{"not_picked":["ReplayTheSpireMod:Repulse+1","Panic Button"],"picked":"Capacitor","floor":20},{"not_picked":["BasicCrystalCard","Doom and Gloom"],"picked":"Machine Learning","floor":21},{"not_picked":["Go for the Eyes","Conserve Battery"],"picked":"Compile Driver","floor":25},{"not_picked":["Sweeping Beam","FIFO Queue"],"picked":"Conserve Battery","floor":27},{"not_picked":["Heatsinks","Streamline+1"],"picked":"Storm","floor":28},{"not_picked":["ReplaySolidLightProjector","Cold Snap"],"picked":"Tempest","floor":31}],"player_experience":55067,"relics_obtained":[{"floor":5,"key":"Happy Flower"},{"floor":6,"key":"halation:BlackBeret"},{"floor":7,"key":"halation:EternalFortune"},{"floor":9,"key":"Iron Hammer"},{"floor":11,"key":"ReplayTheSpireMod:Lightbulb"},{"floor":12,"key":"Ring of Peace"},{"floor":13,"key":"halation:EternalFortune"},{"floor":26,"key":"Boot"},{"floor":28,"key":"Kunai"},{"floor":30,"key":"Ginger"}],"event_choices":[{"damage_healed":0,"gold_gain":0,"player_choice":"Relic ","damage_taken":7,"max_hp_gain":0,"max_hp_loss":0,"event_name":"betterThird:BetterScrap","floor":4,"gold_loss":0,"cards_obtained":["Corpse Explosion"]},{"damage_healed":0,"gold_gain":200,"player_choice":"Gold","damage_taken":0,"max_hp_gain":0,"max_hp_loss":0,"event_name":"Wheel of Change","floor":19,"gold_loss":0},{"cards_removed":["Spreading Infection"],"damage_healed":0,"gold_gain":0,"player_choice":"Gave Gold","damage_taken":0,"max_hp_gain":0,"max_hp_loss":0,"event_name":"Beggar","floor":22,"gold_loss":75}],"is_beta":false,"boss_relics":[{"not_picked":["Inserter","Runic Dome"],"picked":"Replay:Bronze Core"}],"items_purged_floors":[24],"is_endless":false,"potions_floor_spawned":[2,7,13,18,21,27,28],"killed_by":"Automaton","ascension_level":0}}