{"host":"xw5nub7n7iasb503","time":1613274492,"event":{"mods":["BaseMod","Minty Spire (QoL Compilation)"],"gold_per_floor":[112,112,112,92,113,146,167,167,167,205,220,261,261,282,282,282,282],"floor_reached":16,"language":"ENG","playtime":1091,"items_purged":[],"score":145,"play_id":"d6ff83bd-553d-4f63-b144-01aa0034afec","local_time":"20210213204812","is_ascension_mode":false,"campfire_choices":[{"floor":8,"key":"RECALL"},{"data":"Regret","floor":15,"key":"PURGE"}],"circlet_count":0,"master_deck":["Strike_B","Strike_B","Strike_B","Defend_B","Defend_B","Defend_B","Defend_B","Zap","Dualcast","Glacier","Coolheaded","Coolheaded","Genetic Algorithm"],"relics":["Cracked Core","NeowsBlessing","Golden Idol","StoneCalendar","Shovel","Du-Vu Doll","Anchor","Peace Pipe"],"acts_visited":["Exordium"],"potions_floor_usage":[10,12,12,16],"damage_taken":[{"damage":0,"enemies":"2 Louse","floor":1,"turns":1},{"damage":0,"enemies":"Small Slimes","floor":5,"turns":1},{"damage":0,"enemies":"Lagavulin","floor":6,"turns":1},{"damage":1,"enemies":"Jaw Worm","floor":7,"turns":5},{"damage":42,"enemies":"Gremlin Nob","floor":10,"turns":7},{"damage":3,"enemies":"Red Slaver","floor":11,"turns":5},{"damage":6,"enemies":"Lagavulin","floor":12,"turns":8},{"damage":8,"enemies":"Large Slime","floor":14,"turns":7},{"damage":15,"enemies":"The Guardian","floor":16,"turns":12}],"seed_played":"2063074096905358494","potions_obtained":[{"floor":1,"key":"AttackPotion"},{"floor":4,"key":"CultistPotion"},{"floor":7,"key":"FearPotion"},{"floor":14,"key":"Fire Potion"}],"is_trial":false,"path_per_floor":["M","?","?","?","M","E","M","R","T","E","M","E","?","M","R","B"],"character_chosen":"DEFECT","items_purchased":[],"campfire_rested":0,"item_purchase_floors":[],"current_hp_per_floor":[75,69,69,69,69,69,68,68,68,26,23,17,17,9,9,0,0],"gold":282,"neow_bonus":"THREE_ENEMY_KILL","is_daily":false,"chose_seed":false,"campfire_upgraded":0,"win_rate":0.0,"timestamp":1613274492,"path_taken":["M","?","?","?","M","E","M","R","T","E","?","E","?","M","R","BOSS"],"items_purchased_type":[],"build_version":"2020-12-22","purchased_purges":0,"victory":false,"max_hp_per_floor":[75,69,69,69,69,69,69,69,69,69,69,69,69,69,69,69,69],"card_choices":[{"not_picked":["Force Field","Barrage","Go for the Eyes"],"picked":"SKIP","floor":1},{"not_picked":["Beam Cell","Redo"],"picked":"Coolheaded","floor":5},{"not_picked":["Conserve Battery","Darkness","Heatsinks"],"picked":"SKIP","floor":6},{"not_picked":["Go for the Eyes","Turbo","Sweeping Beam"],"picked":"SKIP","floor":7},{"not_picked":["Undo","Compile Driver","Rip and Tear"],"picked":"SKIP","floor":10},{"not_picked":["Steam Power","Chaos"],"picked":"Coolheaded","floor":11},{"not_picked":["Fission","Steam"],"picked":"Genetic Algorithm","floor":12},{"not_picked":["Hologram","Static Discharge","Compile Driver"],"picked":"SKIP","floor":14}],"player_experience":122641,"relics_obtained":[{"floor":6,"key":"StoneCalendar"},{"floor":9,"key":"Shovel"},{"floor":10,"key":"Du-Vu Doll"},{"floor":12,"key":"Anchor"}],"event_choices":[{"damage_healed":0,"gold_gain":0,"player_choice":"Lose Max HP","damage_taken":0,"relics_obtained":["Golden Idol"],"max_hp_gain":0,"max_hp_loss":6,"event_name":"Golden Idol","floor":2,"gold_loss":0},{"damage_healed":0,"gold_gain":0,"cards_transformed":["Strike_B"],"player_choice":"Change","damage_taken":0,"max_hp_gain":0,"max_hp_loss":0,"event_name":"Living Wall","floor":3,"gold_loss":0,"cards_obtained":["Glacier"]},{"damage_healed":0,"gold_gain":0,"player_choice":"Bought 1 Potion","damage_taken":0,"max_hp_gain":0,"max_hp_loss":0,"event_name":"The Woman in Blue","floor":4,"gold_loss":0},{"damage_healed":0,"gold_gain":0,"player_choice":"Box","damage_taken":0,"relics_obtained":["Peace Pipe"],"max_hp_gain":0,"max_hp_loss":0,"event_name":"Big Fish","floor":13,"gold_loss":0,"cards_obtained":["Regret"]}],"is_beta":false,"boss_relics":[],"items_purged_floors":[],"is_endless":false,"potions_floor_spawned":[1,7,14],"killed_by":"The Guardian","ascension_level":0}}