{"host":"c83fcgyuu74iknko","time":1613291771,"event":{"mods":["BaseMod","BetterRewards","Colored Map","Colored Powertips","Minty Spire (QoL Compilation)","Quick Restart","StSLib","The Animator","The Senshi"],"gold_per_floor":[116,116,116,116,131,165,165,32,59,80,80,80,111,111,111,239,239,254,267,192,215,238,238,279,304,330,330,330],"floor_reached":27,"language":"ENG","playtime":1059,"items_purged":["Strike_R"],"score":293,"play_id":"3c97d361-db3a-4aa1-b94b-92706590bae3","local_time":"20210214003611","is_ascension_mode":true,"campfire_choices":[{"data":"Rage","floor":7,"key":"SMITH"},{"data":"Madness","floor":12,"key":"SMITH"},{"data":"Anger","floor":15,"key":"SMITH"},{"data":"Bash","floor":23,"key":"SMITH"}],"circlet_count":0,"master_deck":["Strike_R","Strike_R","Strike_R","Strike_R","Defend_R","Defend_R","Defend_R+1","Bash+1","Rage+1","Clash","Cleave+1","Anger+1","Madness+1","Evolve","Evolve+1","Reaper","Flex","Heavy Blade","Burning Pact","Clash"],"relics":["Burning Blood","NeowsBlessing","Golden Idol","Mango","Oddly Smooth Stone","Anchor","Busted Crown","Vajra","PreservedInsect"],"acts_visited":["Exordium","TheCity"],"potions_floor_usage":[13,13,22,25,25],"damage_taken":[{"damage":0,"enemies":"Jaw Worm","floor":1,"turns":1},{"damage":0,"enemies":"2 Louse","floor":5,"turns":1},{"damage":0,"enemies":"Gremlin Nob","floor":6,"turns":1},{"damage":0,"enemies":"Small Slimes","floor":10,"turns":1},{"damage":21,"enemies":"Lagavulin","floor":13,"turns":4},{"damage":46,"enemies":"The Guardian","floor":16,"turns":10},{"damage":20,"enemies":"2 Thieves","floor":18,"turns":5},{"damage":12,"enemies":"Spheric Guardian","floor":19,"turns":4},{"damage":35,"enemies":"Snake Plant","floor":21,"turns":5},{"damage":22,"enemies":"3 Cultists","floor":22,"turns":5},{"damage":65,"enemies":"Slavers","floor":24,"turns":6},{"damage":16,"enemies":"Snecko","floor":25,"turns":4},{"damage":42,"enemies":"Gremlin Leader","floor":27,"turns":6}],"seed_played":"-4498018841036977610","potions_obtained":[{"floor":1,"key":"FairyPotion"},{"floor":5,"key":"AttackPotion"},{"floor":6,"key":"AttackPotion"},{"floor":21,"key":"PowerPotion"},{"floor":22,"key":"GamblersBrew"},{"floor":24,"key":"Fire Potion"}],"is_trial":false,"path_per_floor":["M","?","?","$","M","E","R","$","T","M","?","R","E","?","R","B",null,"M","M","$","M","M","R","E","M","T","E"],"character_chosen":"IRONCLAD","items_purchased":["Anger","Madness"],"campfire_rested":0,"item_purchase_floors":[8,8],"current_hp_per_floor":[80,73,53,53,59,79,79,79,79,85,66,66,51,51,51,11,94,84,78,78,55,47,47,34,29,29,0,0],"gold":330,"neow_bonus":"THREE_ENEMY_KILL","is_daily":false,"chose_seed":false,"campfire_upgraded":4,"win_rate":0.0,"timestamp":1613291771,"path_taken":["M","?","?","?","M","E","R","$","T","M","?","R","E","?","R","BOSS","M","M","$","M","M","R","E","M","T","E"],"items_purchased_type":["Card","Card"],"build_version":"2020-12-22","purchased_purges":1,"victory":false,"max_hp_per_floor":[80,80,80,80,80,94,94,94,94,94,94,94,94,94,94,94,94,94,94,94,94,94,94,94,94,94,94,94],"card_choices":[{"not_picked":["Disarm","Infernal Blade"],"picked":"Rage","floor":1},{"not_picked":["Clothesline","Power Through"],"picked":"Clash","floor":5},{"not_picked":["Havoc","Armaments"],"picked":"Cleave","floor":6},{"not_picked":["Warcry","Wild Strike"],"picked":"Evolve","floor":10},{"not_picked":["True Grit","Exhume"],"picked":"Evolve","floor":13},{"not_picked":["Feed","Corruption"],"picked":"Reaper","floor":16},{"not_picked":["Dark Embrace+1"],"picked":"SKIP","floor":18},{"not_picked":[],"picked":"Flex","floor":19},{"not_picked":["Entrench"],"picked":"SKIP","floor":21},{"not_picked":[],"picked":"Heavy Blade","floor":22},{"not_picked":[],"picked":"Burning Pact","floor":24},{"not_picked":[],"picked":"Clash","floor":25}],"player_experience":263838,"relics_obtained":[{"floor":6,"key":"Mango"},{"floor":9,"key":"Oddly Smooth Stone"},{"floor":13,"key":"Anchor"},{"floor":24,"key":"Vajra"},{"floor":26,"key":"PreservedInsect"}],"event_choices":[{"cards_removed":["Defend_R"],"damage_healed":0,"gold_gain":0,"player_choice":"Card Removal","damage_taken":7,"max_hp_gain":0,"max_hp_loss":0,"event_name":"Golden Wing","floor":2,"gold_loss":0},{"damage_healed":0,"gold_gain":0,"player_choice":"Take Damage","damage_taken":20,"relics_obtained":["Golden Idol"],"max_hp_gain":0,"max_hp_loss":0,"event_name":"Golden Idol","floor":3,"gold_loss":0},{"damage_healed":0,"gold_gain":0,"player_choice":"Entered Light","damage_taken":19,"max_hp_gain":0,"max_hp_loss":0,"event_name":"Shining Light","floor":11,"gold_loss":0,"cards_upgraded":["Defend_R","Cleave"]},{"damage_healed":0,"gold_gain":0,"player_choice":"Grow","damage_taken":0,"max_hp_gain":0,"max_hp_loss":0,"event_name":"Living Wall","floor":14,"gold_loss":0,"cards_upgraded":["Evolve"]}],"is_beta":false,"boss_relics":[{"not_picked":["Fusion Hammer","Philosopher\u0027s Stone"],"picked":"Busted Crown"}],"items_purged_floors":[20],"is_endless":false,"potions_floor_spawned":[1,5,6,21,22,24],"killed_by":"Gremlin Leader","ascension_level":2}}