{"host":"43wsnxh97mgjl5zw","time":1613315336,"event":{"mods":["Aspiration","BaseMod","Colored Map","Colored Powertips","Downfall","Hubris","Minty Spire (QoL Compilation)","Quick Restart","Rare Cards Sparkle","Relic Sorter","Replay The Spire","StSLib"],"gold_per_floor":[115,115,127,127,143,181,181,215,215,215,240,0,0,13,13,107,107,125,139,139,139,152,152,152,152],"floor_reached":24,"language":"ENG","playtime":1174,"items_purged":["Pain"],"score":412,"play_id":"d6816d16-5bde-48aa-949a-4480a86f9024","local_time":"20210214170856","is_ascension_mode":true,"campfire_choices":[{"data":"Shrug It Off","floor":7.0,"key":"SMITH"},{"data":"1","floor":10.0,"key":"LIFT"},{"data":"2","floor":15.0,"key":"LIFT"},{"data":"hubris:SharpeningStone","floor":23.0,"key":"SMITH"}],"circlet_count":0,"master_deck":["AscendersBane","Strike_R","Strike_R","Strike_R","Strike_R","Strike_R","Defend_R","Defend_R","Defend_R","Defend_R","Bash+1","Cleave","Shrug It Off+1","Perfected Strike","Evolve","Self Repair+1","Sword Boomerang","Reaper","Flame Barrier","hubris:SharpeningStone+1","downfall:Bewildered"],"relics":["WarpedTongs","Golden Idol","hubris:BottledRain","aspiration:FrozenJewel","Girya","TheAbacus","Iron Core","ReplayTheSpireMod:DimensionalGlitch","hubris:Towel","sneckomod:BabySnecko"],"acts_visited":["Exordium","TheCity"],"potions_floor_usage":[24],"damage_taken":[{"damage":16.0,"enemies":"Jaw Worm","floor":1.0,"turns":5.0},{"damage":2.0,"enemies":"Cultist","floor":3.0,"turns":3.0},{"damage":12.0,"enemies":"Small Slimes","floor":5.0,"turns":3.0},{"damage":14.0,"enemies":"Replay:BlueRogue","floor":6.0,"turns":7.0},{"damage":25.0,"enemies":"3 Sentries","floor":8.0,"turns":9.0},{"damage":12.0,"enemies":"Looter","floor":11.0,"turns":3.0},{"damage":0.0,"enemies":"Large Slime","floor":14.0,"turns":6.0},{"damage":30.0,"enemies":"Fading Forest","floor":16.0,"turns":13.0},{"damage":18.0,"enemies":"Spheric Guardian","floor":18.0,"turns":4.0},{"damage":16.0,"enemies":"Shell Parasite","floor":19.0,"turns":5.0},{"damage":16.0,"enemies":"Snake Plant","floor":22.0,"turns":4.0},{"damage":33,"enemies":"Slavers","floor":24,"turns":4}],"seed_played":"408351333983291730","potions_obtained":[{"floor":5.0,"key":"LiquidMemories"},{"floor":11.0,"key":"HeartOfIron"},{"floor":14.0,"key":"Energy Potion"},{"floor":22.0,"key":"PowerPotion"}],"is_trial":false,"path_per_floor":["M","?","M","?","M","E","R","E","T","R","M","$","?","M","R_BF","B",null,"M","M","?","?","M","R","E"],"character_chosen":"IRONCLAD","items_purchased":["TheAbacus"],"campfire_rested":0,"item_purchase_floors":[12],"current_hp_per_floor":[58,58,62,62,56,48,48,29,29,29,23,23,23,33,33,47,63,50,42,42,42,34,34,5,5],"gold":152,"neow_bonus":"UPGRADE_CARD","is_daily":false,"chose_seed":false,"campfire_upgraded":2,"win_rate":0.0,"timestamp":1613315336,"path_taken":["M","?","?","?","M","E","R","E","T","R","M","$","?","M","R_BF","BOSS","M","M","?","?","M","R","E"],"items_purchased_type":["Relic"],"build_version":"2020-12-22","purchased_purges":1,"victory":false,"max_hp_per_floor":[75,75,75,68,68,68,68,68,68,68,68,68,68,68,68,68,68,68,68,68,68,68,68,68,68],"card_choices":[{"not_picked":["Massacre","Iron Wave"],"picked":"Cleave","floor":1.0},{"not_picked":["Run Through","hubris:ReadiedAction","Blood for Blood"],"picked":"SKIP","floor":3.0},{"not_picked":["Combust","Pommel Strike"],"picked":"Shrug It Off","floor":5.0},{"not_picked":["Power Through","Eclipse","Rupture"],"picked":"SKIP","floor":6.0},{"not_picked":["Sword Boomerang","Thunderclap"],"picked":"Perfected Strike","floor":8.0},{"not_picked":["Havoc","Pommel Strike"],"picked":"Evolve","floor":11.0},{"not_picked":["Wild Strike","Eclipse"],"picked":"Sword Boomerang","floor":14.0},{"not_picked":["Impervious","Corruption"],"picked":"Reaper","floor":16.0},{"not_picked":["Thunderclap","Clothesline"],"picked":"Flame Barrier","floor":18.0},{"not_picked":["Blood for Blood","Sword Boomerang"],"picked":"hubris:SharpeningStone","floor":19.0},{"not_picked":["Second Wind","Shrug It Off","Replay:Many Hands"],"picked":"SKIP","floor":22.0}],"player_experience":1243349,"relics_obtained":[{"floor":6.0,"key":"hubris:BottledRain"},{"floor":8.0,"key":"aspiration:FrozenJewel"},{"floor":9.0,"key":"Girya"}],"event_choices":[{"damage_healed":0.0,"max_hp_gain":0.0,"max_hp_loss":0.0,"gold_gain":0.0,"event_name":"Accursed Blacksmith","player_choice":"Rummage","floor":2.0,"gold_loss":0.0,"damage_taken":0.0,"relics_obtained":["WarpedTongs"],"cards_obtained":["Pain"]},{"damage_healed":0.0,"max_hp_gain":0.0,"max_hp_loss":7.0,"gold_gain":0.0,"event_name":"Golden Idol","player_choice":"Lose Max HP","floor":4.0,"gold_loss":0.0,"damage_taken":0.0,"relics_obtained":["Golden Idol"]}],"is_beta":false,"boss_relics":[{"not_picked":["Snecko Eye","Busted Crown"],"picked":"ReplayTheSpireMod:DimensionalGlitch"}],"items_purged_floors":[12],"is_endless":false,"potions_floor_spawned":[5,11,14,22],"killed_by":"Slavers","ascension_level":20}}