{"host":"mi0eibewekhugwl1","time":1613316120,"event":{"mods":["AchievementEnabler","BaseMod","Colored Map","Colored Powertips","DeckTracker","Keyboard Shortcuts","Minty Spire (QoL Compilation)","Quick Restart","Rare Cards Sparkle","Relic Stats","StSLib","SuperFastMode","everything is the same but u backflip on backflip"],"gold_per_floor":[110,110,120,132,132,132,143,168,219,231,250,262,281,292,292,368,368,379,379,14,14,14],"floor_reached":21,"language":"KOR","playtime":488,"items_purged":["Strike_G"],"score":370,"play_id":"95e96db5-e004-4202-bf4d-330da044006b","local_time":"20210215002200","is_ascension_mode":true,"campfire_choices":[{"data":"Eviscerate","floor":6,"key":"SMITH"},{"floor":15,"key":"REST"}],"circlet_count":0,"master_deck":["AscendersBane","Strike_G","Strike_G","Defend_G","Defend_G","Defend_G","Defend_G","Defend_G","Survivor","Neutralize","Eviscerate+1","Dagger Throw","Leg Sweep","Backflip","Expertise","Dagger Throw","Noxious Fumes","Wraith Form v2","Bouncing Flask","Deadly Poison","Acrobatics","Corpse Explosion"],"relics":["Ring of the Serpent","Ornamental Fan","Nloth\u0027s Gift","Membership Card","TungstenRod"],"acts_visited":["Exordium","TheCity"],"potions_floor_usage":[8,14,16,21],"damage_taken":[{"damage":2,"enemies":"2 Louse","floor":1,"turns":3},{"damage":4,"enemies":"Small Slimes","floor":3,"turns":3},{"damage":0,"enemies":"Cultist","floor":4,"turns":4},{"damage":6,"enemies":"Gremlin Gang","floor":7,"turns":9},{"damage":22,"enemies":"Gremlin Nob","floor":8,"turns":4},{"damage":0,"enemies":"Blue Slaver","floor":10,"turns":4},{"damage":20,"enemies":"Lots of Slimes","floor":11,"turns":6},{"damage":0,"enemies":"Large Slime","floor":12,"turns":6},{"damage":0,"enemies":"Looter","floor":13,"turns":2},{"damage":4,"enemies":"Exordium Wildlife","floor":14,"turns":4},{"damage":28,"enemies":"Hexaghost","floor":16,"turns":8},{"damage":26,"enemies":"Spheric Guardian","floor":18,"turns":6},{"damage":35,"enemies":"3 Byrds","floor":21,"turns":3}],"seed_played":"-1211057934779568012","potions_obtained":[{"floor":7,"key":"FearPotion"},{"floor":10,"key":"Swift Potion"},{"floor":13,"key":"Explosive Potion"},{"floor":14,"key":"CultistPotion"},{"floor":16,"key":"Weak Potion"}],"is_trial":false,"path_per_floor":["M","?","M","M","?","R","M","E","T","M","M","M","M","M","R","B",null,"M","?","$","M"],"character_chosen":"THE_SILENT","items_purchased":["Membership Card","TungstenRod"],"campfire_rested":1,"item_purchase_floors":[20,20],"current_hp_per_floor":[57,57,53,53,53,53,47,25,32,32,12,12,12,8,29,1,55,29,29,29,0,0],"gold":14,"neow_bonus":"TRANSFORM_CARD","is_daily":false,"chose_seed":false,"campfire_upgraded":1,"win_rate":0.0,"timestamp":1613316120,"path_taken":["M","?","M","M","?","R","?","E","T","M","?","M","M","M","R","BOSS","M","?","$","?"],"items_purchased_type":["Relic","Relic"],"build_version":"2020-12-22","purchased_purges":1,"victory":false,"max_hp_per_floor":[66,66,66,66,66,66,66,66,73,73,73,73,73,73,73,73,73,73,73,73,73,73],"relic_stats":{"counters":[13,62],"Ornamental Fan":[12],"Nloth\u0027s Gift":0,"obtain_stats":[{"Ornamental Fan":8,"Strawberry":9,"Nloth\u0027s Gift":19,"Membership Card":20,"Ring of the Serpent":17,"TungstenRod":20,"Ring of the Snake":0},{"Ornamental Fan":5,"Strawberry":5,"Nloth\u0027s Gift":12,"Membership Card":12,"Ring of the Serpent":11,"TungstenRod":12,"Ring of the Snake":0},{"Ornamental Fan":23,"Strawberry":23,"Nloth\u0027s Gift":59,"Membership Card":59,"Ring of the Serpent":53,"TungstenRod":59,"Ring of the Snake":0}],"TungstenRod":11},"card_choices":[{"not_picked":["Sucker Punch","Flechettes"],"picked":"Dagger Throw","floor":1},{"not_picked":["Catalyst","Outmaneuver"],"picked":"Leg Sweep","floor":3},{"not_picked":["Slice","Riddle With Holes"],"picked":"Backflip","floor":4},{"not_picked":["Underhanded Strike","Cloak And Dagger","Bane"],"picked":"SKIP","floor":7},{"not_picked":["Dodge and Roll","Finisher"],"picked":"Dagger Throw","floor":8},{"not_picked":["Backflip","Eviscerate"],"picked":"Noxious Fumes","floor":10},{"not_picked":["Leg Sweep","Cloak And Dagger"],"picked":"Wraith Form v2","floor":11},{"not_picked":["Skewer","Heel Hook"],"picked":"Bouncing Flask","floor":12},{"not_picked":["Quick Slash","Dodge and Roll"],"picked":"Deadly Poison","floor":13},{"not_picked":["PiercingWail","Infinite Blades"],"picked":"Acrobatics","floor":14},{"not_picked":["Burst","Glass Knife"],"picked":"Corpse Explosion","floor":16},{"not_picked":["Flying Knee","Choke","Deadly Poison"],"picked":"SKIP","floor":18}],"player_experience":1804121,"relics_obtained":[{"floor":8,"key":"Ornamental Fan"},{"floor":9,"key":"Strawberry"}],"event_choices":[{"damage_healed":0,"gold_gain":0,"player_choice":"Ignored","damage_taken":0,"max_hp_gain":0,"max_hp_loss":0,"event_name":"Liars Game","floor":2,"gold_loss":0},{"damage_healed":0,"gold_gain":0,"cards_transformed":["Strike_G"],"player_choice":"Transformed","damage_taken":0,"max_hp_gain":0,"max_hp_loss":0,"event_name":"Transmorgrifier","floor":5,"gold_loss":0,"cards_obtained":["Expertise"]},{"damage_healed":0,"gold_gain":0,"player_choice":"Traded Relic","damage_taken":0,"relics_obtained":["Nloth\u0027s Gift"],"max_hp_gain":0,"max_hp_loss":0,"event_name":"N\u0027loth","floor":19,"relics_lost":["Strawberry"],"gold_loss":0}],"is_beta":false,"boss_relics":[{"not_picked":["Black Star","Fusion Hammer"],"picked":"Ring of the Serpent"}],"items_purged_floors":[20],"is_endless":false,"potions_floor_spawned":[7,10,13,14,16,18],"killed_by":"3 Byrds","ascension_level":20}}