{"host":"cwd5s03r1oaxs6mx","time":1613320207,"event":{"mods":["Act Like it!","BaseMod","Better Third Choice","BetterRewards","CapriCore","Card Filter","Challenge The Spire","Colored Map","Custom Start","DeckTracker","Friendly Minions","Hubris","Infinite Spire","Minty Spire (QoL Compilation)","Quick Restart","Relic Stats","Shop Mod","Spicy Shops","StSLib","SuperFastMode","Waifu the Spire"],"gold_per_floor":[115,135,150,45,63,63,98,118,166,199,212,224,224,236,236,313,313,330,330,330,342,361,388,403,430,456,456,475,475,475,486,486,559,559,569,569,585,600,600,600,611,637,637,647,697,715,749,762,762,762,762],"floor_reached":50,"language":"KOR","playtime":1580,"items_purged":["Strike_B","Strike_B","Creative AI"],"score":1224,"play_id":"ef8bd1ed-8903-4413-ae14-9666457b84d0","local_time":"20210215013007","is_ascension_mode":true,"campfire_choices":[{"data":"hubris:EnhanceAbility","floor":6.0,"key":"SMITH"},{"floor":15,"key":"REST"},{"data":"Defragment","floor":27,"key":"SMITH"},{"data":"infinitespire:Collect","floor":30,"key":"SMITH"},{"data":"Zap","floor":32,"key":"SMITH"},{"data":"Redo","floor":40,"key":"SMITH"},{"floor":49,"key":"RECALL"}],"circlet_count":0,"master_deck":["AscendersBane","Zap+1","Dualcast","Defragment+1","hubris:EnhanceAbility+1","Ball Lightning","Glacier","Defragment+1","Deep Breath","Glacier","Redo+1","Reboot","Barrage+1","infinitespire:Collect+1","Lockon","Conserve Battery+1","Biased Cognition","Steam Power","Steam Power","Capacitor","Lockon","Conserve Battery"],"relics":["Cracked Core","Runic Capacitor","Happy Flower","infinitespire:Satchel","hubris:BallOfYels","Sozu","Eternal Feather","infinitespire:CheckeredPen","Pandora\u0027s Box","Juzu Bracelet","Bronze Scales","InkBottle"],"acts_visited":["Exordium","TheCity","TheBeyond"],"potions_floor_usage":[14],"damage_taken":[{"damage":1.0,"enemies":"2 Louse","floor":1.0,"turns":2.0},{"damage":0.0,"enemies":"Jaw Worm","floor":2.0,"turns":4.0},{"damage":5.0,"enemies":"Small Slimes","floor":3.0,"turns":4.0},{"damage":12.0,"enemies":"3 Louse","floor":5.0,"turns":3.0},{"damage":12.0,"enemies":"Gremlin Nob","floor":7.0,"turns":4.0},{"damage":6.0,"enemies":"Lots of Slimes","floor":8.0,"turns":2.0},{"damage":0,"enemies":"Lagavulin","floor":10,"turns":7},{"damage":1,"enemies":"Red Slaver","floor":11,"turns":3},{"damage":4,"enemies":"Exordium Thugs","floor":12,"turns":4},{"damage":17,"enemies":"Gremlin Gang","floor":14,"turns":5},{"damage":2,"enemies":"Slime Boss","floor":16,"turns":6},{"damage":7,"enemies":"Chosen","floor":18,"turns":3},{"damage":3,"enemies":"3 Byrds","floor":21,"turns":3},{"damage":14,"enemies":"Snake Plant","floor":22,"turns":3},{"damage":7,"enemies":"Gremlin Leader","floor":23,"turns":5},{"damage":13,"enemies":"Shelled Parasite and Fungi","floor":24,"turns":4},{"damage":17,"enemies":"Slavers","floor":25,"turns":6},{"damage":1,"enemies":"Sentry and Sphere","floor":28,"turns":3},{"damage":0,"enemies":"Snecko","floor":31,"turns":3},{"damage":4,"enemies":"Champ","floor":33,"turns":5},{"damage":6,"enemies":"3 Darklings","floor":35,"turns":4},{"damage":24,"enemies":"3 Shapes","floor":37,"turns":3},{"damage":0,"enemies":"Writhing Mass","floor":38,"turns":4},{"damage":0,"enemies":"Spire Growth","floor":41,"turns":2},{"damage":11,"enemies":"Nemesis","floor":42,"turns":5},{"damage":0,"enemies":"Sphere and 2 Shapes","floor":44,"turns":4},{"damage":11,"enemies":"Writhing Mass","floor":46,"turns":4},{"damage":0,"enemies":"Giant Head","floor":47,"turns":6},{"damage":17,"enemies":"Jaw Worm Horde","floor":48,"turns":3},{"damage":29,"enemies":"Awakened One","floor":50,"turns":2}],"seed_played":"926009094832375818","potions_obtained":[{"floor":1.0,"key":"Weak Potion"},{"floor":5.0,"key":"BlessingOfTheForge"},{"floor":7.0,"key":"Explosive Potion"},{"floor":11,"key":"Ancient Potion"},{"floor":14,"key":"FairyPotion"}],"is_trial":false,"path_per_floor":["M","M","M","$","M","R","E","M","T","E","M","M","?","M","R","B",null,"M","?","?","M","M","E","M","E","T","R","M","AVR","R","M","R","B",null,"M","AVR","M","M","?","R","M","E","T","M","?","M","E","M","R","B"],"character_chosen":"DEFECT","items_purchased":["Runic Capacitor","Defragment","hubris:EnhanceAbility","Ball Lightning","Glacier","Defragment","Deep Breath"],"campfire_rested":1,"item_purchase_floors":[0,0,0,0,0,0,4],"current_hp_per_floor":[63,63,58,58,46,46,34,28,28,28,27,23,23,6,27,25,60,53,35,49,46,32,25,12,18,18,30,29,29,41,41,53,49,66,60,60,36,36,36,48,48,37,37,37,37,26,26,9,21,0,0],"gold":762,"neow_bonus":"","is_daily":false,"chose_seed":false,"campfire_upgraded":5,"win_rate":0.0,"timestamp":1613320207,"path_taken":["M","M","M","$","M","R","E","M","T","E","M","M","?","M","R","BOSS","M","?","?","M","M","E","M","E","T","R","M","AVR","R","?","R","BOSS","M","AVR","M","M","?","R","M","E","T","M","?","M","E","M","R","BOSS"],"items_purchased_type":["Relic","Card","Card","Card","Card","Card","Card"],"build_version":"2020-12-22","purchased_purges":3,"victory":false,"max_hp_per_floor":[71,71,71,71,71,71,71,71,71,71,71,71,71,71,71,71,71,71,71,71,71,71,71,71,71,71,71,71,71,71,71,71,71,71,71,71,71,71,71,71,71,71,71,71,71,71,71,71,71,71,71],"relic_stats":{"Sozu":3,"Happy Flower":[33],"counters":[30,116],"Bronze Scales":[42],"Eternal Feather":60,"Pandora\u0027s Box":["Steam Power","Steam Power","Capacitor","Creative AI","Lockon","Conserve Battery"],"Juzu Bracelet":1,"obtain_stats":[{"Sozu":17,"hubris:BallOfYels":10,"Happy Flower":7,"Bronze Scales":43,"infinitespire:Satchel":9,"Eternal Feather":23,"Pandora\u0027s Box":34,"Runic Capacitor":0,"Juzu Bracelet":42,"infinitespire:CheckeredPen":25,"Cracked Core":0,"InkBottle":47},{"Sozu":11,"hubris:BallOfYels":7,"Happy Flower":5,"Bronze Scales":25,"infinitespire:Satchel":6,"Eternal Feather":15,"Pandora\u0027s Box":20,"Runic Capacitor":0,"Juzu Bracelet":25,"infinitespire:CheckeredPen":17,"Cracked Core":0,"InkBottle":28},{"Sozu":44,"hubris:BallOfYels":26,"Happy Flower":17,"Bronze Scales":97,"infinitespire:Satchel":19,"Eternal Feather":58,"Pandora\u0027s Box":79,"Runic Capacitor":0,"Juzu Bracelet":97,"infinitespire:CheckeredPen":68,"Cracked Core":0,"InkBottle":111}],"InkBottle":[3]},"card_choices":[{"not_picked":["Sweeping Beam","Gash","Compile Driver"],"picked":"SKIP","floor":1.0},{"not_picked":["Fusion","Go for the Eyes","White Noise"],"picked":"SKIP","floor":2.0},{"not_picked":["Stack","Melter","Steam"],"picked":"SKIP","floor":3.0},{"not_picked":["Gash","Go for the Eyes","Sweeping Beam"],"picked":"SKIP","floor":5.0},{"not_picked":["Stack","Compile Driver","Rebound"],"picked":"SKIP","floor":7.0},{"not_picked":["Reprogram","Cold Snap","Go for the Eyes"],"picked":"SKIP","floor":8.0},{"not_picked":["Conserve Battery","Rebound"],"picked":"Glacier","floor":10},{"not_picked":["Beam Cell","Fusion"],"picked":"Redo","floor":11},{"not_picked":["Fusion","Hologram","Cold Snap"],"picked":"SKIP","floor":12},{"not_picked":["Beam Cell","Cold Snap","Gash"],"picked":"SKIP","floor":14},{"not_picked":["All For One","Echo Form"],"picked":"Reboot","floor":16},{"not_picked":["Blizzard","Streamline"],"picked":"Barrage+1","floor":18},{"not_picked":["infinitespire:Gouge","hubris:Fate"],"picked":"infinitespire:Collect","floor":19},{"not_picked":["Barrage+1","Chill","Hologram+1"],"picked":"SKIP","floor":21},{"not_picked":["Compile Driver","Cold Snap"],"picked":"Lockon","floor":22},{"not_picked":["Sweeping Beam","Beam Cell"],"picked":"Conserve Battery+1","floor":23},{"not_picked":["Coolheaded","Beam Cell+1","Gash"],"picked":"SKIP","floor":24},{"not_picked":["Go for the Eyes","Rainbow","Rip and Tear"],"picked":"SKIP","floor":25},{"not_picked":["Turbo","Aggregate","Steam"],"picked":"SKIP","floor":28},{"not_picked":["Self Repair","Compile Driver","Turbo"],"picked":"SKIP","floor":31},{"not_picked":["Rainbow","Buffer"],"picked":"Biased Cognition","floor":33},{"not_picked":["Gash","Double Energy+1","Compile Driver"],"picked":"SKIP","floor":35},{"not_picked":["Turbo","Go for the Eyes","Compile Driver"],"picked":"SKIP","floor":37},{"not_picked":["Streamline+1","Hologram","Cold Snap+1"],"picked":"SKIP","floor":38},{"not_picked":["Gash","Sunder","Auto Shields"],"picked":"SKIP","floor":41},{"not_picked":["Gash","Sunder","Auto Shields"],"picked":"SKIP","floor":41},{"not_picked":["Loop+1","Darkness+1","Cold Snap"],"picked":"SKIP","floor":42},{"not_picked":["Hologram","Turbo+1","Steam+1"],"picked":"SKIP","floor":44},{"not_picked":["Stack","Rainbow","Tempest"],"picked":"SKIP","floor":46},{"not_picked":["Turbo+1","Aggregate","Ball Lightning+1"],"picked":"SKIP","floor":47},{"not_picked":["Lockon+1","Streamline+1","Turbo"],"picked":"SKIP","floor":48}],"player_experience":1002890,"relics_obtained":[{"floor":7.0,"key":"Happy Flower"},{"floor":9.0,"key":"infinitespire:Satchel"},{"floor":10,"key":"hubris:BallOfYels"},{"floor":23,"key":"Eternal Feather"},{"floor":25,"key":"infinitespire:CheckeredPen"},{"floor":42,"key":"Juzu Bracelet"},{"floor":43,"key":"Bronze Scales"},{"floor":47,"key":"InkBottle"}],"event_choices":[{"damage_healed":14,"gold_gain":0,"player_choice":"Heal","damage_taken":0,"max_hp_gain":0,"max_hp_loss":0,"event_name":"The Library","floor":20,"gold_loss":0},{"damage_healed":0,"gold_gain":0,"player_choice":"Ignored","damage_taken":0,"max_hp_gain":0,"max_hp_loss":0,"event_name":"betterThird:BetterPortal","floor":39,"gold_loss":0},{"damage_healed":0,"gold_gain":50,"player_choice":"Pray","damage_taken":0,"max_hp_gain":0,"max_hp_loss":0,"event_name":"Golden Shrine","floor":45,"gold_loss":0}],"is_beta":false,"boss_relics":[{"not_picked":["hubris:RunicObelisk","Astrolabe"],"picked":"Sozu"},{"not_picked":["hubris:HollowSoul","hubris:VirtuousBlindfold"],"picked":"Pandora\u0027s Box"}],"items_purged_floors":[0,29,36],"is_endless":false,"potions_floor_spawned":[1,5,7,11,14,16,18,24,28,31,38,41,46],"killed_by":"Awakened One","ascension_level":20}}