{"host":"684z1xpuwaoqmmh1","time":1613323768,"event":{"mods":["A Magickal Journey","BaseMod","Downfall","Hermit","Jorbs\u0027s Wanderer Trilogy","Marisa????????","Minty Spire (QoL Compilation)","Robot Space Explorer","Shade Mod","StSLib","The Bug Knight","The Dragon Tamer","The Elementalist","The Hayseed","The Hierophant","The Marked","The Mystic","The Runesmith","The Saiyan","The Senshi","The Spell Scribe","The Vixen","TheBandit","TheFirefly"],"gold_per_floor":[117,134,145,156,176,176,201,201,201,216,251,301,320,345,345,424,424,444,463,480,498,510,510,538,538,538,553,603,634,663,663,663,663,663],"floor_reached":33,"language":"ENG","playtime":2061,"items_purged":[],"score":606,"play_id":"5e6cb3fb-af50-4ab8-a5c7-21b5058ce7a6","local_time":"20210214192928","is_ascension_mode":true,"campfire_choices":[{"data":"theSenshi:SailorSaturnAssists","floor":6,"key":"SMITH"},{"data":"theSenshi:SailorMarsAssists","floor":8,"key":"SMITH"},{"data":"theSenshi:SailorSaturnAssists","floor":15,"key":"SMITH"},{"data":"theSenshi:StudyParty","floor":23,"key":"SMITH"},{"data":"theSenshi:SailorSaturnAssists","floor":25,"key":"SMITH"},{"floor":32,"key":"REST"}],"circlet_count":0,"master_deck":["AscendersBane","theSenshi:SailorKick","theSenshi:SailorKick","theSenshi:SailorKick","theSenshi:SailorKick","theSenshi:SailorBlock","theSenshi:SailorBlock","theSenshi:SailorBlock","theSenshi:SailorBlock","theSenshi:RoseThrow","theSenshi:MoonPrismPowerMakeUp","theSenshi:SailorMarsAssists+1","theSenshi:SailorVenusAssists","theSenshi:SailorSaturnAssists+1","theSenshi:SailorMercuryAssists","theSenshi:SaturnsMystery","theSenshi:MoonHealingEscalation","theSenshi:SailorSaturnAssists+1","theSenshi:SailorV","theSenshi:SailorSaturnAssists+1","theSenshi:MarsPride","theSenshi:SailorJupiterAssists+1","theSenshi:MercurysCunning","theSenshi:StudyParty+1","theSenshi:SailorMercuryAssists+1","theSenshi:SailorStarHealerAssists+1"],"relics":["theSenshi:TransformationBroochRelic","theSenshi:CutieMoonRodRelic","Mercury Hourglass","Letter Opener","theSenshi:HolyGrailRelic","theSenshi:EternalSailorFukuRelic","Question Card","HollowMod:StagPassRelic","Toxic Egg 2","Red Mask"],"acts_visited":["Exordium","TheCity"],"potions_floor_usage":[7,14,19,24,24,24,29,30,30,33],"damage_taken":[{"damage":15,"enemies":"Cultist","floor":1,"turns":6},{"damage":0,"enemies":"Small Slimes","floor":2,"turns":3},{"damage":6,"enemies":"2 Louse","floor":3,"turns":2},{"damage":2,"enemies":"Looter","floor":4,"turns":4},{"damage":14,"enemies":"Large Slime","floor":5,"turns":8},{"damage":14,"enemies":"3 Sentries","floor":7,"turns":7},{"damage":0,"enemies":"2 Fungi Beasts","floor":10,"turns":2},{"damage":15,"enemies":"Lagavulin","floor":11,"turns":6},{"damage":0,"enemies":"Blue Slaver","floor":13,"turns":3},{"damage":1,"enemies":"Gremlin Nob","floor":14,"turns":3},{"damage":3,"enemies":"The Guardian","floor":16,"turns":12},{"damage":9,"enemies":"Chosen","floor":18,"turns":4},{"damage":19,"enemies":"2 Thieves","floor":19,"turns":3},{"damage":3,"enemies":"Chosen and Byrds","floor":20,"turns":6},{"damage":15,"enemies":"Centurion and Healer","floor":21,"turns":10},{"damage":9,"enemies":"Snake Plant","floor":22,"turns":4},{"damage":57,"enemies":"Book of Stabbing","floor":24,"turns":8},{"damage":31,"enemies":"Snecko","floor":27,"turns":7},{"damage":66,"enemies":"Gremlin Leader","floor":29,"turns":11},{"damage":29,"enemies":"Masked Bandits","floor":30,"turns":6},{"damage":181,"enemies":"Champ","floor":33,"turns":25}],"seed_played":"4525097635556381958","potions_obtained":[{"floor":3,"key":"Fire Potion"},{"floor":7,"key":"LiquidBronze"},{"floor":11,"key":"GamblersBrew"},{"floor":14,"key":"EntropicBrew"},{"floor":16,"key":"Explosive Potion"},{"floor":20,"key":"PowerPotion"},{"floor":27,"key":"DuplicationPotion"},{"floor":29,"key":"GamblersBrew"},{"floor":30,"key":"SkillPotion"}],"is_trial":false,"path_per_floor":["M","M","M","M","M","R","E","R","T","M","E","?","M","E","R","B",null,"M","M","M","M","M","R","E","R","T","M","?","E","?","?","R","B"],"character_chosen":"THE_SENSHI","items_purchased":[],"campfire_rested":1,"item_purchase_floors":[],"current_hp_per_floor":[60,60,54,62,63,63,69,69,69,82,77,69,82,81,81,82,82,74,60,82,80,76,76,34,34,34,38,38,27,18,18,42,0,0],"gold":663,"neow_bonus":"TEN_PERCENT_HP_BONUS","is_daily":false,"chose_seed":false,"campfire_upgraded":5,"win_rate":0.0,"timestamp":1613323768,"path_taken":["M","M","?","M","M","R","E","R","T","M","E","?","M","E","R","BOSS","M","M","?","M","M","R","E","R","T","M","?","E","?","?","R","BOSS"],"items_purchased_type":[],"build_version":"2020-12-22","purchased_purges":0,"victory":false,"max_hp_per_floor":[82,82,82,82,82,82,82,82,82,82,82,82,82,82,82,82,82,82,82,82,82,82,82,82,82,82,82,82,82,82,82,82,82,82],"card_choices":[{"not_picked":["theSenshi:MoonsReflection","theSenshi:TuxedoSmokingBomber"],"picked":"theSenshi:SailorMarsAssists","floor":1},{"not_picked":["theSenshi:MoonKick","theSenshi:CrisisMakeUp"],"picked":"theSenshi:SailorVenusAssists","floor":2},{"not_picked":["theSenshi:LunasBite","theSenshi:CrisisMakeUp"],"picked":"theSenshi:SailorSaturnAssists","floor":3},{"not_picked":["theSenshi:MoonPower","theSenshi:TallSilhouette"],"picked":"theSenshi:SailorMercuryAssists","floor":4},{"not_picked":["theSenshi:TallSilhouette","theSenshi:MoonSpiralHeartAttack"],"picked":"theSenshi:SaturnsMystery","floor":5},{"not_picked":["theSenshi:TallSilhouette","theSenshi:SailorMercuryAssists"],"picked":"theSenshi:MoonHealingEscalation","floor":7},{"not_picked":["theSenshi:LunasBite","theSenshi:TallSilhouette","theSenshi:SchoolBag"],"picked":"SKIP","floor":10},{"not_picked":["theSenshi:KlutzyLuck","theSenshi:SailorStarHealerAssists"],"picked":"theSenshi:SailorSaturnAssists","floor":11},{"not_picked":["theSenshi:LunasBite","theSenshi:SailorMarsAssists","theSenshi:RainbowMoonHeartAche"],"picked":"SKIP","floor":13},{"not_picked":["theSenshi:MoonKick","theSenshi:DramaticEntrance"],"picked":"theSenshi:SailorV","floor":14},{"not_picked":["theSenshi:SilverMoonCrystalPowerKiss","theSenshi:GlimpseOfThePast"],"picked":"theSenshi:SailorSaturnAssists","floor":16},{"not_picked":["theSenshi:MoonPower","theSenshi:Sidestep"],"picked":"theSenshi:MarsPride","floor":18},{"not_picked":["theSenshi:SailorVenusAssists+1","theSenshi:TuxedoMaskAssists"],"picked":"theSenshi:SailorJupiterAssists+1","floor":19},{"not_picked":["theSenshi:SailorJupiterAssists","theSenshi:TuxedoMaskAssists"],"picked":"theSenshi:MercurysCunning","floor":20},{"not_picked":["theSenshi:SchoolBag","theSenshi:SailorMercuryAssists","theSenshi:Overload"],"picked":"SKIP","floor":21},{"not_picked":["theSenshi:LunasBite","theSenshi:KlutzyLuck"],"picked":"theSenshi:StudyParty","floor":22},{"not_picked":["theSenshi:SailorStarMakerAssists","theSenshi:PlutosSolemnity"],"picked":"theSenshi:SailorMercuryAssists+1","floor":24},{"not_picked":["theSenshi:TuxedoMaskAssists","theSenshi:MoonsReflection","theSenshi:SailorMercuryAssists","theSenshi:SupersonicWaves"],"picked":"SKIP","floor":27},{"not_picked":["theSenshi:SailorChibiMoonAssists+1","theSenshi:MoonsReflection+1","theSenshi:PlutosSolemnity+1"],"picked":"theSenshi:SailorStarHealerAssists+1","floor":29}],"player_experience":3290437,"relics_obtained":[{"floor":7,"key":"theSenshi:CutieMoonRodRelic"},{"floor":9,"key":"Mercury Hourglass"},{"floor":11,"key":"Letter Opener"},{"floor":14,"key":"theSenshi:HolyGrailRelic"},{"floor":24,"key":"Question Card"},{"floor":26,"key":"HollowMod:StagPassRelic"},{"floor":29,"key":"Toxic Egg 2"},{"floor":30,"key":"Red Mask"}],"event_choices":[{"damage_healed":0,"gold_gain":50,"player_choice":"Touch","damage_taken":8,"max_hp_gain":0,"max_hp_loss":0,"event_name":"FaceTrader","floor":12,"gold_loss":0},{"damage_healed":0,"gold_gain":50,"player_choice":"Stole From Cult","damage_taken":0,"max_hp_gain":0,"max_hp_loss":0,"event_name":"Nest","floor":28,"gold_loss":0},{"damage_healed":0,"gold_gain":0,"player_choice":"Fought Bandits","damage_taken":0,"max_hp_gain":0,"max_hp_loss":0,"event_name":"Masked Bandits","floor":30,"gold_loss":0},{"damage_healed":0,"gold_gain":0,"player_choice":"Ignored","damage_taken":0,"max_hp_gain":0,"max_hp_loss":0,"event_name":"Ghosts","floor":31,"gold_loss":0}],"is_beta":false,"boss_relics":[{"not_picked":["Tiny House","Black Star"],"picked":"theSenshi:EternalSailorFukuRelic"}],"items_purged_floors":[],"is_endless":false,"potions_floor_spawned":[3,7,11,14,16,20,27,29,30],"killed_by":"Champ","ascension_level":19}}