{"host":"djoj10dqzzvtkauc","time":1613313850,"event":{"mods":["2.2 Compatiblity","BaseMod","Colored Map","DeckTracker","Highlight Path","Keyboard Shortcuts","Marisa£¨Ùöéë¡¡Øª×âÞÞ£©","Minty Spire (QoL Compilation)","Permanent Neow","Quick Restart","Random Character Button","StSLib","SuperFastMode","everything is the same but u backflip on backflip"],"gold_per_floor":[20,20,36,55,67,94,94,119,119,119,119,129,129,129,129,129,129],"floor_reached":16,"language":"KOR","playtime":318,"items_purged":[],"score":198,"play_id":"34b69214-9478-40d9-a1ba-132d7b98e06c","local_time":"20210214234410","is_ascension_mode":true,"campfire_choices":[{"data":"Unload","floor":7.0,"key":"SMITH"},{"data":"Dagger Spray","floor":10,"key":"SMITH"},{"floor":15,"key":"REST"}],"circlet_count":0,"master_deck":["AscendersBane","Strike_G","Strike_G+1","Strike_G","Strike_G","Defend_G","Defend_G","Defend_G","Defend_G","Defend_G","Survivor","Neutralize","Flying Knee","Dagger Spray+1","Tactician+1","Leg Sweep","Unload+1","PiercingWail","Poisoned Stab"],"relics":["Ring of the Snake","Ginger","WingedGreaves","Mango","Singing Bowl","Toxic Egg 2"],"acts_visited":["Exordium"],"potions_floor_usage":[8],"damage_taken":[{"damage":0.0,"enemies":"2 Louse","floor":1.0,"turns":3.0},{"damage":0.0,"enemies":"Jaw Worm","floor":3.0,"turns":4.0},{"damage":0.0,"enemies":"Small Slimes","floor":4.0,"turns":3.0},{"damage":3.0,"enemies":"Looter","floor":5.0,"turns":4.0},{"damage":19.0,"enemies":"Lagavulin","floor":6.0,"turns":9.0},{"damage":12,"enemies":"Gremlin Nob","floor":8,"turns":5},{"damage":0,"enemies":"3 Louse","floor":12,"turns":1},{"damage":23,"enemies":"Hexaghost","floor":16,"turns":9}],"seed_played":"-106426663395330427","potions_obtained":[{"floor":1.0,"key":"DuplicationPotion"},{"floor":4.0,"key":"AttackPotion"},{"floor":6.0,"key":"EssenceOfSteel"}],"is_trial":false,"path_per_floor":["M","?","M","M","M","E","R","E","T","R","?","M","?","T","R","B"],"character_chosen":"THE_SILENT","items_purchased":[],"campfire_rested":1,"item_purchase_floors":[],"current_hp_per_floor":[59,59,59,59,56,37,37,39,39,39,39,39,15,15,39,16,16],"gold":129,"neow_bonus":"ONE_RARE_RELIC","is_daily":false,"chose_seed":false,"campfire_upgraded":2,"win_rate":0.0,"timestamp":1613313850,"path_taken":["M","?","M","M","M","E","R","E","T","R","?","M","?","?","R","BOSS"],"items_purchased_type":[],"build_version":"2020-12-22","purchased_purges":0,"victory":false,"max_hp_per_floor":[66,66,66,66,66,66,66,80,80,80,80,80,80,80,80,80,80],"card_choices":[{"not_picked":["Tactician","Cloak And Dagger"],"picked":"Flying Knee","floor":1.0},{"not_picked":["Distraction","Prepared"],"picked":"Dagger Spray","floor":3.0},{"not_picked":["Prepared","Finisher"],"picked":"Tactician","floor":4.0},{"not_picked":["Dagger Throw","Finisher"],"picked":"Leg Sweep","floor":5.0},{"not_picked":["Blur","Outmaneuver"],"picked":"Unload","floor":6.0},{"not_picked":["Poisoned Stab","Flying Knee"],"picked":"PiercingWail","floor":8},{"not_picked":["Caltrops","Dagger Spray"],"picked":"Poisoned Stab","floor":12}],"player_experience":248912,"relics_obtained":[{"floor":6.0,"key":"WingedGreaves"},{"floor":8,"key":"Mango"},{"floor":9,"key":"Singing Bowl"},{"floor":14,"key":"Toxic Egg 2"}],"event_choices":[{"cards_removed":["Strike_G"],"damage_healed":0.0,"max_hp_gain":0.0,"max_hp_loss":0.0,"gold_gain":0.0,"event_name":"Living Wall","player_choice":"Forget","floor":2.0,"gold_loss":0.0,"damage_taken":0.0},{"damage_healed":0,"gold_gain":0,"player_choice":"Fled","damage_taken":0,"max_hp_gain":0,"max_hp_loss":0,"event_name":"Scrap Ooze","floor":11,"gold_loss":0},{"damage_healed":0,"gold_gain":0,"player_choice":"Entered Light","damage_taken":24,"max_hp_gain":0,"max_hp_loss":0,"event_name":"Shining Light","floor":13,"gold_loss":0,"cards_upgraded":["Strike_G","Tactician"]}],"is_beta":false,"boss_relics":[],"items_purged_floors":[],"is_endless":false,"potions_floor_spawned":[1,4,6],"killed_by":"Hexaghost","ascension_level":16}}