{"host":"wmojtwekh6s3tor5","time":1613299749,"event":{"mods":["BaseMod","Colored Map","Colored Powertips","DeckTracker","Highlight Path","Minty Spire (QoL Compilation)","StSLib"],"gold_per_floor":[110,110,121,121,121,121,157,171,195,195,218,0,15,28,28,149,149,168,93,111,111,124,124,124,124,124,137,161,204,129,154,154,154,154],"floor_reached":33,"language":"ZHS","playtime":1121,"items_purged":["Writhe"],"score":347,"play_id":"c92e122f-f3f3-4cd7-b049-9dc02afb2dd8","local_time":"20210214184909","is_ascension_mode":true,"campfire_choices":[{"data":"Bash","floor":6.0,"key":"SMITH"},{"data":"Hemokinesis","floor":10.0,"key":"SMITH"},{"data":"Rupture","floor":15.0,"key":"SMITH"},{"data":"Reckless Charge","floor":23,"key":"SMITH"},{"floor":25,"key":"REST"},{"floor":32,"key":"REST"}],"circlet_count":0,"master_deck":["Strike_R","Strike_R","Strike_R","Strike_R","Defend_R","Defend_R","Defend_R+1","Defend_R+1","Bash+1","Reckless Charge+1","Hemokinesis+1","Rupture+1","Hemokinesis+1","Cleave+1"],"relics":["Burning Blood","Akabeko","Golden Idol","Pen Nib","Red Skull","Ancient Tea Set","Happy Flower","Busted Crown","War Paint","Oddly Smooth Stone","Potion Belt"],"acts_visited":["Exordium","TheCity"],"potions_floor_usage":[22,29,29,29,31],"damage_taken":[{"damage":14.0,"enemies":"Jaw Worm","floor":1.0,"turns":3.0},{"damage":0.0,"enemies":"Cultist","floor":3.0,"turns":2.0},{"damage":29.0,"enemies":"3 Sentries","floor":7.0,"turns":10.0},{"damage":0.0,"enemies":"Small Slimes","floor":8.0,"turns":2.0},{"damage":2.0,"enemies":"2 Fungi Beasts","floor":13.0,"turns":2.0},{"damage":2.0,"enemies":"Blue Slaver","floor":14.0,"turns":1.0},{"damage":48.0,"enemies":"Hexaghost","floor":16.0,"turns":5.0},{"damage":11.0,"enemies":"Chosen","floor":18.0,"turns":4.0},{"damage":22.0,"enemies":"2 Thieves","floor":20.0,"turns":3.0},{"damage":15,"enemies":"Chosen and Byrds","floor":22,"turns":3},{"damage":6,"enemies":"Sentry and Sphere","floor":27,"turns":3},{"damage":35,"enemies":"Snecko","floor":28,"turns":5},{"damage":38,"enemies":"Gremlin Leader","floor":29,"turns":5},{"damage":2,"enemies":"Snake Plant","floor":31,"turns":3},{"damage":70,"enemies":"Collector","floor":33,"turns":5}],"seed_played":"-7333184258931478839","potions_obtained":[{"floor":2.0,"key":"AttackPotion"},{"floor":2.0,"key":"ColorlessPotion"},{"floor":2.0,"key":"EssenceOfSteel"},{"floor":3.0,"key":"BloodPotion"},{"floor":7.0,"key":"Swift Potion"},{"floor":16.0,"key":"SkillPotion"},{"floor":20.0,"key":"LiquidBronze"},{"floor":27,"key":"Dexterity Potion"},{"floor":28,"key":"Dexterity Potion"},{"floor":29,"key":"BloodPotion"}],"is_trial":false,"path_per_floor":["M","?","M","?","?","R","E","M","T","R","T","$","M","M","R","B",null,"M","?","M","?","M","R","?","R","T","M","M","E","$","M","R","B"],"character_chosen":"IRONCLAD","items_purchased":["Happy Flower","Rupture"],"campfire_rested":2,"item_purchase_floors":[12,12],"current_hp_per_floor":[64,64,70,75,75,75,52,58,58,58,58,58,62,66,66,24,65,60,60,44,44,35,35,35,58,58,58,29,12,12,31,54,0,0],"gold":154,"neow_bonus":"RANDOM_COMMON_RELIC","is_daily":false,"chose_seed":false,"campfire_upgraded":4,"win_rate":0.0,"timestamp":1613299749,"path_taken":["M","?","?","?","?","R","E","M","T","R","?","$","M","?","R","BOSS","M","?","M","?","M","R","?","R","T","M","M","E","$","?","R","BOSS"],"items_purchased_type":["Relic","Card"],"build_version":"2020-12-22","purchased_purges":1,"victory":false,"max_hp_per_floor":[80,80,80,85,79,79,79,79,79,79,79,79,79,79,79,79,79,79,79,79,79,79,79,79,79,79,79,79,79,79,79,79,79,79],"card_choices":[{"not_picked":["Wild Strike","Burning Pact"],"picked":"Reckless Charge","floor":1.0},{"not_picked":["Shrug It Off","Armaments"],"picked":"Hemokinesis","floor":3.0},{"not_picked":["Body Slam","Cleave","Havoc"],"picked":"SKIP","floor":7.0},{"not_picked":["Immolate","Shrug It Off","Havoc"],"picked":"SKIP","floor":8.0},{"not_picked":["Searing Blow","Clothesline","Pommel Strike"],"picked":"SKIP","floor":13.0},{"not_picked":["Havoc","Iron Wave","Twin Strike"],"picked":"SKIP","floor":14.0},{"not_picked":["Headbutt"],"picked":"SKIP","floor":18.0},{"not_picked":["Dark Embrace+1"],"picked":"SKIP","floor":20.0},{"not_picked":["Anger"],"picked":"SKIP","floor":22},{"not_picked":["Iron Wave"],"picked":"SKIP","floor":27},{"not_picked":["Carnage"],"picked":"SKIP","floor":28},{"not_picked":["Carnage"],"picked":"SKIP","floor":28},{"not_picked":["True Grit"],"picked":"SKIP","floor":29},{"not_picked":["Cleave+1"],"picked":"SKIP","floor":31},{"not_picked":[],"picked":"Cleave+1","floor":31}],"player_experience":615934,"relics_obtained":[{"floor":7.0,"key":"Pen Nib"},{"floor":9.0,"key":"Red Skull"},{"floor":11.0,"key":"Ancient Tea Set"},{"floor":26,"key":"Oddly Smooth Stone"},{"floor":29,"key":"Potion Belt"}],"event_choices":[{"damage_healed":0.0,"max_hp_gain":0.0,"max_hp_loss":0.0,"gold_gain":0.0,"event_name":"Lab","player_choice":"Got Potions","floor":2.0,"gold_loss":0.0,"damage_taken":0.0},{"damage_healed":0.0,"max_hp_gain":5.0,"max_hp_loss":0.0,"gold_gain":0.0,"event_name":"Big Fish","player_choice":"Donut","floor":4.0,"gold_loss":0.0,"damage_taken":0.0},{"damage_healed":0.0,"max_hp_gain":0.0,"max_hp_loss":6.0,"gold_gain":0.0,"event_name":"Golden Idol","player_choice":"Lose Max HP","floor":5.0,"gold_loss":0.0,"damage_taken":0.0,"relics_obtained":["Golden Idol"]},{"cards_removed":["Strike_R"],"damage_healed":0.0,"max_hp_gain":0.0,"max_hp_loss":0.0,"gold_gain":0.0,"event_name":"Beggar","player_choice":"Gave Gold","floor":19.0,"gold_loss":75.0,"damage_taken":0.0},{"damage_healed":0.0,"max_hp_gain":0.0,"max_hp_loss":0.0,"gold_gain":0.0,"event_name":"The Mausoleum","player_choice":"Opened","floor":21.0,"gold_loss":0.0,"damage_taken":0.0,"relics_obtained":["War Paint"],"cards_obtained":["Writhe"]},{"damage_healed":0,"gold_gain":0,"player_choice":"Copied","damage_taken":0,"max_hp_gain":0,"max_hp_loss":0,"event_name":"Duplicator","floor":24,"gold_loss":0,"cards_obtained":["Hemokinesis"]}],"is_beta":false,"boss_relics":[{"not_picked":["Calling Bell","SlaversCollar"],"picked":"Busted Crown"}],"items_purged_floors":[30],"is_endless":false,"potions_floor_spawned":[3,7,16,20,27,28,29],"killed_by":"Collector","ascension_level":6}}