{"host":"2qyxu97h6u4ukicb","time":1613264864,"event":{"mods":["AchievementEnabler","BaseMod","BetterRewards","Colored Map","Colored Powertips","Minty Spire (QoL Compilation)","Replay The Spire","Shop Mod","StSLib"],"gold_per_floor":[116,116,185,185,202,230,230,266,290,325,366,366,366,326,326,465,465,500,541,541,0,49,49,77,77,77,77,130,130,171,185,185],"floor_reached":31,"language":"ENG","playtime":2072,"items_purged":[],"score":262,"play_id":"0248ac2a-4c56-4cf4-9a08-ad3d77ab7149","local_time":"20210213190744","is_ascension_mode":false,"campfire_choices":[{"data":"All Out Attack","floor":7,"key":"SMITH"},{"data":"Catalyst","floor":13,"key":"SMITH"},{"data":"Dagger Spray","floor":15,"key":"SMITH"},{"floor":23,"key":"REST"},{"floor":25,"key":"REST"},{"floor":29,"key":"REST"}],"circlet_count":0,"master_deck":["Strike_G","Strike_G","Strike_G","Strike_G","Strike_G","Defend_G","Defend_G","Defend_G","Defend_G","Defend_G","Survivor","Neutralize","All Out Attack+1","Flying Knee","Dagger Spray+1","Deadly Poison","Catalyst+1","Blade Dance","Injury","ReplayTheSpireMod:Necrosis","Catalyst","Accuracy+1","Flying Knee+1","Accuracy+1","Blade Dance+1","Infinite Blades"],"relics":["Ring of the Snake","NeowsBlessing","Replay:Bandana","Dream Catcher","Golden Idol","Vampiric Spirits","Vajra"],"acts_visited":["Exordium","TheCity"],"potions_floor_usage":[11,16,16,18,28],"damage_taken":[{"damage":0,"enemies":"Small Slimes","floor":1,"turns":1},{"damage":0,"enemies":"2 Louse","floor":5,"turns":1},{"damage":0,"enemies":"3 Sentries","floor":6,"turns":1},{"damage":4,"enemies":"Cultist","floor":8,"turns":3},{"damage":3,"enemies":"Exordium Wildlife","floor":10,"turns":3},{"damage":7,"enemies":"Exordium Thugs","floor":11,"turns":2},{"damage":29,"enemies":"Slime Boss","floor":16,"turns":13},{"damage":31,"enemies":"Shell Parasite","floor":18,"turns":7},{"damage":22,"enemies":"2 Thieves","floor":19,"turns":3},{"damage":30,"enemies":"3 Cultists","floor":22,"turns":5},{"damage":30,"enemies":"Snake Plant","floor":24,"turns":4},{"damage":39,"enemies":"Cultist and Chosen","floor":28,"turns":5},{"damage":28,"enemies":"Centurion and Healer","floor":30,"turns":6},{"damage":24,"enemies":"3 Cultists","floor":31,"turns":3}],"seed_played":"7502919086549736303","potions_obtained":[{"floor":8,"key":"Venom Potion"},{"floor":10,"key":"AttackPotion"},{"floor":11,"key":"ColorlessPotion"},{"floor":14,"key":"LifebloodPotion"},{"floor":14,"key":"GhostInAJar"},{"floor":22,"key":"Venom Potion"},{"floor":24,"key":"PowerPotion"}],"is_trial":false,"path_per_floor":["M","?","?","$","M","E","R","M","T","M","M","?","R","?","R","B",null,"M","M","?","$","M","R","M","R","T","$","M","R","M","M"],"character_chosen":"THE_SILENT","items_purchased":["FairyPotion","Vampiric Spirits","Vajra"],"campfire_rested":3,"item_purchase_floors":[21,21,21],"current_hp_per_floor":[70,70,70,70,70,70,70,66,66,63,56,56,56,56,56,27,70,39,17,17,17,3,24,21,42,42,42,10,31,6,0,0],"gold":185,"neow_bonus":"THREE_ENEMY_KILL","is_daily":false,"chose_seed":false,"campfire_upgraded":3,"win_rate":0.0,"timestamp":1613264864,"path_taken":["M","?","?","$","M","E","R","M","T","M","M","?","R","?","R","BOSS","M","?","?","?","M","R","M","R","T","$","M","R","M","M"],"items_purchased_type":["Potion","Relic","Relic"],"build_version":"2020-12-22","purchased_purges":0,"victory":false,"max_hp_per_floor":[70,70,70,70,70,70,70,70,70,70,70,70,70,70,70,70,70,70,70,70,70,70,70,70,70,70,70,70,70,70,70,70],"card_choices":[{"not_picked":["Sucker Punch","Dagger Throw"],"picked":"All Out Attack","floor":1},{"not_picked":["Acrobatics","Choke"],"picked":"Flying Knee","floor":5},{"not_picked":["Distraction","Backstab"],"picked":"Dagger Spray","floor":6},{"not_picked":["PiercingWail","Escape Plan"],"picked":"Deadly Poison","floor":8},{"not_picked":["Sneak Up","PiercingWail"],"picked":"Catalyst","floor":10},{"not_picked":["Dodge and Roll","Dagger Throw"],"picked":"Blade Dance","floor":11},{"not_picked":["Adrenaline","After Image"],"picked":"ReplayTheSpireMod:Necrosis","floor":16},{"not_picked":["Flying Knee","ReplayTheSpireMod:Speed Training+1"],"picked":"Catalyst","floor":18},{"not_picked":["Outmaneuver","ReplayTheSpireMod:Shiv Toss+1"],"picked":"Accuracy","floor":19},{"not_picked":["Poisoned Stab","Underhanded Strike"],"picked":"Flying Knee+1","floor":22},{"not_picked":["Dagger Spray","Slice","Caltrops"],"picked":"SKIP","floor":24},{"not_picked":["Deflect","Outmaneuver"],"picked":"Accuracy+1","floor":28},{"not_picked":["Terror","Expertise"],"picked":"Blade Dance+1","floor":29},{"not_picked":["Outmaneuver","Storm of Steel"],"picked":"Infinite Blades","floor":30}],"player_experience":806982,"relics_obtained":[{"floor":6,"key":"Replay:Bandana"},{"floor":9,"key":"Dream Catcher"}],"event_choices":[{"damage_healed":0,"gold_gain":0,"player_choice":"Leave","damage_taken":0,"max_hp_gain":0,"max_hp_loss":0,"event_name":"The Cleric","floor":2,"gold_loss":0},{"damage_healed":0,"gold_gain":69,"player_choice":"Gained Gold","damage_taken":0,"max_hp_gain":0,"max_hp_loss":0,"event_name":"Golden Wing","floor":3,"gold_loss":0},{"damage_healed":0,"gold_gain":0,"player_choice":"Take Wound","damage_taken":0,"relics_obtained":["Golden Idol"],"max_hp_gain":0,"max_hp_loss":0,"event_name":"Golden Idol","floor":12,"gold_loss":0,"cards_obtained":["Injury"]},{"damage_healed":0,"gold_gain":0,"player_choice":"Bought 3 Potions","damage_taken":0,"max_hp_gain":0,"max_hp_loss":0,"event_name":"The Woman in Blue","floor":14,"gold_loss":0},{"damage_healed":0,"gold_gain":0,"player_choice":"Upgraded","damage_taken":0,"max_hp_gain":0,"max_hp_loss":0,"event_name":"Upgrade Shrine","floor":20,"gold_loss":0,"cards_upgraded":["Accuracy"]}],"is_beta":false,"boss_relics":[{"not_picked":["Runic Pyramid","Kintsugi","Ectoplasm"]}],"items_purged_floors":[],"is_endless":false,"potions_floor_spawned":[8,10,11,22,24,28],"killed_by":"3 Cultists","ascension_level":0}}