{"host":"vyiqbz5w606ur92t","time":1613267670,"event":{"mods":["BaseMod","Downfall","Minty Spire (QoL Compilation)","Relic Stats","StSLib"],"gold_per_floor":[99,109,109,119,29,47,47,80,95,127,127,140,175,160,180,278,278,178,189,124,135,186,219,246,257,277,302,302,13,13,13,26,127,127,27,38,49,65,85,85,139,168,181,207,207,223,123,139,156,156,156,187,84,84,84,84],"floor_reached":57,"language":"ENG","playtime":5798,"items_purged":["downfall:Malfunctioning"],"score":1839,"play_id":"6b4b2386-1a58-4841-b47d-5982dfdd098a","local_time":"20210214015430","is_ascension_mode":true,"campfire_choices":[{"data":"champ:Taunt","floor":1,"key":"SMITH"},{"data":"champ:StrikeOfGenius","floor":18,"key":"SMITH"},{"floor":28,"key":"RECALL"},{"data":"champ:GladiatorForm","floor":35,"key":"SMITH"},{"data":"champ:Lariat","floor":40,"key":"SMITH"},{"data":"champ:TripleStrike","floor":47,"key":"SMITH"},{"data":"champ:PerfectedStrike","floor":54,"key":"SMITH"}],"circlet_count":0,"master_deck":["champ:Strike+1","champ:Strike","champ:Strike","champ:Strike","champ:Defend+1","champ:Defend","champ:Defend","champ:Defend","champ:Execute","champ:Taunt+1","champ:TornadoPunch+1","champ:BringItOn","champ:DefensiveStyle","champ:FlashCut","champ:StrikeOfGenius+1","champ:StanceDance","champ:Lariat+1","champ:PreemptiveStrike","champ:ArenaPreparation","champ:TripleStrike+1","champ:MurderStrike","champ:PerfectedStrike+1","champ:ShieldWall+1","champ:FocusedDefense","champ:SwordSigil","champ:FlashCut+1","champ:GladiatorForm+1","champ:RageSigil","champ:TripleStrike","champ:Haymaker+1","champ:CrookedStrike+1","champ:CalledShot+1","champ:StanceDance+1","champ:ShieldSlam+1","champ:BladeFlurry+1","champ:Circumvent","champ:Backstep+1"],"relics":["champ:ChampionCrownUpgraded","Letter Opener","StrikeDummy","Centennial Puzzle","InkBottle","downfall:HeartBlessingGreen","champ:FightingForDummies","Bottled Flame","MealTicket","champ:GladiatorsBookOfMartialProwess","Calipers","champ:BerserkersGuideToSlaughter","SlaversCollar","downfall:HeartBlessingRed","Lantern","champ:DefensiveTrainingManual","downfall:HeartBlessingBlue","Mango"],"acts_visited":["Exordium","TheCity","TheBeyond","TheEnding"],"potions_floor_usage":[8,13,22,27,42,48,49,50,50,56],"damage_taken":[{"damage":17,"enemies":"Small Slimes","floor":2,"turns":4},{"damage":20,"enemies":"Cultist","floor":4,"turns":3},{"damage":20,"enemies":"downfall:FleeingMerchant","floor":5,"turns":4},{"damage":10,"enemies":"2 Louse","floor":6,"turns":2},{"damage":28,"enemies":"Gremlin Nob","floor":8,"turns":4},{"damage":5,"enemies":"Red Slaver","floor":9,"turns":3},{"damage":15,"enemies":"3 Sentries","floor":10,"turns":6},{"damage":10,"enemies":"downfall:LooterAlt","floor":12,"turns":3},{"damage":24,"enemies":"Gremlin Nob","floor":13,"turns":4},{"damage":0,"enemies":"downfall:FleeingMerchant","floor":14,"turns":4},{"damage":5,"enemies":"Exordium Wildlife","floor":15,"turns":3},{"damage":27,"enemies":"SI_SHIV_ARCHETYPE","floor":16,"turns":6},{"damage":20,"enemies":"Chosen","floor":19,"turns":3},{"damage":83,"enemies":"downfall:FleeingMerchant","floor":20,"turns":4},{"damage":40,"enemies":"Spheric Guardian","floor":21,"turns":2},{"damage":39,"enemies":"downfall:FleeingMerchant","floor":22,"turns":3},{"damage":20,"enemies":"Book of Stabbing","floor":23,"turns":4},{"damage":24,"enemies":"Cultist and Chosen","floor":25,"turns":3},{"damage":55,"enemies":"Snake Plant","floor":26,"turns":2},{"damage":39,"enemies":"Gremlin Leader","floor":27,"turns":7},{"damage":45,"enemies":"Sentry and Sphere","floor":32,"turns":5},{"damage":50,"enemies":"WA_ARCHETYPE_CALM","floor":33,"turns":5},{"damage":20,"enemies":"Orb Walker","floor":36,"turns":2},{"damage":35,"enemies":"3 Shapes","floor":37,"turns":5},{"damage":25,"enemies":"Spire Growth","floor":38,"turns":5},{"damage":30,"enemies":"Jaw Worm Horde","floor":39,"turns":2},{"damage":65,"enemies":"Nemesis","floor":42,"turns":3},{"damage":18,"enemies":"Sphere and 2 Shapes","floor":43,"turns":4},{"damage":45,"enemies":"Reptomancer","floor":44,"turns":3},{"damage":10,"enemies":"Writhing Mass","floor":46,"turns":4},{"damage":35,"enemies":"Transient","floor":48,"turns":5},{"damage":65,"enemies":"Sphere and 2 Shapes","floor":49,"turns":5},{"damage":75,"enemies":"IC_BLOCK_ARCHETYPE","floor":50,"turns":7},{"damage":35,"enemies":"downfall:CharBossMerchant","floor":52,"turns":4},{"damage":20,"enemies":"downfall:NeowBoss","floor":55,"turns":9},{"damage":68,"enemies":"downfall:NeowBossFinal","floor":56,"turns":8}],"seed_played":"-4648351967149745021","potions_obtained":[{"floor":6,"key":"FearPotion"},{"floor":8,"key":"Dexterity Potion"},{"floor":9,"key":"Ancient Potion"},{"floor":10,"key":"PowerPotion"},{"floor":12,"key":"champ:UltimateStancePotion"},{"floor":16,"key":"BlessingOfTheForge"},{"floor":23,"key":"champ:CounterPotion"},{"floor":32,"key":"EssenceOfSteel"},{"floor":43,"key":"DuplicationPotion"},{"floor":46,"key":"SneckoOil"},{"floor":48,"key":"champ:OpenerPotion"},{"floor":49,"key":"Dexterity Potion"},{"floor":52,"key":"SpeedPotion"}],"is_trial":false,"path_per_floor":["R","M","?","M","$","M","T","E","M","E","?","M","E","$","M","B",null,"R","M","$","M","$","E","T","M","M","E","R","$","?","$","M","B",null,"R","M","M","M","M","R","T","E","M","E","?","M","R","M","M","B",null,"E","$","R","B","B",null],"character_chosen":"THE_CHAMP","items_purchased":["champ:PerfectedStrike","champ:FightingForDummies","champ:FocusedDefense","champ:SwordSigil","Calipers","FairyPotion"],"campfire_rested":0,"item_purchase_floors":[20,22,22,22,29,53],"current_hp_per_floor":[90,83,83,83,83,83,83,75,70,65,65,65,51,51,46,34,83,83,83,75,75,71,71,71,67,67,48,48,63,63,78,68,78,94,94,99,99,78,78,78,78,88,90,99,99,99,109,109,89,34,90,114,123,123,123,115],"gold":84,"neow_bonus":"TEN_PERCENT_HP_BONUS","is_daily":false,"chose_seed":false,"campfire_upgraded":6,"win_rate":0.0,"timestamp":1613267670,"path_taken":["R","M","?","M","$","M","T","E","M","E","?","M","E","$","M","BOSS","R","M","?","M","$","E","T","M","?","E","R","?","?","$","M","BOSS","R","M","M","M","M","R","T","E","M","E","?","M","R","?","M","BOSS","E","$","R","BOSS","BOSS"],"items_purchased_type":["Card","Relic","Card","Card","Relic","Potion"],"build_version":"2020-12-22","purchased_purges":1,"victory":true,"max_hp_per_floor":[99,99,99,99,99,99,99,99,99,99,99,99,99,99,99,99,99,99,99,99,99,99,99,99,99,99,99,99,99,99,99,99,99,99,99,99,99,99,99,99,99,99,99,99,99,99,109,109,109,109,109,123,123,123,123,123],"relic_stats":{"Centennial Puzzle":[84],"counters":[36,150],"MealTicket":39,"Letter Opener":[217],"obtain_stats":[{"Lantern":42,"Calipers":29,"downfall:HeartBlessingRed":35,"champ:ChampionCrown":0,"downfall:HeartBlessingGreen":18,"Mango":52,"champ:ChampionCrownUpgraded":17,"Letter Opener":7,"champ:GladiatorsBookOfMartialProwess":27,"SlaversCollar":34,"Centennial Puzzle":10,"Bottled Flame":23,"champ:DefensiveTrainingManual":44,"downfall:HeartBlessingBlue":47,"MealTicket":24,"champ:BerserkersGuideToSlaughter":30,"champ:FightingForDummies":22,"StrikeDummy":8,"InkBottle":13},{"Lantern":27,"Calipers":20,"downfall:HeartBlessingRed":22,"champ:ChampionCrown":0,"downfall:HeartBlessingGreen":12,"Mango":34,"champ:ChampionCrownUpgraded":12,"Letter Opener":4,"champ:GladiatorsBookOfMartialProwess":20,"SlaversCollar":22,"Centennial Puzzle":7,"Bottled Flame":17,"champ:DefensiveTrainingManual":29,"downfall:HeartBlessingBlue":30,"MealTicket":17,"champ:BerserkersGuideToSlaughter":20,"champ:FightingForDummies":16,"StrikeDummy":5,"InkBottle":9},{"Lantern":101,"Calipers":74,"downfall:HeartBlessingRed":84,"champ:ChampionCrown":0,"downfall:HeartBlessingGreen":46,"Mango":133,"champ:ChampionCrownUpgraded":46,"Letter Opener":13,"champ:GladiatorsBookOfMartialProwess":74,"SlaversCollar":84,"Centennial Puzzle":26,"Bottled Flame":62,"champ:DefensiveTrainingManual":108,"downfall:HeartBlessingBlue":112,"MealTicket":62,"champ:BerserkersGuideToSlaughter":74,"champ:FightingForDummies":58,"StrikeDummy":17,"InkBottle":33}],"InkBottle":[52]},"card_choices":[{"not_picked":["champ:BringItOn","champ:ShieldSigil"],"picked":"champ:TornadoPunch","floor":2},{"not_picked":["champ:DefensiveShout","champ:FaceSlap"],"picked":"champ:BringItOn","floor":4},{"not_picked":["champ:PreciseThrust","champ:SwordThrow"],"picked":"champ:DefensiveStyle","floor":5},{"not_picked":["champ:TornadoPunch","champ:GutPunch","champ:HeartStrike"],"picked":"SKIP","floor":6},{"not_picked":["champ:FanOfKnives","champ:EnGarde"],"picked":"champ:FlashCut","floor":8},{"not_picked":["champ:CrookedStrike","champ:Endure","champ:TornadoPunch"],"picked":"SKIP","floor":9},{"not_picked":["champ:AdrenalArmor","champ:DefensiveStyle"],"picked":"champ:StrikeOfGenius","floor":10},{"not_picked":["champ:BerserkersShout","champ:HeartStrike"],"picked":"champ:StanceDance","floor":12},{"not_picked":["champ:PreciseThrust","champ:BerserkersShout"],"picked":"champ:Lariat","floor":13},{"not_picked":["champ:Shatter","champ:HeavySlash"],"picked":"champ:PreemptiveStrike","floor":14},{"not_picked":["champ:TornadoPunch","champ:IronFortress"],"picked":"champ:ArenaPreparation","floor":15},{"not_picked":["champ:EnchantSword","champ:UltimateStance"],"picked":"champ:TripleStrike","floor":16},{"not_picked":["champ:BerserkersShout","champ:FanOfKnives","champ:AdrenalArmor+1"],"picked":"SKIP","floor":19},{"not_picked":["champ:Shatter+1","champ:Duel"],"picked":"champ:MurderStrike","floor":20},{"not_picked":["champ:AdrenalArmor+1","champ:DefensiveShout","champ:BerserkersShout"],"picked":"SKIP","floor":21},{"not_picked":["champ:BringItOn","champ:AdrenalArmor"],"picked":"champ:ShieldWall+1","floor":22},{"not_picked":["champ:PreemptiveStrike","champ:EnchantCrown","champ:BringItOn"],"picked":"SKIP","floor":23},{"not_picked":["champ:Shatter","champ:Parry","champ:EndlessRage+1"],"picked":"SKIP","floor":25},{"not_picked":["champ:AdrenalArmor+1","champ:ViciousMockery"],"picked":"champ:FlashCut+1","floor":26},{"not_picked":["champ:BerserkerStyle","champ:CrookedStrike"],"picked":"champ:GladiatorForm","floor":27},{"not_picked":["champ:Shatter","champ:FaceSlap+1"],"picked":"champ:RageSigil","floor":32},{"not_picked":["champ:HoldFirm","champ:VampiricStrike"],"picked":"champ:TripleStrike","floor":33},{"not_picked":["champ:Shatter","champ:TornadoPunch"],"picked":"champ:Haymaker+1","floor":36},{"not_picked":["champ:FanOfKnives","champ:GladiatorStyle","champ:GutPunch"],"picked":"SKIP","floor":37},{"not_picked":["champ:Duel","champ:PreemptiveStrike+1","champ:Haymaker"],"picked":"SKIP","floor":38},{"not_picked":["champ:BerserkerStyle","champ:HeavySlash"],"picked":"champ:CrookedStrike+1","floor":39},{"not_picked":["champ:Haymaker","champ:AdrenalArmor"],"picked":"champ:CalledShot+1","floor":42},{"not_picked":["champ:Endure","champ:Haymaker"],"picked":"champ:StanceDance+1","floor":43},{"not_picked":["champ:FancyFootwork+1","champ:RapidStrikes"],"picked":"champ:ShieldSlam+1","floor":44},{"not_picked":["champ:Haymaker+1","champ:GladiatorStyle+1"],"picked":"champ:BladeFlurry+1","floor":46},{"not_picked":["champ:ViciousMockery","champ:StanceDance+1"],"picked":"champ:Circumvent","floor":48},{"not_picked":["champ:Circumvent","champ:CrownThrow+1"],"picked":"champ:Backstep+1","floor":49},{"not_picked":["champ:BladeFlurry+1","champ:DancingMaster","champ:BerserkersShout"],"picked":"SKIP","floor":52}],"player_experience":1765490,"relics_obtained":[{"floor":7,"key":"Letter Opener"},{"floor":8,"key":"StrikeDummy"},{"floor":10,"key":"Centennial Puzzle"},{"floor":13,"key":"InkBottle"},{"floor":23,"key":"Bottled Flame"},{"floor":24,"key":"MealTicket"},{"floor":27,"key":"champ:GladiatorsBookOfMartialProwess"},{"floor":42,"key":"Lantern"},{"floor":44,"key":"champ:DefensiveTrainingManual"},{"floor":52,"key":"Mango"}],"event_choices":[],"is_beta":false,"boss_relics":[{"not_picked":["Snecko Eye","Runic Pyramid"],"picked":"champ:ChampionCrownUpgraded"},{"not_picked":["Velvet Choker","Black Star"],"picked":"SlaversCollar"}],"items_purged_floors":[5],"is_endless":false,"potions_floor_spawned":[6,8,9,10,12,16,21,23,32,33,39,43,46,48,49,52],"ascension_level":7}}