{"host":"vz6qv7tthcp8jtis","time":1613334104,"event":{"mods":["BaseMod","Block Reminder","Colored Map","Highlight Path","Keyboard Shortcuts","Minty Spire (QoL Compilation)","Relic Stats"],"gold_per_floor":[112,112,112,37,52,52,85,85,85,152,152,163,163,185,185,295,295,312,312,222,244,257,257,257],"floor_reached":23,"language":"ENG","playtime":995,"items_purged":["Strike_P"],"score":275,"play_id":"bed06a42-fbc8-45ec-973d-192cce2b34b8","local_time":"20210214212144","is_ascension_mode":true,"campfire_choices":[{"data":"Eruption","floor":6.0,"key":"SMITH"},{"data":"MentalFortress","floor":11.0,"key":"SMITH"},{"data":"MentalFortress","floor":13.0,"key":"SMITH"},{"data":"FollowUp","floor":15.0,"key":"SMITH"}],"circlet_count":0,"master_deck":["Strike_P","Strike_P+1","Strike_P","Defend_P+1","Defend_P","Eruption+1","Vigilance+1","DeceiveReality+1","FollowUp+1","MentalFortress+1","MentalFortress+1","FollowUp","LessonLearned+1","EmptyFist"],"relics":["PureWater","Vajra","War Paint","CeramicFish","Shuriken","Black Star","Potion Belt"],"acts_visited":["Exordium","TheCity"],"potions_floor_usage":[16,18,21,22,23],"damage_taken":[{"damage":2.0,"enemies":"Jaw Worm","floor":1.0,"turns":4.0},{"damage":2.0,"enemies":"2 Louse","floor":5.0,"turns":3.0},{"damage":3.0,"enemies":"Gremlin Nob","floor":7.0,"turns":3.0},{"damage":28.0,"enemies":"Gremlin Nob","floor":10.0,"turns":4.0},{"damage":0.0,"enemies":"Cultist","floor":12.0,"turns":2.0},{"damage":6.0,"enemies":"2 Fungi Beasts","floor":14.0,"turns":3.0},{"damage":0,"enemies":"Slime Boss","floor":16,"turns":9},{"damage":33,"enemies":"3 Byrds","floor":18,"turns":4},{"damage":21,"enemies":"Shell Parasite","floor":21,"turns":6},{"damage":11,"enemies":"Centurion and Healer","floor":22,"turns":6},{"damage":24,"enemies":"Slavers","floor":23,"turns":1}],"seed_played":"3037179398344339538","potions_obtained":[{"floor":1.0,"key":"BlessingOfTheForge"},{"floor":5.0,"key":"LiquidBronze"},{"floor":12.0,"key":"Explosive Potion"},{"floor":14.0,"key":"PowerPotion"},{"floor":21,"key":"ColorlessPotion"},{"floor":22,"key":"AttackPotion"}],"is_trial":false,"path_per_floor":["M","?","?","$","M","R","E","$","T","?","R","M","R","M","R","B",null,"M","?","?","M","M","E"],"character_chosen":"WATCHER","items_purchased":[],"campfire_rested":0,"item_purchase_floors":[],"current_hp_per_floor":[77,74,67,67,65,65,62,62,62,34,34,34,34,28,28,28,79,46,46,46,25,14,0,0],"gold":257,"neow_bonus":"TEN_PERCENT_HP_BONUS","is_daily":false,"chose_seed":false,"campfire_upgraded":4,"win_rate":0.0,"timestamp":1613334104,"path_taken":["M","?","?","$","?","R","E","?","T","?","R","M","R","M","R","BOSS","M","?","?","M","?","E"],"items_purchased_type":[],"build_version":"2020-12-22","purchased_purges":1,"victory":false,"max_hp_per_floor":[79,79,79,79,79,79,79,79,79,79,79,79,79,79,79,79,79,79,79,79,79,79,79,79],"relic_stats":{"counters":[11,45],"Shuriken":[9],"CeramicFish":36,"Black Star":0,"War Paint":["Vigilance","Defend_P"],"obtain_stats":[{"Potion Belt":19,"Shuriken":10,"CeramicFish":9,"Vajra":2,"Black Star":17,"PureWater":0,"War Paint":7},{"Potion Belt":8,"Shuriken":4,"CeramicFish":3,"Vajra":1,"Black Star":7,"PureWater":0,"War Paint":3},{"Potion Belt":32,"Shuriken":14,"CeramicFish":10,"Vajra":4,"Black Star":28,"PureWater":0,"War Paint":10}]},"card_choices":[{"not_picked":["Consecrate","SashWhip"],"picked":"DeceiveReality","floor":1.0},{"not_picked":["CutThroughFate","LikeWater"],"picked":"FollowUp","floor":5.0},{"not_picked":["CutThroughFate","SignatureMove"],"picked":"MentalFortress","floor":7.0},{"not_picked":["Meditate","Judgement"],"picked":"MentalFortress","floor":10.0},{"not_picked":["BowlingBash","WreathOfFlame","CutThroughFate"],"picked":"SKIP","floor":12.0},{"not_picked":["Study","WaveOfTheHand"],"picked":"FollowUp","floor":14.0},{"not_picked":["Blasphemy","Omniscience"],"picked":"LessonLearned","floor":16},{"not_picked":["FollowUp","Study","Crescendo+1"],"picked":"SKIP","floor":18},{"not_picked":["BowlingBash","Weave"],"picked":"EmptyFist","floor":21},{"not_picked":["JustLucky","BowlingBash+1","Halt"],"picked":"SKIP","floor":22}],"player_experience":150250,"relics_obtained":[{"floor":7.0,"key":"War Paint"},{"floor":9.0,"key":"CeramicFish"},{"floor":10.0,"key":"Shuriken"}],"event_choices":[{"damage_healed":0.0,"max_hp_gain":0.0,"max_hp_loss":0.0,"gold_gain":0.0,"event_name":"Scrap Ooze","player_choice":"Success","floor":2.0,"gold_loss":0.0,"damage_taken":3.0,"relics_obtained":["Vajra"]},{"cards_removed":["Defend_P"],"damage_healed":0.0,"max_hp_gain":0.0,"max_hp_loss":0.0,"gold_gain":0.0,"event_name":"Golden Wing","player_choice":"Card Removal","floor":3.0,"gold_loss":0.0,"damage_taken":7.0},{"damage_healed":0.0,"max_hp_gain":0.0,"max_hp_loss":0.0,"gold_gain":0.0,"event_name":"Dead Adventurer","player_choice":"Searched \u00271\u0027 times","floor":10.0,"gold_loss":0.0,"damage_taken":0.0},{"damage_healed":0,"gold_gain":0,"player_choice":"Opened","damage_taken":0,"relics_obtained":["Potion Belt"],"max_hp_gain":0,"max_hp_loss":0,"event_name":"The Mausoleum","floor":19,"gold_loss":0},{"cards_removed":["Defend_P"],"damage_healed":0,"gold_gain":0,"player_choice":"Upgrade and Remove","damage_taken":0,"max_hp_gain":0,"max_hp_loss":0,"event_name":"Designer","floor":20,"gold_loss":90,"cards_upgraded":["DeceiveReality"]}],"is_beta":false,"boss_relics":[{"not_picked":["SacredBark","Tiny House"],"picked":"Black Star"}],"items_purged_floors":[4],"is_endless":false,"potions_floor_spawned":[1,5,12,14,21,22],"killed_by":"Slavers","ascension_level":3}}