{"host":"0k696jvpnlqjk4gh","time":1613329262,"event":{"mods":["AchievementEnabler","BaseMod","Colored Map","Colored Powertips","Minty Spire (QoL Compilation)","Quick Restart"],"gold_per_floor":[111,111,111,111,130,130,164,164,164,164,205,219,219,250,250,371,371,394,105,105,105,119,119,158,181,181,219,219,254,254,169,169,288,288,303,303,319,334,334,334,334],"floor_reached":40,"language":"ENG","playtime":1639,"items_purged":["Regret"],"score":605,"play_id":"64888eb8-f6df-46a1-a803-8c8736e135a4","local_time":"20210214190102","is_ascension_mode":true,"campfire_choices":[{"floor":6,"key":"REST"},{"data":"Redo","floor":8,"key":"SMITH"},{"data":"Gash","floor":13,"key":"SMITH"},{"floor":15,"key":"REST"},{"floor":23,"key":"REST"},{"floor":28,"key":"REST"},{"floor":30,"key":"REST"},{"floor":32,"key":"REST"}],"circlet_count":0,"master_deck":["Strike_B","Strike_B","Strike_B","Defend_B","Defend_B","Defend_B","Defend_B","Zap","Dualcast","Cold Snap","Redo+1","Gash+1","Gash","All For One","Loop","Loop","Cold Snap+1","White Noise+1","White Noise","Sunder+1","Core Surge+1","Echo Form","Storm","Gash+1","Mind Blast+1"],"relics":["Cracked Core","NeowsBlessing","Golden Idol","Bronze Scales","Strawberry","Darkstone Periapt","Centennial Puzzle","Pear","SlaversCollar","Bag of Marbles","Blood Vial","Molten Egg 2","Vajra","Juzu Bracelet","Letter Opener","Nuclear Battery"],"acts_visited":["Exordium","TheCity","TheBeyond"],"potions_floor_usage":[11,14,22,27,29,33,38,38],"damage_taken":[{"damage":0,"enemies":"Small Slimes","floor":1,"turns":1},{"damage":0,"enemies":"2 Louse","floor":5,"turns":1},{"damage":0,"enemies":"Lagavulin","floor":7,"turns":1},{"damage":15,"enemies":"Gremlin Nob","floor":11,"turns":3},{"damage":2,"enemies":"Cultist","floor":12,"turns":3},{"damage":15,"enemies":"Lagavulin","floor":14,"turns":5},{"damage":37,"enemies":"The Guardian","floor":16,"turns":12},{"damage":11,"enemies":"Spheric Guardian","floor":18,"turns":3},{"damage":5,"enemies":"Chosen","floor":22,"turns":3},{"damage":37,"enemies":"Slavers","floor":24,"turns":6},{"damage":32,"enemies":"3 Cultists","floor":25,"turns":5},{"damage":11,"enemies":"Gremlin Leader","floor":27,"turns":6},{"damage":28,"enemies":"Book of Stabbing","floor":29,"turns":5},{"damage":30,"enemies":"Collector","floor":33,"turns":11},{"damage":15,"enemies":"3 Shapes","floor":35,"turns":5},{"damage":34,"enemies":"3 Darklings","floor":37,"turns":4},{"damage":38,"enemies":"Writhing Mass","floor":38,"turns":5},{"damage":25,"enemies":"Reptomancer","floor":40,"turns":2}],"seed_played":"8199678572377487930","potions_obtained":[{"floor":1,"key":"EssenceOfDarkness"},{"floor":7,"key":"Energy Potion"},{"floor":11,"key":"Block Potion"},{"floor":22,"key":"Strength Potion"},{"floor":27,"key":"FocusPotion"},{"floor":29,"key":"PowerPotion"},{"floor":33,"key":"SkillPotion"},{"floor":37,"key":"Weak Potion"},{"floor":38,"key":"SpeedPotion"}],"is_trial":false,"path_per_floor":["M","$","?","?","M","R","E","R","T","?","E","M","R","E","R","B",null,"M","$","?","?","M","R","E","M","T","E","R","E","R","?","R","B",null,"M","?","M","M","?","E"],"character_chosen":"DEFECT","items_purchased":["Loop","Bag of Marbles"],"campfire_rested":6,"item_purchase_floors":[19,19],"current_hp_per_floor":[75,75,57,57,57,75,82,82,82,82,67,65,65,60,87,50,92,81,81,81,72,67,92,55,25,25,16,43,17,44,44,71,43,92,77,92,58,22,22,0,0],"gold":334,"neow_bonus":"THREE_ENEMY_KILL","is_daily":false,"chose_seed":false,"campfire_upgraded":2,"win_rate":0.0,"timestamp":1613329262,"path_taken":["M","$","?","?","M","R","E","R","T","?","E","M","R","E","R","BOSS","M","$","?","?","?","R","E","M","T","E","R","E","R","?","R","BOSS","M","?","M","M","?","E"],"items_purchased_type":["Card","Relic"],"build_version":"2020-12-22","purchased_purges":1,"victory":false,"max_hp_per_floor":[75,75,75,75,75,75,82,82,82,82,82,82,82,92,92,92,92,92,92,92,92,92,92,92,92,92,92,92,92,92,92,92,92,92,92,92,92,92,92,92,92],"card_choices":[{"not_picked":["Double Energy","Streamline"],"picked":"Cold Snap","floor":1},{"not_picked":["Turbo","Steam","Force Field"],"picked":"SKIP","floor":5},{"not_picked":["Heatsinks","Streamline"],"picked":"Redo","floor":7},{"not_picked":["Consume","Reboot"],"picked":"Gash","floor":11},{"not_picked":["Compile Driver","Reinforced Body"],"picked":"Rip and Tear","floor":12},{"not_picked":["Barrage","Seek","Fusion"],"picked":"SKIP","floor":14},{"not_picked":["Rainbow","Machine Learning"],"picked":"All For One","floor":16},{"not_picked":["Hologram+1","Streamline"],"picked":"Loop","floor":18},{"not_picked":["Chaos","Compile Driver"],"picked":"Cold Snap+1","floor":22},{"not_picked":["Beam Cell","Loop"],"picked":"White Noise+1","floor":24},{"not_picked":["Sweeping Beam+1","Hologram"],"picked":"White Noise","floor":25},{"not_picked":["Leap+1","Skim"],"picked":"Sunder+1","floor":27},{"not_picked":["Ball Lightning+1","Conserve Battery"],"picked":"Core Surge+1","floor":29},{"not_picked":["Multi-Cast","All For One+1"],"picked":"Echo Form","floor":33},{"not_picked":["BootSequence","Hello World+1"],"picked":"Storm","floor":35},{"not_picked":["Sweeping Beam+1","Stack","Turbo+1"],"picked":"SKIP","floor":37},{"not_picked":["Hologram+1","Stack"],"picked":"Gash+1","floor":38},{"not_picked":["Purity","Impatience"],"picked":"Mind Blast+1","floor":39}],"player_experience":229344,"relics_obtained":[{"floor":7,"key":"Strawberry"},{"floor":9,"key":"Darkstone Periapt"},{"floor":11,"key":"Centennial Puzzle"},{"floor":14,"key":"Pear"},{"floor":24,"key":"Blood Vial"},{"floor":26,"key":"Molten Egg 2"},{"floor":27,"key":"Vajra"},{"floor":29,"key":"Juzu Bracelet"}],"event_choices":[{"damage_healed":0,"gold_gain":0,"player_choice":"Take Damage","damage_taken":18,"relics_obtained":["Golden Idol"],"max_hp_gain":0,"max_hp_loss":0,"event_name":"Golden Idol","floor":3,"gold_loss":0},{"damage_healed":0,"gold_gain":0,"player_choice":"Box","damage_taken":0,"relics_obtained":["Bronze Scales"],"max_hp_gain":0,"max_hp_loss":0,"event_name":"Big Fish","floor":4,"gold_loss":0,"cards_obtained":["Regret"]},{"damage_healed":0,"gold_gain":0,"cards_transformed":["Strike_B"],"player_choice":"Transformed","damage_taken":0,"max_hp_gain":0,"max_hp_loss":0,"event_name":"Transmorgrifier","floor":10,"gold_loss":0,"cards_obtained":["Gash"]},{"damage_healed":0,"gold_gain":0,"player_choice":"Ignored","damage_taken":0,"max_hp_gain":0,"max_hp_loss":0,"event_name":"Beggar","floor":20,"gold_loss":0},{"damage_healed":0,"gold_gain":0,"player_choice":"Damaged","damage_taken":9,"max_hp_gain":0,"max_hp_loss":0,"event_name":"Wheel of Change","floor":21,"gold_loss":0},{"damage_healed":0,"gold_gain":0,"player_choice":"Obtained Relic","damage_taken":0,"relics_obtained":["Letter Opener"],"max_hp_gain":0,"max_hp_loss":0,"event_name":"Addict","floor":31,"gold_loss":85},{"cards_removed":["Rip and Tear"],"damage_healed":15,"gold_gain":0,"player_choice":"Offered Uncommon","damage_taken":0,"max_hp_gain":0,"max_hp_loss":0,"event_name":"Bonfire Elementals","floor":36,"gold_loss":0},{"damage_healed":0,"gold_gain":0,"player_choice":"Memory 1","damage_taken":0,"max_hp_gain":0,"max_hp_loss":0,"event_name":"SensoryStone","floor":39,"gold_loss":0}],"is_beta":false,"boss_relics":[{"not_picked":["Empty Cage","Busted Crown"],"picked":"SlaversCollar"},{"not_picked":["Tiny House","Inserter"],"picked":"Nuclear Battery"}],"items_purged_floors":[19],"is_endless":false,"potions_floor_spawned":[1,7,11,22,27,29,33,37,38],"killed_by":"Reptomancer","ascension_level":4}}