{"host":"w5o3iglp98qr199u","time":1613318653,"event":{"mods":["AchievementEnabler","BaseMod","Bestiary","Colored Map","Colored Powertips","Highlight Path","Minty Spire (QoL Compilation)","Relic Stats","StSLib","SuperFastMode"],"gold_per_floor":[115,133,149,149,160,160,185,185,185,165,184,197,43,62,62,163,163,182,195,210,210,116,116,149,164,187,187,112,127,154,116,116,213,213,226,226,239,259,277,311,311,340,340,340,340],"floor_reached":44,"language":"ENG","playtime":2486,"items_purged":["Strike_G"],"score":614,"play_id":"482804da-f44f-450b-a4cf-eb458868c575","local_time":"20210214170413","is_ascension_mode":true,"campfire_choices":[{"data":"Dagger Spray","floor":6,"key":"SMITH"},{"floor":8,"key":"REST"},{"floor":15,"key":"REST"},{"data":"Envenom","floor":23,"key":"SMITH"},{"data":"Dark Shackles","floor":27,"key":"SMITH"},{"data":"Footwork","floor":32,"key":"SMITH"},{"floor":41,"key":"REST"}],"circlet_count":0,"master_deck":["Strike_G","Strike_G","Defend_G","Defend_G","Defend_G","Defend_G","Survivor","Neutralize","Sucker Punch","Cloak And Dagger","Dagger Spray+1","Footwork","Predator","Backstab","Blade Dance","Glass Knife","Well Laid Plans","Blade Dance+1","Envenom+1","Dark Shackles+1","Escape Plan","Leg Sweep+1","Footwork+1","Deadly Poison+1","Terror","After Image","Endless Agony+1","Backflip","Infinite Blades","Catalyst+1"],"relics":["Ring of the Snake","Incense Burner","Happy Flower","Pantograph","ClockworkSouvenir","WristBlade","Ice Cream","MealTicket","Bag of Preparation","Black Star","Thread and Needle","Sundial","Boot","PreservedInsect","Juzu Bracelet"],"acts_visited":["TheCity","TheBeyond"],"potions_floor_usage":[16,24,24,44,44],"damage_taken":[{"damage":0,"enemies":"2 Louse","floor":1,"turns":3},{"damage":0,"enemies":"Small Slimes","floor":2,"turns":4},{"damage":0,"enemies":"Cultist","floor":3,"turns":4},{"damage":28,"enemies":"Gremlin Gang","floor":5,"turns":5},{"damage":11,"enemies":"Gremlin Nob","floor":7,"turns":5},{"damage":3,"enemies":"Looter","floor":11,"turns":3},{"damage":5,"enemies":"Exordium Thugs","floor":12,"turns":5},{"damage":0,"enemies":"Lots of Slimes","floor":14,"turns":3},{"damage":2,"enemies":"Slime Boss","floor":16,"turns":9},{"damage":12,"enemies":"2 Thieves","floor":18,"turns":3},{"damage":0,"enemies":"3 Byrds","floor":19,"turns":4},{"damage":8,"enemies":"Snecko","floor":20,"turns":3},{"damage":8,"enemies":"Slavers","floor":24,"turns":3},{"damage":12,"enemies":"Centurion and Healer","floor":25,"turns":5},{"damage":0,"enemies":"Chosen and Byrds","floor":29,"turns":4},{"damage":19,"enemies":"Book of Stabbing","floor":30,"turns":6},{"damage":4,"enemies":"Collector","floor":33,"turns":11},{"damage":4,"enemies":"3 Shapes","floor":35,"turns":4},{"damage":22,"enemies":"3 Darklings","floor":37,"turns":6},{"damage":4,"enemies":"Jaw Worm Horde","floor":38,"turns":5},{"damage":1,"enemies":"Spire Growth","floor":39,"turns":3},{"damage":25,"enemies":"Giant Head","floor":40,"turns":8},{"damage":34,"enemies":"Nemesis","floor":42,"turns":9},{"damage":39,"enemies":"2 Orb Walkers","floor":44,"turns":3}],"seed_played":"-3498568129670248827","potions_obtained":[{"floor":5,"key":"SmokeBomb"},{"floor":7,"key":"AttackPotion"},{"floor":10,"key":"ColorlessPotion"},{"floor":12,"key":"SteroidPotion"},{"floor":16,"key":"BlessingOfTheForge"},{"floor":18,"key":"FairyPotion"},{"floor":25,"key":"CultistPotion"},{"floor":30,"key":"LiquidMemories"}],"is_trial":false,"path_per_floor":["M","M","M","?","M","R","E","R","T","?","M","M","$","M","R","B",null,"M","M","M","?","$","R","E","M","T","R","$","M","E","$","R","B",null,"M","?","M","M","M","E","R","E","T","?"],"character_chosen":"THE_SILENT","items_purchased":["ClockworkSouvenir","Dark Shackles","Terror"],"campfire_rested":3,"item_purchase_floors":[13,22,31],"current_hp_per_floor":[49,49,49,42,14,14,3,24,24,24,21,16,16,16,37,60,70,58,58,50,50,50,50,42,30,30,30,45,45,26,41,41,62,70,66,66,44,40,39,14,35,1,1,0,0],"gold":340,"neow_bonus":"ONE_RARE_RELIC","is_daily":false,"chose_seed":false,"campfire_upgraded":4,"win_rate":0.0,"timestamp":1613318653,"path_taken":["M","M","M","?","M","R","E","R","T","?","?","M","$","M","R","BOSS","M","M","?","?","$","R","E","M","T","R","?","?","E","?","R","BOSS","M","?","M","M","M","E","R","E","T","?"],"items_purchased_type":["Relic","Card","Card"],"build_version":"2020-12-22","purchased_purges":1,"victory":false,"max_hp_per_floor":[70,70,70,70,70,70,70,70,70,70,70,70,70,70,70,70,70,70,70,70,70,70,70,70,70,70,70,70,70,70,70,70,70,70,70,70,70,70,70,70,70,70,70,70,70],"relic_stats":{"Happy Flower":[32],"counters":[24,118],"Sundial":[0],"Pantograph":50,"MealTicket":30,"PreservedInsect":0,"Bag of Preparation":[17],"Black Star":2,"Juzu Bracelet":1,"Boot":[0],"obtain_stats":[{"Ice Cream":24,"Happy Flower":7,"Thread and Needle":40,"PreservedInsect":42,"Incense Burner":0,"Bag of Preparation":30,"Juzu Bracelet":43,"Boot":42,"ClockworkSouvenir":13,"WristBlade":17,"Sundial":40,"Pantograph":9,"MealTicket":26,"Black Star":34,"Ring of the Snake":0},{"Ice Cream":13,"Happy Flower":5,"Thread and Needle":22,"PreservedInsect":23,"Incense Burner":0,"Bag of Preparation":16,"Juzu Bracelet":23,"Boot":23,"ClockworkSouvenir":7,"WristBlade":9,"Sundial":22,"Pantograph":5,"MealTicket":14,"Black Star":17,"Ring of the Snake":0},{"Ice Cream":54,"Happy Flower":21,"Thread and Needle":106,"PreservedInsect":115,"Incense Burner":0,"Bag of Preparation":69,"Juzu Bracelet":115,"Boot":115,"ClockworkSouvenir":29,"WristBlade":41,"Sundial":106,"Pantograph":21,"MealTicket":59,"Black Star":80,"Ring of the Snake":0}],"Ring of the Snake":[48]},"card_choices":[{"not_picked":["Deflect","Cloak And Dagger"],"picked":"Sucker Punch","floor":1},{"not_picked":["Choke","PiercingWail"],"picked":"Cloak And Dagger","floor":2},{"not_picked":["Slice","Flying Knee"],"picked":"Dagger Spray","floor":3},{"not_picked":["Outmaneuver","Bouncing Flask","Acrobatics"],"picked":"SKIP","floor":5},{"not_picked":["Deadly Poison","Poisoned Stab"],"picked":"Footwork","floor":7},{"not_picked":["Flechettes","Prepared"],"picked":"Predator","floor":11},{"not_picked":["Riddle With Holes","Deadly Poison"],"picked":"Backstab","floor":12},{"not_picked":["Riddle With Holes","Eviscerate"],"picked":"Blade Dance","floor":14},{"not_picked":["Unload","Tools of the Trade"],"picked":"Glass Knife","floor":16},{"not_picked":["Bouncing Flask+1","Slice"],"picked":"Well Laid Plans","floor":18},{"not_picked":["Calculated Gamble","Prepared"],"picked":"Blade Dance+1","floor":19},{"not_picked":["Slice+1","Bane+1","Caltrops+1"],"picked":"SKIP","floor":20},{"not_picked":["Outmaneuver","Expertise"],"picked":"Escape Plan","floor":24},{"not_picked":["Caltrops","Poisoned Stab+1"],"picked":"Leg Sweep+1","floor":25},{"not_picked":["Slice+1","Blade Dance"],"picked":"Footwork","floor":29},{"not_picked":["Riddle With Holes+1","Noxious Fumes"],"picked":"Deadly Poison+1","floor":30},{"not_picked":["A Thousand Cuts","Venomology"],"picked":"After Image","floor":33},{"not_picked":["Prepared+1","Heel Hook+1"],"picked":"Endless Agony+1","floor":35},{"not_picked":["Blade Dance","Poisoned Stab"],"picked":"Backflip","floor":37},{"not_picked":["A Thousand Cuts","All Out Attack","Slice"],"picked":"SKIP","floor":38},{"not_picked":["Outmaneuver","Cloak And Dagger"],"picked":"Infinite Blades","floor":39},{"not_picked":["Tactician","Predator","Grand Finale"],"picked":"SKIP","floor":40},{"not_picked":["Flying Knee+1","Blade Dance"],"picked":"Catalyst+1","floor":42}],"player_experience":94941,"relics_obtained":[{"floor":7,"key":"Happy Flower"},{"floor":9,"key":"Pantograph"},{"floor":24,"key":"Ice Cream"},{"floor":26,"key":"MealTicket"},{"floor":30,"key":"Bag of Preparation"},{"floor":40,"key":"Thread and Needle"},{"floor":40,"key":"Sundial"},{"floor":42,"key":"Boot"},{"floor":42,"key":"PreservedInsect"},{"floor":43,"key":"Juzu Bracelet"}],"event_choices":[{"cards_removed":["Defend_G"],"damage_healed":0,"gold_gain":0,"player_choice":"Card Removal","damage_taken":7,"max_hp_gain":0,"max_hp_loss":0,"event_name":"Golden Wing","floor":4,"gold_loss":0},{"damage_healed":0,"gold_gain":0,"player_choice":"Bought 1 Potion","damage_taken":0,"max_hp_gain":0,"max_hp_loss":0,"event_name":"The Woman in Blue","floor":10,"gold_loss":0},{"damage_healed":0,"gold_gain":0,"cards_transformed":["Strike_G"],"player_choice":"Transformed","damage_taken":0,"max_hp_gain":0,"max_hp_loss":0,"event_name":"Transmorgrifier","floor":21,"gold_loss":0,"cards_obtained":["Envenom"]},{"cards_removed":["Strike_G"],"damage_healed":0,"gold_gain":0,"player_choice":"Purged","damage_taken":0,"max_hp_gain":0,"max_hp_loss":0,"event_name":"Purifier","floor":36,"gold_loss":0},{"damage_healed":0,"gold_gain":0,"player_choice":"Fight","damage_taken":0,"max_hp_gain":0,"max_hp_loss":0,"event_name":"Mysterious Sphere","floor":44,"gold_loss":0}],"is_beta":false,"boss_relics":[{"not_picked":["SlaversCollar","HoveringKite"],"picked":"WristBlade"},{"not_picked":["SacredBark","Velvet Choker"],"picked":"Black Star"}],"items_purged_floors":[28],"is_endless":false,"potions_floor_spawned":[5,7,12,16,18,19,25,30,35,39,42],"killed_by":"2 Orb Walkers","ascension_level":4}}