{"host":"l15sdf2mmi0nobpi","time":1613284932,"event":{"mods":["ATMod(°¢èªMod)","BaseMod","Highlight Path","Minty Spire (QoL Compilation)","Quick Restart","StSLib","The Runesmith","The Senshi","¡¾¹¦ÄÜMod¡¿Neow½±Àø"],"gold_per_floor":[117,117,117,133,147,147,165,165,189,189,221,47,62,92,92,190,190,201,33,33,33,43,75,75,89,89,101,133,148,148,177,177,281,281,294,194,209,84,95,113,148,148,148,148,161,173,173,23,23,23,23,23,23,49,49],"floor_reached":56,"language":"ZHS","playtime":2822,"items_purged":["Runesmith:Strike_RS","Shame","Runesmith:Defend_RS","Normality"],"score":1696,"play_id":"04c2ab54-62c9-492e-bb74-5d3c9f9a65b6","local_time":"20210214144212","is_ascension_mode":true,"campfire_choices":[{"data":"Runesmith:Grindstone","floor":6.0,"key":"SMITH"},{"data":"Runesmith:Fortify","floor":8.0,"key":"SMITH"},{"data":"Runesmith:CraftObretio","floor":10.0,"key":"SMITH"},{"data":"Apotheosis","floor":15.0,"key":"SMITH"},{"data":"Runesmith:Permafrost","floor":30.0,"key":"SMITH"},{"data":"Runesmith:Retool","floor":32.0,"key":"SMITH"},{"floor":42.0,"key":"RECALL"},{"data":"Runesmith:LithiumIon","floor":44.0,"key":"SMITH"},{"data":"Runesmith:LithiumIon","floor":47.0,"key":"SMITH"},{"data":"Runesmith:DuctTape","floor":49.0,"key":"SMITH"},{"data":"Runesmith:EnergizedChisel","floor":52.0,"key":"SMITH"}],"circlet_count":0,"master_deck":["AscendersBane","Runesmith:Defend_RS+1","Runesmith:Defend_RS","Runesmith:Defend_RS","Runesmith:CraftFirestone+1","Runesmith:Fortify+1","AT_BodySlamDance+1","Runesmith:Grindstone+1","Runesmith:Retool+1","Runesmith:RuneHurl","Runesmith:Repurpose","Runesmith:EarthShield","Runesmith:CraftObretio+1","Runesmith:LithiumIon+1","Apotheosis+1","Runesmith:CraftIndustria","Runesmith:CreatorForm","Runesmith:DuctTape+1","Runesmith:Firewall+1","Runesmith:Permafrost+1","Runesmith:EnergizedChisel+1","Runesmith:CraftMagma","Runesmith:LithiumIon+1","Runesmith:PoweredAnvil","Runesmith:Reinforce","Runesmith:Repurpose","Runesmith:Firestorm+1","Parasite"],"relics":["Runesmith:BrokenRuby","AT_ATBox","War Paint","AT_EbonyIvory","theSenshi:FeatherClipsRelic","Pantograph","Cursed Key","Runesmith:MiniCore","AT_RedTearstoneRing","Eternal Feather","Bag of Marbles","AT_TrinityForce","Lizard Tail","Bottled Lightning"],"acts_visited":["Exordium","TheCity","TheBeyond","TheEnding"],"potions_floor_usage":[55,55,55],"damage_taken":[{"damage":2.0,"enemies":"Jaw Worm","floor":1.0,"turns":3.0},{"damage":0.0,"enemies":"2 Louse","floor":4.0,"turns":3.0},{"damage":0.0,"enemies":"Cultist","floor":5.0,"turns":2.0},{"damage":0.0,"enemies":"Blue Slaver","floor":7.0,"turns":3.0},{"damage":18.0,"enemies":"Gremlin Nob","floor":11.0,"turns":4.0},{"damage":9.0,"enemies":"3 Louse","floor":13.0,"turns":3.0},{"damage":7.0,"enemies":"Lagavulin","floor":14.0,"turns":6.0},{"damage":19.0,"enemies":"The Guardian","floor":16.0,"turns":10.0},{"damage":12.0,"enemies":"2 Thieves","floor":18.0,"turns":4.0},{"damage":9.0,"enemies":"Shell Parasite","floor":22.0,"turns":7.0},{"damage":2.0,"enemies":"Slavers","floor":23.0,"turns":8.0},{"damage":19.0,"enemies":"Snake Plant","floor":25.0,"turns":4.0},{"damage":0.0,"enemies":"Centurion and Healer","floor":27.0,"turns":7.0},{"damage":8.0,"enemies":"Book of Stabbing","floor":28.0,"turns":5.0},{"damage":25.0,"enemies":"3 Cultists","floor":29.0,"turns":6.0},{"damage":16.0,"enemies":"Slavers","floor":31.0,"turns":5.0},{"damage":2.0,"enemies":"Champ","floor":33.0,"turns":10.0},{"damage":23.0,"enemies":"3 Darklings","floor":35.0,"turns":5.0},{"damage":0.0,"enemies":"3 Shapes","floor":37.0,"turns":3.0},{"damage":0.0,"enemies":"Spire Growth","floor":39.0,"turns":5.0},{"damage":0.0,"enemies":"4 Shapes","floor":40.0,"turns":3.0},{"damage":13.0,"enemies":"Nemesis","floor":41.0,"turns":5.0},{"damage":23.0,"enemies":"Sphere and 2 Shapes","floor":45.0,"turns":6.0},{"damage":18.0,"enemies":"Writhing Mass","floor":46.0,"turns":5.0},{"damage":57.0,"enemies":"Awakened One","floor":50.0,"turns":8.0},{"damage":69,"enemies":"Shield and Spear","floor":54,"turns":8},{"damage":42,"enemies":"The Heart","floor":55,"turns":9}],"seed_played":"4801528844456174922","potions_obtained":[{"floor":4.0,"key":"EntropicBrew"},{"floor":7.0,"key":"Ancient Potion"},{"floor":11.0,"key":"Swift Potion"},{"floor":13.0,"key":"SteroidPotion"},{"floor":23.0,"key":"Block Potion"},{"floor":29.0,"key":"EssenceOfSteel"},{"floor":33.0,"key":"Dexterity Potion"},{"floor":35.0,"key":"FearPotion"},{"floor":39.0,"key":"SkillPotion"},{"floor":45.0,"key":"LiquidBronze"},{"floor":54,"key":"PowerPotion"}],"is_trial":false,"path_per_floor":["M","?","?","M","M","R","M","R","T","R","E","$","M","E","R","B",null,"M","$","?","?","M","E","?","M","T","M","E","M","R","E","R","B",null,"M","$","M","$","M","M","E","R","T","R","M","M","R","$","R","B",null,"R","$","E","B",null],"character_chosen":"RUNESMITH_CLASS","items_purchased":["Apotheosis","Runesmith:Permafrost","Runesmith:EnergizedChisel"],"campfire_rested":0,"item_purchase_floors":[12,19,19],"current_hp_per_floor":[61,61,61,61,61,61,61,61,61,61,43,43,40,39,39,50,60,54,54,54,54,51,55,55,42,42,48,46,27,42,32,47,63,63,46,46,52,52,58,63,56,63,63,63,46,34,49,49,63,12,50,63,63,37,26],"gold":49,"neow_bonus":"TRANSFORM_TWO_CARDS","is_daily":false,"chose_seed":false,"campfire_upgraded":10,"win_rate":0.0,"timestamp":1613284932,"path_taken":["M","?","?","M","M","R","?","R","T","R","E","$","M","E","R","BOSS","M","$","?","?","M","E","?","M","T","?","E","?","R","E","R","BOSS","M","$","M","$","M","M","E","R","T","R","M","M","R","$","R","BOSS","R","$","E","BOSS"],"items_purchased_type":["Card","Card","Card"],"build_version":"2020-12-22","purchased_purges":4,"victory":true,"max_hp_per_floor":[63,63,63,63,63,63,63,63,63,63,63,63,63,63,63,63,63,63,63,63,63,63,63,63,63,63,63,63,63,63,63,63,63,63,63,63,63,63,63,63,63,63,63,63,63,63,63,63,63,63,63,63,63,63,63],"card_choices":[{"not_picked":["Runesmith:UnstableHammer","Runesmith:StaticCage"],"picked":"Runesmith:RuneHurl","floor":1.0},{"not_picked":["Runesmith:Electrocute","Runesmith:UnstableHammer"],"picked":"Runesmith:Repurpose","floor":4.0},{"not_picked":["Runesmith:Electrocute","Runesmith:StaticCage"],"picked":"Runesmith:EarthShield","floor":5.0},{"not_picked":["Runesmith:ChiselStab","Runesmith:MakeshiftArmor"],"picked":"Runesmith:CraftObretio","floor":7.0},{"not_picked":["Runesmith:Prism","Runesmith:MakeshiftArmor"],"picked":"Runesmith:LithiumIon","floor":11.0},{"not_picked":["Runesmith:StaticCage","Runesmith:ShiftingStrike"],"picked":"Runesmith:CraftIndustria","floor":13.0},{"not_picked":["Runesmith:ChargedHammer","Runesmith:FieryHammer"],"picked":"Runesmith:CreatorForm","floor":14.0},{"not_picked":["Runesmith:Duplicate","Runesmith:LastStand"],"picked":"Runesmith:DuctTape","floor":16.0},{"not_picked":["Runesmith:Retool","Runesmith:Overpower"],"picked":"Runesmith:Firewall+1","floor":18.0},{"not_picked":["Runesmith:Discharge","Runesmith:MakeshiftArmor+1","Runesmith:EarthShield"],"picked":"SKIP","floor":22.0},{"not_picked":["Runesmith:EarthShield+1","Runesmith:CraftVitae"],"picked":"Runesmith:CraftMagma","floor":23.0},{"not_picked":["Runesmith:CraftMedicinae","Runesmith:DoubleUp","Runesmith:HammerTime"],"picked":"SKIP","floor":25.0},{"not_picked":["Runesmith:UnstableHammer","Runesmith:NegativeSpace"],"picked":"Runesmith:PoweredAnvil","floor":27.0},{"not_picked":["Runesmith:EarthShield","Runesmith:Grindstone"],"picked":"Runesmith:Reinforce","floor":28.0},{"not_picked":["Runesmith:Accelerate+1","Runesmith:ChiselStab","Runesmith:ElementalConversion+1"],"picked":"SKIP","floor":29.0},{"not_picked":["Runesmith:Retool","Runesmith:Overpower"],"picked":"Runesmith:Repurpose","floor":31.0},{"not_picked":["Runesmith:HammerThrow","Runesmith:ChiselStab","Runesmith:EarthShield"],"picked":"SKIP","floor":35.0},{"not_picked":["Runesmith:HeatedChisel+1","Runesmith:ShiftingStrike","Runesmith:Discharge"],"picked":"SKIP","floor":37.0},{"not_picked":["Runesmith:CraftMagma","Runesmith:ShiftingStrike","Runesmith:ElementalConversion"],"picked":"SKIP","floor":39.0},{"not_picked":["Runesmith:Grindstone","Runesmith:NegativeSpace+1"],"picked":"Runesmith:Firestorm+1","floor":40.0},{"not_picked":["Runesmith:NanitesCloud+1","Runesmith:CraftProtectio+1","Runesmith:HeatedChisel+1"],"picked":"SKIP","floor":41.0},{"not_picked":["Runesmith:Repurpose+1","Runesmith:ChiselStab","Runesmith:NanitesCloud"],"picked":"SKIP","floor":45.0},{"not_picked":["Runesmith:ChaoticBlast","Runesmith:HammerThrow","Runesmith:ReplicatingBarrier"],"picked":"SKIP","floor":46.0},{"not_picked":["Runesmith:CraftProtectio","Runesmith:CraftVitae","Runesmith:ShiftingStrike+1"],"picked":"SKIP","floor":54}],"player_experience":829177,"relics_obtained":[{"floor":3.0,"key":"War Paint"},{"floor":9.0,"key":"AT_EbonyIvory"},{"floor":11.0,"key":"theSenshi:FeatherClipsRelic"},{"floor":14.0,"key":"Pantograph"},{"floor":23.0,"key":"AT_RedTearstoneRing"},{"floor":28.0,"key":"Eternal Feather"},{"floor":31.0,"key":"Bag of Marbles"},{"floor":41.0,"key":"Lizard Tail"},{"floor":54,"key":"Bottled Lightning"}],"event_choices":[{"damage_healed":0.0,"max_hp_gain":0.0,"max_hp_loss":0.0,"gold_gain":0.0,"event_name":"Living Wall","player_choice":"Grow","floor":2.0,"gold_loss":0.0,"damage_taken":0.0,"cards_upgraded":["AT_BodySlamDance"]},{"damage_healed":0.0,"max_hp_gain":0.0,"max_hp_loss":0.0,"gold_gain":0.0,"event_name":"Wheel of Change","player_choice":"Relic","floor":3.0,"gold_loss":0.0,"damage_taken":0.0},{"cards_removed":["Runesmith:Strike_RS"],"damage_healed":0.0,"max_hp_gain":0.0,"max_hp_loss":0.0,"gold_gain":0.0,"event_name":"Back to Basics","player_choice":"Elegance","floor":20.0,"gold_loss":0.0,"damage_taken":0.0},{"damage_healed":0.0,"max_hp_gain":0.0,"max_hp_loss":0.0,"gold_gain":0.0,"event_name":"Addict","player_choice":"Stole Relic","floor":21.0,"gold_loss":0.0,"damage_taken":0.0,"relics_obtained":["Runesmith:MiniCore"],"cards_obtained":["Shame"]},{"damage_healed":0.0,"max_hp_gain":0.0,"max_hp_loss":0.0,"gold_gain":0.0,"event_name":"The Library","player_choice":"Read","floor":24.0,"gold_loss":0.0,"damage_taken":0.0,"cards_obtained":["Runesmith:LithiumIon"]}],"is_beta":false,"boss_relics":[{"not_picked":["Runic Dome","Pandora\u0027s Box"],"picked":"Cursed Key"},{"not_picked":["theSenshi:MoonKaleidoScopeRelic","Calling Bell"],"picked":"AT_TrinityForce"}],"items_purged_floors":[19,36,38,48],"is_endless":false,"potions_floor_spawned":[4,7,11,13,22,23,29,33,35,39,45,54],"ascension_level":10}}