{"host":"uzp1tn8qxn9571p9","time":1613320511,"event":{"mods":["Aspiration","BaseMod","Better Third Choice","Bossed Relics","Colored Map","Colored Powertips","Curses Come First","Hermit","Marisa£®ÏF”Í°°ƒß¿Ì…≥£©","Mimic Mod","Minty Spire (QoL Compilation)","StSLib","The Hierophant","The Jungle","The Marked","The Runesmith"],"gold_per_floor":[119,135,145,20,39,39,72,92,92,103,137,161,445,467,467,576,576,588,613,658,583,498,541,567,567,567,567,595,638,638,659,659,764,764,784,802,802,823,832,861,861,464,488,488,525,91,103,133,133,133,133,133,63,93,93,93],"floor_reached":55,"language":"ZHS","playtime":3950,"items_purged":["Injury","theMarked:Defend","theMarked:Defend"],"score":856,"play_id":"093e259d-b1ac-4edb-81d7-ef7ae30963c4","local_time":"20210215003511","is_ascension_mode":false,"campfire_choices":[{"data":"theMarked:ComboAttacks","floor":6.0,"key":"SMITH"},{"data":"theMarked:Improvise","floor":15.0,"key":"SMITH"},{"data":"theMarked:Improvise","floor":25.0,"key":"SMITH"},{"data":"theMarked:Levitate","floor":27.0,"key":"SMITH"},{"data":"theMarked:MysticalArsenal","floor":30.0,"key":"SMITH"},{"data":"theMarked:SoldierOfQuellstein","floor":32.0,"key":"SMITH"},{"data":"theMarked:EmpowerWeapon","floor":41.0,"key":"SMITH"},{"data":"theMarked:TakeOffHeels","floor":44.0,"key":"SMITH"},{"floor":49.0,"key":"RECALL"},{"data":"theMarked:ComboAttacks","floor":52.0,"key":"SMITH"}],"circlet_count":0,"master_deck":["theMarked:Defend","theMarked:Defend","theMarked:SoldierOfQuellstein+1","theMarked:ComboAttacks+1","theMarked:Panic","theMarked:KeepCalmAndFight","theMarked:EmpowerWeapon+1","theMarked:Improvise+1","theMarked:AttractMetal","theMarked:Improvise+1","theMarked:BiggerThanFate","theMarked:Pokerface","theMarked:ElectricStrings","theMarked:HeightenedSenses","Bite","Bite","Bite","Bite","theMarked:TakeOffHeels+1","theMarked:TwofoldDefense","theMarked:Convert","theMarked:MysticalArsenal+1","theMarked:RogueSparks+1","theMarked:ThrowWeapon","theMarked:Improvise","Blood for Blood+1","theMarked:OneWithTheBlade","theMarked:EmpowerWeapon+1","theMarked:SwordAndMagic","theMarked:ComboAttacks+1","theMarked:Opportunist"],"relics":["theMarked:ArtifactOfAir","theMarked:Gun","CeramicFish","Mummified Hand","theMarked:SpiritSword","aspiration:HummingbirdHeart","Anchor","Nunchaku","Regal Pillow","Astrolabe","aspiration:Lifesprig","DollysMirror","theMarked:NailFile","HandDrill","Meat on the Bone","Ice Cream"],"acts_visited":["Exordium","TheCity","TheBeyond","TheEnding"],"potions_floor_usage":[55],"damage_taken":[{"damage":1.0,"enemies":"Cultist","floor":1.0,"turns":3.0},{"damage":3.0,"enemies":"2 Louse","floor":2.0,"turns":2.0},{"damage":3.0,"enemies":"Jaw Worm","floor":3.0,"turns":4.0},{"damage":10.0,"enemies":"Looter","floor":5.0,"turns":3.0},{"damage":16.0,"enemies":"Lagavulin","floor":7.0,"turns":5.0},{"damage":0.0,"enemies":"Lots of Slimes","floor":8.0,"turns":1.0},{"damage":7.0,"enemies":"Blue Slaver","floor":10.0,"turns":3.0},{"damage":20.0,"enemies":"3 Sentries","floor":11.0,"turns":7.0},{"damage":0.0,"enemies":"Large Slime","floor":12.0,"turns":4.0},{"damage":16.0,"enemies":"Exordium Thugs","floor":14.0,"turns":4.0},{"damage":0.0,"enemies":"Slime Boss","floor":16.0,"turns":6.0},{"damage":5.0,"enemies":"Chosen","floor":18.0,"turns":4.0},{"damage":20.0,"enemies":"Spheric Guardian","floor":19.0,"turns":4.0},{"damage":17.0,"enemies":"Gremlin Leader","floor":23.0,"turns":5.0},{"damage":24.0,"enemies":"Cultist and Chosen","floor":24.0,"turns":7.0},{"damage":0.0,"enemies":"Snecko","floor":28.0,"turns":5.0},{"damage":10.0,"enemies":"Slavers","floor":29.0,"turns":5.0},{"damage":5.0,"enemies":"Centurion and Healer","floor":31.0,"turns":6.0},{"damage":4.0,"enemies":"Champ","floor":33.0,"turns":8.0},{"damage":11.0,"enemies":"3 Darklings","floor":35.0,"turns":4.0},{"damage":0.0,"enemies":"Orb Walker","floor":36.0,"turns":4.0},{"damage":7.0,"enemies":"Maw","floor":38.0,"turns":8.0},{"damage":11.0,"enemies":"3 Darklings","floor":40.0,"turns":5.0},{"damage":23.0,"enemies":"Giant Head","floor":45.0,"turns":6.0},{"damage":0.0,"enemies":"Transient","floor":47.0,"turns":5.0},{"damage":4.0,"enemies":"Reptomancer","floor":48.0,"turns":4.0},{"damage":12.0,"enemies":"Donu and Deca","floor":50.0,"turns":6.0},{"damage":0.0,"enemies":"Shield and Spear","floor":54.0,"turns":5.0},{"damage":148,"enemies":"The Heart","floor":55,"turns":9}],"seed_played":"982012595760700668","potions_obtained":[{"floor":2.0,"key":"FairyPotion"},{"floor":5.0,"key":"SpeedPotion"},{"floor":8.0,"key":"SteroidPotion"},{"floor":10.0,"key":"PowerPotion"},{"floor":12.0,"key":"BlessingOfTheForge"},{"floor":16.0,"key":"BlessingOfTheForge"},{"floor":19.0,"key":"Fruit Juice"},{"floor":29.0,"key":"SkillPotion"},{"floor":31.0,"key":"FearPotion"},{"floor":33.0,"key":"PowerPotion"},{"floor":36.0,"key":"BlessingOfTheForge"},{"floor":40.0,"key":"Energy Potion"},{"floor":48.0,"key":"Swift Potion"}],"is_trial":false,"path_per_floor":["M","M","M","$","M","R","E","M","T","M","E","M","?","M","R","B",null,"M","M","?","?","?","E","M","R","T","R","M","E","R","M","R","B",null,"M","M","?","M","?","M","R","$","T","R","E","$","M","E","R","B",null,"R","$","E","B"],"character_chosen":"THE_DEFAULT","items_purchased":["theMarked:EmpowerWeapon","aspiration:Lifesprig","DollysMirror","theMarked:ComboAttacks","HandDrill","FairyPotion","theMarked:Opportunist"],"campfire_rested":0,"item_purchase_floors":[4,42,42,46,46,46,53],"current_hp_per_floor":[83,80,77,77,67,67,51,51,51,44,24,24,24,8,8,8,84,79,64,62,62,62,54,30,30,30,30,36,36,36,43,43,59,62,55,61,62,62,62,53,53,53,53,53,43,43,57,58,58,57,62,62,62,62,0,0],"gold":93,"neow_bonus":"TWENTY_PERCENT_HP_BONUS","is_daily":false,"chose_seed":false,"campfire_upgraded":9,"win_rate":0.0,"timestamp":1613320511,"path_taken":["M","M","?","$","M","R","E","M","T","M","E","M","?","M","R","BOSS","M","?","?","?","?","E","M","R","T","R","M","E","R","?","R","BOSS","M","M","?","?","?","M","R","$","T","R","E","$","?","E","R","BOSS","R","$","E","BOSS"],"items_purchased_type":["Card","Relic","Relic","Card","Relic","Potion","Card"],"build_version":"2020-12-22","purchased_purges":3,"victory":false,"max_hp_per_floor":[84,84,84,84,84,84,84,84,84,84,84,84,84,84,84,84,84,84,89,62,62,62,62,62,62,62,62,62,62,62,62,62,62,62,62,62,62,62,62,62,62,62,62,62,62,62,62,62,62,62,62,62,62,62,62,62],"card_choices":[{"not_picked":["theMarked:GodGivenPower","theMarked:HeightenedSenses"],"picked":"theMarked:ComboAttacks","floor":1.0},{"not_picked":["theMarked:RepellingDischarge","theMarked:Parkour"],"picked":"theMarked:Panic","floor":2.0},{"not_picked":["theMarked:OneWithTheBlade","theMarked:RepellingDischarge"],"picked":"theMarked:KeepCalmAndFight","floor":3.0},{"not_picked":["theMarked:CreepingChasm","theMarked:ElectricStrings"],"picked":"theMarked:Improvise","floor":5.0},{"not_picked":["theMarked:MagusForm","theMarked:Memento"],"picked":"theMarked:AttractMetal","floor":7.0},{"not_picked":["theMarked:WardOff","theMarked:Frustration"],"picked":"theMarked:Improvise","floor":8.0},{"not_picked":["theMarked:Memento","theMarked:Electrify","theMarked:Frustration"],"picked":"SKIP","floor":10.0},{"not_picked":["theMarked:MuscleMemory","theMarked:WardOff"],"picked":"theMarked:BiggerThanFate","floor":11.0},{"not_picked":["theMarked:RepellingDischarge","theMarked:EmpowerWeapon"],"picked":"theMarked:Pokerface","floor":12.0},{"not_picked":["theMarked:Parkour","theMarked:Standoff"],"picked":"theMarked:ElectricStrings","floor":14.0},{"not_picked":["theMarked:MagusForm","theMarked:Vacuum"],"picked":"theMarked:Levitate","floor":16.0},{"not_picked":["theMarked:Parkour","theMarked:HeightenedSenses","theMarked:TakeCover"],"picked":"SKIP","floor":18.0},{"not_picked":["theMarked:SwordAndMagic","theMarked:Convert"],"picked":"theMarked:HeightenedSenses","floor":19.0},{"not_picked":["theMarked:EnhanceMovement","theMarked:Parkour+1"],"picked":"theMarked:TakeOffHeels","floor":23.0},{"not_picked":["theMarked:MuscleMemory","theMarked:ElectricStrings"],"picked":"theMarked:TwofoldDefense","floor":24.0},{"not_picked":["theMarked:Memento","theMarked:HeightenedSenses"],"picked":"theMarked:Convert","floor":28.0},{"not_picked":["theMarked:BanishingStrike","theMarked:Pokerface"],"picked":"theMarked:MysticalArsenal","floor":29.0},{"not_picked":["theMarked:ContemptForTheProud","theMarked:TwofoldDefense+1"],"picked":"theMarked:RogueSparks+1","floor":31.0},{"not_picked":["theMarked:BiggerThanFate","theMarked:FavorableWinds"],"picked":"theMarked:ThrowWeapon","floor":33.0},{"not_picked":["theMarked:ContemptForTheProud+1","theMarked:ChainLightning","theMarked:Aftermath"],"picked":"SKIP","floor":35.0},{"not_picked":["theMarked:WastefulAttack+1","theMarked:Aftermath","theMarked:BanishingStrike+1"],"picked":"SKIP","floor":36.0},{"not_picked":["theMarked:Memento","theMarked:FavorableWinds"],"picked":"theMarked:Improvise","floor":38.0},{"not_picked":["theMarked:WardOff+1","theMarked:Aftermath+1"],"picked":"theMarked:OneWithTheBlade","floor":40.0},{"not_picked":["theMarked:ResourceFulStrike","theMarked:BanishingStrike"],"picked":"theMarked:SwordAndMagic","floor":45.0},{"not_picked":["theMarked:CreepingChasm+1","theMarked:WardOff","theMarked:Electrocute"],"picked":"SKIP","floor":47.0},{"not_picked":["theMarked:Standoff","theMarked:WastefulAttack","theMarked:PowerFlow"],"picked":"SKIP","floor":48.0},{"not_picked":["theMarked:SelfDefenseTraining","theMarked:Indomitable+1","theMarked:PowerFlow+1"],"picked":"SKIP","floor":54.0}],"player_experience":407022,"relics_obtained":[{"floor":7.0,"key":"theMarked:Gun"},{"floor":9.0,"key":"CeramicFish"},{"floor":11.0,"key":"Mummified Hand"},{"floor":23.0,"key":"Anchor"},{"floor":26.0,"key":"Nunchaku"},{"floor":29.0,"key":"Regal Pillow"},{"floor":45.0,"key":"theMarked:NailFile"},{"floor":48.0,"key":"Meat on the Bone"},{"floor":54.0,"key":"Ice Cream"}],"event_choices":[{"damage_healed":0.0,"max_hp_gain":0.0,"max_hp_loss":0.0,"gold_gain":275.0,"event_name":"Golden Shrine","player_choice":"Desecrate","floor":13.0,"gold_loss":0.0,"damage_taken":0.0,"cards_obtained":["Regret"]},{"damage_healed":0.0,"max_hp_gain":0.0,"max_hp_loss":27.0,"gold_gain":0.0,"event_name":"Vampires","player_choice":"Became a vampire","floor":20.0,"gold_loss":0.0,"damage_taken":0.0,"cards_obtained":["Bite","Bite","Bite","Bite","Bite"]},{"cards_removed":["Regret"],"damage_healed":0.0,"max_hp_gain":0.0,"max_hp_loss":0.0,"gold_gain":0.0,"event_name":"Beggar","player_choice":"Gave Gold","floor":21.0,"gold_loss":75.0,"damage_taken":0.0},{"damage_healed":0.0,"max_hp_gain":0.0,"max_hp_loss":0.0,"gold_gain":0.0,"event_name":"Addict","player_choice":"Obtained Relic","floor":22.0,"gold_loss":85.0,"damage_taken":0.0,"relics_obtained":["aspiration:HummingbirdHeart"]},{"cards_removed":["Bite"],"damage_healed":5.0,"max_hp_gain":0.0,"max_hp_loss":0.0,"gold_gain":0.0,"event_name":"Bonfire Elementals","player_choice":"Offered Special","floor":37.0,"gold_loss":0.0,"damage_taken":0.0},{"cards_removed":["theMarked:Levitate"],"damage_healed":0.0,"max_hp_gain":0.0,"max_hp_loss":0.0,"gold_gain":0.0,"event_name":"NoteForYourself","player_choice":"Took Card","floor":39.0,"gold_loss":0.0,"damage_taken":0.0,"cards_obtained":["Blood for Blood"]}],"is_beta":false,"boss_relics":[{"not_picked":["SlaversCollar","aspiration:FutureDiary"],"picked":"theMarked:SpiritSword"},{"not_picked":["Fusion Hammer","Cursed Key"],"picked":"Astrolabe"}],"items_purged_floors":[4,42,46],"is_endless":false,"potions_floor_spawned":[2,5,8,10,12,16,19,29,31,33,36,40,48,54],"killed_by":"The Heart","ascension_level":0}}