{"host":"f5gffvlv6a66yqkd","time":1613321908,"event":{"mods":["2.2 Compatiblity","BaseMod","Colored Map","Custom Start","DeckTracker","Keyboard Shortcuts","Minty Spire (QoL Compilation)","Permanent Neow","Quick Restart","Relic Stats","StSLib","SuperFastMode"],"gold_per_floor":[111,211,231,72,72,72,82,82,82,82,112,122,122,154,154,259,259,278,178,178,192,192,192,208,208,208,208,225,243,255,70,70,169,169,180,190,209,223,223,223],"floor_reached":39,"language":"KOR","playtime":832,"items_purged":["Strike_P","Strike_P"],"score":506,"play_id":"ed468251-2591-4dcf-b597-a2d8420b4d76","local_time":"20210215015828","is_ascension_mode":true,"campfire_choices":[{"data":"Eruption","floor":6.0,"key":"SMITH"},{"data":"ForeignInfluence","floor":8.0,"key":"SMITH"},{"data":"Tantrum","floor":15.0,"key":"SMITH"},{"data":"Tantrum","floor":23.0,"key":"SMITH"},{"floor":25.0,"key":"RECALL"},{"floor":27.0,"key":"REST"},{"data":"MentalFortress","floor":32.0,"key":"SMITH"}],"circlet_count":0,"master_deck":["Defend_P","Defend_P","Defend_P","Eruption+1","Vigilance","EmptyBody","ForeignInfluence+1","Tantrum+1","Consecrate","Fasting2","CutThroughFate","Scrawl+1","FearNoEvil","Tantrum+1","Consecrate","TalkToTheHand","MentalFortress+1","Vengeance+1","Wish+1","EmptyMind+1","Study","MentalFortress"],"relics":["PureWater","Centennial Puzzle","Toxic Egg 2","Damaru","White Beast Statue","VioletLotus","FossilizedHelix","Sozu"],"acts_visited":["Exordium","TheCity","TheBeyond"],"potions_floor_usage":[],"damage_taken":[{"damage":1.0,"enemies":"2 Louse","floor":1.0,"turns":4.0},{"damage":3.0,"enemies":"Cultist","floor":3.0,"turns":4.0},{"damage":0.0,"enemies":"Small Slimes","floor":7.0,"turns":3.0},{"damage":0.0,"enemies":"Blue Slaver","floor":12.0,"turns":3.0},{"damage":1.0,"enemies":"2 Fungi Beasts","floor":14.0,"turns":2.0},{"damage":23.0,"enemies":"Hexaghost","floor":16.0,"turns":7.0},{"damage":17.0,"enemies":"2 Thieves","floor":18.0,"turns":2.0},{"damage":7.0,"enemies":"Chosen","floor":21.0,"turns":2.0},{"damage":0.0,"enemies":"Snake Plant","floor":24.0,"turns":2.0},{"damage":0.0,"enemies":"Snecko","floor":28.0,"turns":2.0},{"damage":0.0,"enemies":"Cultist and Chosen","floor":29.0,"turns":2.0},{"damage":18.0,"enemies":"Centurion and Healer","floor":30.0,"turns":2.0},{"damage":35.0,"enemies":"Automaton","floor":33.0,"turns":11.0},{"damage":0.0,"enemies":"Orb Walker","floor":35.0,"turns":2.0},{"damage":17,"enemies":"3 Shapes","floor":36,"turns":2},{"damage":0,"enemies":"Spire Growth","floor":37,"turns":3},{"damage":18,"enemies":"3 Darklings","floor":38,"turns":3},{"damage":0,"enemies":"4 Shapes","floor":39,"turns":1}],"seed_played":"-2777018611217425563","potions_obtained":[{"floor":3.0,"key":"GamblersBrew"},{"floor":7.0,"key":"CultistPotion"},{"floor":14.0,"key":"SneckoOil"},{"floor":16.0,"key":"Swift Potion"},{"floor":28.0,"key":"Swift Potion"},{"floor":29.0,"key":"PowerPotion"}],"is_trial":false,"path_per_floor":["M","?","M","$","?","R","M","R","T","$","?","M","?","M","R","B",null,"M","$","?","M","?","R","M","R","T","R","M","M","M","$","R","B",null,"M","M","M","M","M"],"character_chosen":"WATCHER","items_purchased":["Tantrum","Consecrate","TalkToTheHand","MentalFortress","Vengeance+1"],"campfire_rested":1,"item_purchase_floors":[4,4,31,31,31],"current_hp_per_floor":[64,64,61,61,61,61,61,61,61,61,61,61,49,48,48,25,60,43,43,43,36,36,36,36,36,36,57,57,57,39,39,39,4,55,55,38,38,20,20,20],"gold":223,"neow_bonus":"RANDOM_COMMON_RELIC","is_daily":false,"chose_seed":false,"campfire_upgraded":5,"win_rate":0.0,"timestamp":1613321908,"path_taken":["M","?","M","?","?","R","M","R","T","$","?","M","?","M","R","BOSS","M","$","?","M","?","R","M","R","T","R","M","M","M","$","R","BOSS","M","M","M","M","M"],"items_purchased_type":["Card","Card","Card","Card","Card"],"build_version":"2020-12-22","purchased_purges":2,"victory":false,"max_hp_per_floor":[72,72,72,72,72,72,72,72,72,72,72,72,72,72,72,72,72,72,72,72,72,72,72,72,72,72,72,72,72,72,72,72,72,72,72,72,72,72,72,72],"relic_stats":{"Sozu":4,"Centennial Puzzle":[30],"counters":[18,57],"VioletLotus":[17],"obtain_stats":[{"Sozu":34,"Centennial Puzzle":0,"Damaru":11,"VioletLotus":17,"PureWater":0,"Toxic Egg 2":9,"White Beast Statue":13,"FossilizedHelix":26},{"Sozu":13,"Centennial Puzzle":0,"Damaru":3,"VioletLotus":6,"PureWater":0,"Toxic Egg 2":3,"White Beast Statue":4,"FossilizedHelix":9},{"Sozu":46,"Centennial Puzzle":0,"Damaru":11,"VioletLotus":23,"PureWater":0,"Toxic Egg 2":11,"White Beast Statue":14,"FossilizedHelix":29}]},"card_choices":[{"not_picked":["Protect","Prostrate"],"picked":"EmptyBody","floor":1.0},{"not_picked":["SashWhip","Crescendo"],"picked":"ForeignInfluence","floor":3.0},{"not_picked":["PathToVictory","Evaluate","Consecrate"],"picked":"SKIP","floor":7.0},{"not_picked":["FollowUp","Swivel+1"],"picked":"CutThroughFate","floor":12.0},{"not_picked":["Worship+1","Crescendo+1","Wireheading"],"picked":"SKIP","floor":14.0},{"not_picked":["Alpha+1","Judgement+1"],"picked":"Scrawl+1","floor":16.0},{"not_picked":["Vengeance+1","FlyingSleeves","Crescendo+1"],"picked":"SKIP","floor":18.0},{"not_picked":["FollowUp","Protect+1","SandsOfTime"],"picked":"SKIP","floor":21.0},{"not_picked":["CrushJoints","SashWhip","Evaluate+1"],"picked":"SKIP","floor":24.0},{"not_picked":["Crescendo+1","ForeignInfluence+1","WindmillStrike+1"],"picked":"SKIP","floor":28.0},{"not_picked":["EmptyBody+1","LikeWater","JustLucky"],"picked":"SKIP","floor":29.0},{"not_picked":["PathToVictory+1","Protect+1","Collect+1"],"picked":"SKIP","floor":30.0},{"not_picked":["Brilliance","DevaForm"],"picked":"Wish+1","floor":33.0},{"not_picked":["EmptyMind+1","Prostrate+1","EmptyFist"],"picked":"SKIP","floor":35.0},{"not_picked":["Prostrate+1","EmptyFist"],"picked":"EmptyMind+1","floor":35.0},{"not_picked":["Swivel+1","Indignation+1"],"picked":"Study","floor":36},{"not_picked":["EmptyMind+1","Weave+1","PathToVictory+1"],"picked":"SKIP","floor":37},{"not_picked":["FlyingSleeves+1","Wallop+1"],"picked":"MentalFortress","floor":38}],"player_experience":1468498,"relics_obtained":[{"floor":9.0,"key":"Toxic Egg 2"},{"floor":26.0,"key":"FossilizedHelix"}],"event_choices":[{"damage_healed":0.0,"max_hp_gain":0.0,"max_hp_loss":0.0,"gold_gain":100.0,"event_name":"Golden Shrine","player_choice":"Pray","floor":2.0,"gold_loss":0.0,"damage_taken":0.0},{"damage_healed":0.0,"max_hp_gain":0.0,"max_hp_loss":0.0,"gold_gain":0.0,"cards_transformed":["Defend_P"],"event_name":"Living Wall","player_choice":"Change","floor":5.0,"gold_loss":0.0,"damage_taken":0.0,"cards_obtained":["Fasting2"]},{"damage_healed":0.0,"max_hp_gain":0.0,"max_hp_loss":0.0,"gold_gain":30.0,"event_name":"Dead Adventurer","player_choice":"Searched \u00273\u0027 times","floor":11.0,"gold_loss":0.0,"damage_taken":0.0,"relics_obtained":["Damaru"]},{"damage_healed":0.0,"max_hp_gain":0.0,"max_hp_loss":0.0,"gold_gain":0.0,"event_name":"Scrap Ooze","player_choice":"Success","floor":13.0,"gold_loss":0.0,"damage_taken":12.0,"relics_obtained":["White Beast Statue"]},{"damage_healed":0.0,"max_hp_gain":0.0,"max_hp_loss":0.0,"gold_gain":0.0,"event_name":"The Library","player_choice":"Read","floor":20.0,"gold_loss":0.0,"damage_taken":0.0,"cards_obtained":["FearNoEvil"]},{"damage_healed":0.0,"max_hp_gain":0.0,"max_hp_loss":0.0,"gold_gain":0.0,"cards_transformed":["Strike_P","Strike_P"],"event_name":"Drug Dealer","player_choice":"Became Test Subject","floor":22.0,"gold_loss":0.0,"damage_taken":0.0,"cards_obtained":["Tantrum","Consecrate"]}],"is_beta":false,"boss_relics":[{"not_picked":["Velvet Choker","Runic Dome"],"picked":"VioletLotus"},{"not_picked":["Cursed Key","Busted Crown"],"picked":"Sozu"}],"items_purged_floors":[4,19],"is_endless":false,"potions_floor_spawned":[3,7,14,16,18,21,24,28,29,30,33,35,36,37,38],"killed_by":"4 Shapes","ascension_level":7}}