{"host":"bpnwh7vpv9k3tssc","time":1613319581,"event":{"mods":["BaseMod","Colored Map","Colored Powertips","Curses Come First","Highlight Path","Minty Spire (QoL Compilation)","Quick Restart","Random Character Button","Relic Sorter","StSLib"],"gold_per_floor":[117,117,128,128,49,49,78,78,104,119,130,130,163,175,175,252,252,264,279,194,36,36,68,82,108,108,128,19,19,19,37,37,116,116,127,7,19,19,19,19,39,39,39,70,70,80,80,102,114,126,138,150,66,98,98,98],"floor_reached":55,"language":"ENG","playtime":1918,"items_purged":["Decay"],"score":1576,"play_id":"59e82a36-8dda-4062-9fb2-d8b7de38aa32","local_time":"20210214171941","is_ascension_mode":true,"campfire_choices":[{"data":"Feed","floor":6,"key":"SMITH"},{"data":"Perfected Strike","floor":12,"key":"SMITH"},{"data":"Shockwave","floor":15,"key":"SMITH"},{"floor":29,"key":"DIG"},{"floor":32,"key":"DIG"},{"floor":40,"key":"DIG"},{"floor":42,"key":"RECALL"},{"floor":45,"key":"DIG"},{"floor":47,"key":"DIG"},{"floor":49,"key":"DIG"},{"floor":52,"key":"DIG"}],"circlet_count":0,"master_deck":["AscendersBane","Strike_R","Strike_R","Strike_R","Strike_R","Strike_R","Defend_R","Defend_R","Defend_R","Defend_R","Bash","Feed+1","Perfected Strike+1","Pommel Strike","Shockwave+1","Battle Trance","Ghostly Armor","Impervious","Flame Barrier","Shrug It Off","Barricade","Heavy Blade+1","Double Tap","Perfected Strike","Apotheosis","Pommel Strike","Bash","Body Slam","Demon Form","Whirlwind+1","Reaper","True Grit+1","Flex+1","Clothesline"],"relics":["Burning Blood","Paper Frog","Matryoshka","Vajra","Bag of Preparation","Gremlin Horn","Snecko Eye","Orichalcum","Membership Card","Bottled Flame","Shovel","MealTicket","Sundial","Potion Belt","Sozu","Brimstone","Centennial Puzzle","Toxic Egg 2","Du-Vu Doll","Bag of Marbles","MawBank","Blue Candle","Eternal Feather","Pen Nib","Nunchaku"],"acts_visited":["Exordium","TheCity","TheBeyond","TheEnding"],"potions_floor_usage":[7,13,55,55],"damage_taken":[{"damage":0,"enemies":"2 Louse","floor":1,"turns":4},{"damage":2,"enemies":"Jaw Worm","floor":3,"turns":3},{"damage":8,"enemies":"Gremlin Nob","floor":7,"turns":3},{"damage":9,"enemies":"Small Slimes","floor":10,"turns":2},{"damage":7,"enemies":"3 Louse","floor":11,"turns":3},{"damage":0,"enemies":"Lagavulin","floor":13,"turns":4},{"damage":4,"enemies":"Lots of Slimes","floor":14,"turns":2},{"damage":28,"enemies":"The Guardian","floor":16,"turns":11},{"damage":6,"enemies":"2 Thieves","floor":18,"turns":3},{"damage":2,"enemies":"Shell Parasite","floor":19,"turns":4},{"damage":12,"enemies":"Slavers","floor":23,"turns":3},{"damage":7,"enemies":"Snake Plant","floor":24,"turns":5},{"damage":27,"enemies":"Book of Stabbing","floor":25,"turns":5},{"damage":16,"enemies":"Centurion and Healer","floor":27,"turns":4},{"damage":0,"enemies":"Sentry and Sphere","floor":31,"turns":6},{"damage":0,"enemies":"Collector","floor":33,"turns":3},{"damage":15,"enemies":"3 Shapes","floor":35,"turns":8},{"damage":6,"enemies":"Orb Walker","floor":37,"turns":3},{"damage":0,"enemies":"Maw","floor":41,"turns":5},{"damage":0,"enemies":"Reptomancer","floor":44,"turns":3},{"damage":4,"enemies":"Jaw Worm Horde","floor":46,"turns":2},{"damage":0,"enemies":"Spire Growth","floor":48,"turns":2},{"damage":28,"enemies":"Time Eater","floor":50,"turns":8},{"damage":6,"enemies":"Shield and Spear","floor":54,"turns":3},{"damage":143,"enemies":"The Heart","floor":55,"turns":6}],"seed_played":"-423233753820419297","potions_obtained":[{"floor":1,"key":"ColorlessPotion"},{"floor":3,"key":"ColorlessPotion"},{"floor":10,"key":"ElixirPotion"},{"floor":14,"key":"BlessingOfTheForge"}],"is_trial":false,"path_per_floor":["M","?","M","?","$","R","E","$","T","M","M","R","E","M","R","B",null,"M","M","?","$","?","E","M","E","T","M","$","R","?","M","R","B",null,"M","$","M","$","$","R","M","R","T","E","R","M","R","M","R","B",null,"R","$","E","B"],"character_chosen":"IRONCLAD","items_purchased":["Shockwave","Membership Card","Apotheosis","Brimstone","Pen Nib","Clothesline"],"campfire_rested":0,"item_purchase_floors":[5,21,28,36,53,53],"current_hp_per_floor":[77,82,86,81,81,81,79,79,79,80,83,83,93,99,99,81,100,104,112,112,112,112,110,109,88,88,78,93,93,93,103,103,109,119,114,126,130,130,130,130,130,130,130,130,130,134,134,138,138,116,133,133,138,138,0,0],"gold":98,"neow_bonus":"ONE_RANDOM_RARE_CARD","is_daily":false,"chose_seed":false,"campfire_upgraded":3,"win_rate":0.0,"timestamp":1613319581,"path_taken":["M","?","M","?","$","R","E","?","T","M","M","R","E","M","R","BOSS","M","M","?","$","?","E","M","E","T","M","$","R","?","M","R","BOSS","M","$","M","?","$","R","M","R","T","E","R","M","R","M","R","BOSS","R","$","E","BOSS"],"items_purchased_type":["Card","Relic","Card","Relic","Relic","Card"],"build_version":"2020-12-22","purchased_purges":1,"victory":false,"max_hp_per_floor":[78,83,86,86,86,86,86,86,86,90,94,94,98,102,102,106,106,110,114,114,114,114,118,118,118,118,118,118,118,118,122,122,122,122,126,126,130,130,130,130,130,130,130,130,130,134,134,138,138,138,138,138,138,138,138,138],"card_choices":[{"not_picked":["Entrench","Iron Wave"],"picked":"Perfected Strike","floor":1},{"not_picked":["Dual Wield","Flex"],"picked":"Pommel Strike","floor":3},{"not_picked":["Metallicize","Havoc","Pummel"],"picked":"SKIP","floor":7},{"not_picked":["Disarm","Searing Blow"],"picked":"Battle Trance","floor":10},{"not_picked":["Cleave","Clash","Evolve"],"picked":"SKIP","floor":11},{"not_picked":["Heavy Blade","Searing Blow"],"picked":"Ghostly Armor","floor":13},{"not_picked":["Battle Trance","Blood for Blood","Havoc"],"picked":"SKIP","floor":14},{"not_picked":["Feed","Offering"],"picked":"Impervious","floor":16},{"not_picked":["Heavy Blade","Seeing Red"],"picked":"Flame Barrier","floor":18},{"not_picked":["Twin Strike","Iron Wave+1"],"picked":"Shrug It Off","floor":19},{"not_picked":["Shrug It Off","Sword Boomerang"],"picked":"Barricade","floor":23},{"not_picked":["Headbutt","Twin Strike"],"picked":"Heavy Blade+1","floor":24},{"not_picked":["Anger","Rage"],"picked":"Double Tap","floor":25},{"not_picked":["Iron Wave","Heavy Blade"],"picked":"Perfected Strike","floor":27},{"not_picked":["Havoc","Clash"],"picked":"Body Slam","floor":31},{"not_picked":["Juggernaut","Corruption"],"picked":"Demon Form","floor":33},{"not_picked":["Armaments","Dropkick","Wild Strike"],"picked":"SKIP","floor":35},{"not_picked":["Armaments","Headbutt","Battle Trance"],"picked":"SKIP","floor":37},{"not_picked":["Dropkick","Shockwave"],"picked":"Whirlwind+1","floor":41},{"not_picked":["Iron Wave+1","Brutality"],"picked":"Reaper","floor":44},{"not_picked":["Whirlwind","Armaments+1"],"picked":"True Grit+1","floor":46},{"not_picked":["Searing Blow","Headbutt"],"picked":"Flex+1","floor":48},{"not_picked":["Anger","Feed","Clash"],"picked":"SKIP","floor":54}],"player_experience":386495,"relics_obtained":[{"floor":7,"key":"Matryoshka"},{"floor":9,"key":"Vajra"},{"floor":9,"key":"Bag of Preparation"},{"floor":13,"key":"Gremlin Horn"},{"floor":23,"key":"Bottled Flame"},{"floor":25,"key":"Shovel"},{"floor":26,"key":"MealTicket"},{"floor":29,"key":"Sundial"},{"floor":32,"key":"Potion Belt"},{"floor":40,"key":"Centennial Puzzle"},{"floor":43,"key":"Toxic Egg 2"},{"floor":44,"key":"Du-Vu Doll"},{"floor":45,"key":"Bag of Marbles"},{"floor":47,"key":"MawBank"},{"floor":49,"key":"Blue Candle"},{"floor":52,"key":"Eternal Feather"},{"floor":54,"key":"Nunchaku"}],"event_choices":[{"damage_healed":0,"gold_gain":0,"player_choice":"Donut","damage_taken":0,"max_hp_gain":5,"max_hp_loss":0,"event_name":"Big Fish","floor":2,"gold_loss":0},{"damage_healed":0,"gold_gain":0,"player_choice":"Success","damage_taken":5,"relics_obtained":["Paper Frog"],"max_hp_gain":0,"max_hp_loss":0,"event_name":"Scrap Ooze","floor":4,"gold_loss":0},{"damage_healed":0,"gold_gain":0,"player_choice":"Obtained Relic","damage_taken":0,"relics_obtained":["Orichalcum"],"max_hp_gain":0,"max_hp_loss":0,"event_name":"Addict","floor":20,"gold_loss":85},{"damage_healed":0,"gold_gain":0,"player_choice":"Smashed Altar","damage_taken":0,"max_hp_gain":0,"max_hp_loss":0,"event_name":"Forgotten Altar","floor":22,"gold_loss":0,"cards_obtained":["Decay"]},{"damage_healed":0,"gold_gain":0,"player_choice":"2 cards matched","damage_taken":0,"max_hp_gain":0,"max_hp_loss":0,"event_name":"Match and Keep!","floor":30,"gold_loss":0,"cards_obtained":["Pommel Strike","Bash"]}],"is_beta":false,"boss_relics":[{"not_picked":["Velvet Choker","Mark of Pain"],"picked":"Snecko Eye"},{"not_picked":["Tiny House","Runic Dome"],"picked":"Sozu"}],"items_purged_floors":[36],"is_endless":false,"potions_floor_spawned":[1,3,10,14,18,23,27,31,37,48],"killed_by":"The Heart","ascension_level":16}}