{"host":"onfdonezo2qmaex3","time":1613299142,"event":{"mods":["2.2 Compatiblity","AchievementEnabler","Act Like it!","Aspiration","BaseMod","Colored Powertips","Downfall","Friendly Minions","Gensokyo","Hallownest","Hermit","Highlight Path","Jorbs\u0027s Wanderer Trilogy","Marisa????????","Marked Mod","Minty Spire (QoL Compilation)","Quick Restart","Reliquary","Shop Mod","StSLib","The Disciple","The Hayseed","The Hierophant","The Marked","The Runesmith"],"gold_per_floor":[119,119,136,216,316,316,349,349,349,349,362,374,409,419,419,419,419],"floor_reached":16,"language":"ENG","playtime":601,"items_purged":[],"score":152,"play_id":"68e1ad0b-f43a-4093-b6b5-aeb476172246","local_time":"20210214113902","is_ascension_mode":true,"campfire_choices":[{"data":"Cloak And Dagger","floor":6,"key":"SMITH"},{"data":"Terror","floor":8,"key":"SMITH"},{"data":"Accuracy","floor":15,"key":"SMITH"}],"circlet_count":0,"master_deck":["Strike_G","Strike_G","Strike_G","Strike_G","Defend_G","Defend_G","Defend_G","Survivor","Neutralize","Cloak And Dagger+1","Terror+1","Storm of Steel","Accuracy+1"],"relics":["Ring of the Snake","NeowsBlessing","Kunai","reliquary:HotPoker"],"acts_visited":["Gensokyo:Gensokyo"],"potions_floor_usage":[14,16,16,16],"damage_taken":[{"damage":0,"enemies":"Gensokyo:2_Kodama","floor":1,"turns":1},{"damage":0,"enemies":"Gensokyo:Python","floor":3,"turns":1},{"damage":0,"enemies":"Gensokyo:Mamizou","floor":7,"turns":2},{"damage":0,"enemies":"Gensokyo:3_Fairies","floor":11,"turns":4},{"damage":13,"enemies":"Gensokyo:2_Rabbits","floor":12,"turns":5},{"damage":8,"enemies":"Gensokyo:Cirno","floor":13,"turns":5},{"damage":13,"enemies":"Gensokyo:5_Fairies","floor":14,"turns":5},{"damage":16,"enemies":"Gensokyo:Reimu","floor":16,"turns":5}],"seed_played":"7011734179191396963","potions_obtained":[{"floor":1,"key":"DistilledChaos"},{"floor":7,"key":"champ:CounterPotion"},{"floor":12,"key":"Swift Potion"},{"floor":14,"key":"FearPotion"}],"is_trial":false,"path_per_floor":["M","?","M","?","?","R","E","R","T","?","M","M","E","M","R","B"],"character_chosen":"THE_SILENT","items_purchased":[],"campfire_rested":0,"item_purchase_floors":[],"current_hp_per_floor":[70,77,77,77,77,77,77,77,77,47,47,34,26,13,13,0,0],"gold":419,"neow_bonus":"THREE_ENEMY_KILL","is_daily":false,"chose_seed":false,"campfire_upgraded":3,"win_rate":0.0,"timestamp":1613299142,"path_taken":["M","?","?","?","?","R","E","R","T","?","?","?","E","M","R","BOSS"],"items_purchased_type":[],"build_version":"2020-12-22","purchased_purges":0,"victory":false,"max_hp_per_floor":[70,77,77,77,77,77,77,77,77,77,77,77,77,77,77,77,77],"card_choices":[{"not_picked":["Eviscerate","Acrobatics"],"picked":"Cloak And Dagger","floor":1},{"not_picked":["Acrobatics","Calculated Gamble","Reflex"],"picked":"SKIP","floor":3},{"not_picked":["Deadly Poison","PiercingWail"],"picked":"Terror","floor":7},{"not_picked":["Skewer","Eviscerate"],"picked":"Storm of Steel","floor":11},{"not_picked":["Prepared","Bane","Dodge and Roll"],"picked":"SKIP","floor":12},{"not_picked":["Corpse Explosion","Masterful Stab","Dagger Throw"],"picked":"SKIP","floor":13},{"not_picked":["Eviscerate","Reflex"],"picked":"Accuracy","floor":14}],"player_experience":187098,"relics_obtained":[{"floor":7,"key":"Kunai"},{"floor":13,"key":"reliquary:HotPoker"}],"event_choices":[],"is_beta":false,"boss_relics":[],"items_purged_floors":[],"is_endless":false,"potions_floor_spawned":[1,7,12,14],"killed_by":"Gensokyo:Reimu","ascension_level":3}}