{"host":"Sylvester","time":1613266915,"event":{"mods":["AchievementEnabler","BaseMod","Filter the Spire","Lobotomy","Minty Spire (QoL Compilation)","Replay The Spire","StSLib"],"gold_per_floor":[115,128,144,163,173,206,217,251,251,251,268,268,268,279,279,356,356,375,8,27,46,46,75,75,110,110,110,124,151,170,3,3,74,74,84,95,112,12,30,57,57,92,92,105,125,125,139,6,6,6,6,6],"floor_reached":51,"language":"ENG","playtime":9305,"items_purged":["Strike_R","Strike_R","Strike_R"],"score":1920,"play_id":"d3ac144c-3871-453b-b279-f6fae86faf95","local_time":"20210213174154","is_ascension_mode":true,"campfire_choices":[{"data":"Uppercut","floor":10.0,"key":"SMITH"},{"data":"Shockwave","floor":13.0,"key":"SMITH"},{"data":"Juggernaut","floor":15.0,"key":"SMITH"},{"floor":27.0,"key":"REST"},{"data":"Dual Wield","floor":32.0,"key":"SMITH"},{"floor":41.0,"key":"REST"},{"floor":46.0,"key":"RECALL"},{"floor":49.0,"key":"REST"}],"circlet_count":0,"master_deck":["AscendersBane","Defend_R","Defend_R","Defend_R","Defend_R","Bash","Entrench","ReplayTheSpireMod:Limb From Limb","Shockwave+1","Juggernaut+1","Uppercut+1","Headbutt","Immolate","CurseOfTheBell","Dual Wield+1","ReplayTheSpireMod:Limb From Limb","Shrug It Off","Spot Weakness","Shrug It Off","Metallicize+1","Flame Barrier+1","Corruption+1","Shrug It Off+1","Pommel Strike+1"],"relics":["Snecko Eye","Champion Belt","Potion Belt","Frozen Egg 2","Calling Bell","MealTicket","ReplayTheSpireMod:Ninjato","Incense Burner","Omamori","Replay:Mystery Machine","Molten Egg 2","Shuriken","Golden Egg","Empty Cage","Smiling Mask","StrikeDummy"],"acts_visited":["Exordium","TheCity","TheBeyond"],"potions_floor_usage":[51],"damage_taken":[{"damage":1.0,"enemies":"Cultist","floor":1.0,"turns":3.0},{"damage":4.0,"enemies":"Small Slimes","floor":2.0,"turns":3.0},{"damage":4.0,"enemies":"Jaw Worm","floor":3.0,"turns":4.0},{"damage":3.0,"enemies":"3 Louse","floor":4.0,"turns":4.0},{"damage":2.0,"enemies":"Exordium Thugs","floor":5.0,"turns":3.0},{"damage":5.0,"enemies":"Gremlin Nob","floor":6.0,"turns":3.0},{"damage":19.0,"enemies":"Gremlin Gang","floor":7.0,"turns":4.0},{"damage":0.0,"enemies":"Lagavulin","floor":8.0,"turns":2.0},{"damage":0.0,"enemies":"Red Slaver","floor":11.0,"turns":2.0},{"damage":1.0,"enemies":"Exordium Wildlife","floor":14.0,"turns":2.0},{"damage":16.0,"enemies":"Hexaghost","floor":16.0,"turns":7.0},{"damage":18.0,"enemies":"3 Byrds","floor":18.0,"turns":4.0},{"damage":0.0,"enemies":"Spheric Guardian","floor":20.0,"turns":3.0},{"damage":14.0,"enemies":"Centurion and Healer","floor":21.0,"turns":3.0},{"damage":18.0,"enemies":"Book of Stabbing","floor":23.0,"turns":4.0},{"damage":1.0,"enemies":"Replay:Snechameleon","floor":25.0,"turns":3.0},{"damage":0.0,"enemies":"Snecko","floor":28.0,"turns":1.0},{"damage":14.0,"enemies":"Book of Stabbing","floor":29.0,"turns":4.0},{"damage":0.0,"enemies":"Sentry and Sphere","floor":30.0,"turns":2.0},{"damage":42.0,"enemies":"Pondfish","floor":33.0,"turns":5.0},{"damage":25.0,"enemies":"3 Darklings","floor":35.0,"turns":4.0},{"damage":20.0,"enemies":"3 Shapes","floor":36.0,"turns":4.0},{"damage":0.0,"enemies":"Transient","floor":37.0,"turns":6.0},{"damage":6.0,"enemies":"4 Shapes","floor":39.0,"turns":3.0},{"damage":8.0,"enemies":"Giant Head","floor":40.0,"turns":6.0},{"damage":29.0,"enemies":"Nemesis","floor":42.0,"turns":9.0},{"damage":14.0,"enemies":"Writhing Mass","floor":44.0,"turns":5.0},{"damage":0.0,"enemies":"3 Darklings","floor":45.0,"turns":1.0},{"damage":18.0,"enemies":"Transient","floor":47.0,"turns":6.0},{"damage":34.0,"enemies":"Time Eater","floor":50.0,"turns":7.0},{"damage":30,"enemies":"Awakened One","floor":51,"turns":5}],"seed_played":"3310376697267645828","potions_obtained":[{"floor":3.0,"key":"Elixir"},{"floor":5.0,"key":"PowerPotion"},{"floor":8.0,"key":"FearPotion"},{"floor":20.0,"key":"FearPotion"},{"floor":25.0,"key":"Regen Potion"},{"floor":28.0,"key":"SteroidPotion"},{"floor":29.0,"key":"Block Potion"},{"floor":33.0,"key":"Venom Potion"},{"floor":36.0,"key":"SpeedPotion"},{"floor":39.0,"key":"SkillPotion"},{"floor":40.0,"key":"PowerPotion"},{"floor":44.0,"key":"Cursed Concoction"},{"floor":45.0,"key":"FairyPotion"}],"is_trial":false,"path_per_floor":["M","M","M","M","M","E","M","E","T","R","M","?","R","M","R","B",null,"M","$","M","M","?","E","?","E","T","R","M","E","M","$","R","B",null,"M","M","M","$","M","E","R","E","T","M","M","R","M","$","R","B","B"],"character_chosen":"IRONCLAD","items_purchased":["Dual Wield","Omamori","ReplayTheSpireMod:Limb From Limb","Metallicize+1","Flame Barrier","Languid Potion"],"campfire_rested":3,"item_purchase_floors":[19,19,19,31,31,48],"current_hp_per_floor":[67,63,59,56,54,49,30,30,30,30,30,35,35,34,34,18,65,47,62,62,48,48,30,30,29,29,53,53,51,51,66,66,24,66,41,21,21,36,30,22,46,17,17,3,3,3,24,39,63,29,0,0],"gold":6,"neow_bonus":"BOSS_RELIC","is_daily":false,"chose_seed":false,"campfire_upgraded":4,"win_rate":0.0,"timestamp":1613266914,"path_taken":["M","M","M","M","M","E","M","E","T","R","?","?","R","M","R","BOSS","M","$","M","M","?","E","?","E","T","R","M","E","?","$","R","BOSS","M","?","M","$","M","E","R","E","T","M","M","R","?","?","R","BOSS","BOSS"],"items_purchased_type":["Card","Relic","Card","Card","Card","Potion"],"build_version":"2020-11-17","purchased_purges":3,"victory":false,"max_hp_per_floor":[75,75,75,75,75,75,75,75,75,75,75,80,80,80,80,80,80,80,80,80,80,80,80,80,80,80,80,80,80,80,80,80,80,80,80,80,80,80,80,80,80,80,80,80,80,80,80,80,80,80,80,80],"card_choices":[{"not_picked":["Twin Strike","Bloodletting"],"picked":"Entrench","floor":1.0},{"not_picked":["Anger","Combust","Replay:Undeath\u0027s Touch"],"picked":"SKIP","floor":2.0},{"not_picked":["Armaments","Infernal Blade"],"picked":"ReplayTheSpireMod:Limb From Limb","floor":3.0},{"not_picked":["Seeing Red","Havoc"],"picked":"Shockwave","floor":4.0},{"not_picked":["Sword Boomerang","Abandon","Body Slam"],"picked":"SKIP","floor":5.0},{"not_picked":["Replay:Undeath\u0027s Touch","ReplayTheSpireMod:Strike From Hell"],"picked":"Juggernaut","floor":6.0},{"not_picked":["Bloodletting","Whirlwind","Body Slam"],"picked":"SKIP","floor":7.0},{"not_picked":["Dark Embrace","Seeing Red"],"picked":"Uppercut","floor":8.0},{"not_picked":["Pommel Strike","Heavy Blade"],"picked":"Headbutt","floor":11.0},{"not_picked":["Clash","Reckless Charge","Seeing Red"],"picked":"SKIP","floor":14.0},{"not_picked":["Barricade+1","Demonic Infusion"],"picked":"Immolate","floor":16.0},{"not_picked":["Battle Trance","Flex","Twin Strike+1"],"picked":"SKIP","floor":18.0},{"not_picked":["Thunderclap","Burning Pact","Hemokinesis"],"picked":"SKIP","floor":20.0},{"not_picked":["Perfected Strike","Whirlwind","Power Through"],"picked":"SKIP","floor":21.0},{"not_picked":["Perfected Strike","Whirlwind","Power Through"],"picked":"SKIP","floor":21.0},{"not_picked":["Twin Strike","Evolve+1"],"picked":"Shrug It Off","floor":23.0},{"not_picked":["ReplayTheSpireMod:Muscle Training","Dark Embrace+1","Dropkick+1"],"picked":"SKIP","floor":25.0},{"not_picked":["Spot Weakness","Anger+1","Heavy Blade+1"],"picked":"SKIP","floor":28.0},{"not_picked":["Power Through","Infernal Blade"],"picked":"Spot Weakness","floor":29.0},{"not_picked":["Burning Pact","Clothesline+1"],"picked":"Shrug It Off","floor":30.0},{"not_picked":["Offering","Demonic Infusion"],"picked":"Corruption+1","floor":33.0},{"not_picked":["Rage","ReplayReversal","Wild Strike+1"],"picked":"SKIP","floor":35.0},{"not_picked":["Flex","Seeing Red","ReplayTheSpireMod:Strike From Hell+1"],"picked":"SKIP","floor":36.0},{"not_picked":["Sword Boomerang+1","Clothesline+1","Berserk+1"],"picked":"SKIP","floor":37.0},{"not_picked":["Replay:Undeath\u0027s Touch+1","Abandon","ReplayTheSpireMod:Corrosion Curse"],"picked":"SKIP","floor":39.0},{"not_picked":["Reckless Charge+1","Pummel+1"],"picked":"Shrug It Off+1","floor":40.0},{"not_picked":["Shockwave","Blood for Blood+1"],"picked":"Pommel Strike+1","floor":42.0},{"not_picked":["Intimidate+1","Heavy Blade+1","Pummel+1"],"picked":"SKIP","floor":44.0},{"not_picked":["ReplayTheSpireMod:Corrosion Curse","Cleave+1","True Grit"],"picked":"SKIP","floor":45.0},{"not_picked":["Feed+1","Shrug It Off","Warcry+1"],"picked":"SKIP","floor":47.0}],"player_experience":246201,"relics_obtained":[{"floor":6.0,"key":"Champion Belt"},{"floor":8.0,"key":"Potion Belt"},{"floor":9.0,"key":"Frozen Egg 2"},{"floor":17.0,"key":"MealTicket"},{"floor":17.0,"key":"ReplayTheSpireMod:Ninjato"},{"floor":17.0,"key":"Incense Burner"},{"floor":23.0,"key":"Replay:Mystery Machine"},{"floor":25.0,"key":"Molten Egg 2"},{"floor":26.0,"key":"Shuriken"},{"floor":29.0,"key":"Golden Egg"},{"floor":40.0,"key":"Smiling Mask"},{"floor":42.0,"key":"StrikeDummy"}],"event_choices":[{"damage_healed":0.0,"max_hp_gain":5.0,"max_hp_loss":0.0,"gold_gain":0.0,"event_name":"Big Fish","player_choice":"Donut","floor":12.0,"gold_loss":0.0,"damage_taken":0.0},{"damage_healed":0.0,"max_hp_gain":0.0,"max_hp_loss":0.0,"gold_gain":0.0,"event_name":"Vampires","player_choice":"Ignored","floor":22.0,"gold_loss":0.0,"damage_taken":0.0},{"damage_healed":0.0,"max_hp_gain":0.0,"max_hp_loss":0.0,"gold_gain":0.0,"event_name":"N\u0027loth","player_choice":"Ignored","floor":24.0,"gold_loss":0.0,"damage_taken":0.0}],"is_beta":true,"boss_relics":[{"not_picked":["Busted Crown","Replay:Bronze Core"],"picked":"Calling Bell"},{"not_picked":["Replay:Ancient Bell","Kintsugi"],"picked":"Empty Cage"}],"items_purged_floors":[19,38,48],"is_endless":false,"potions_floor_spawned":[3,5,6,7,8,20,25,28,29,33,36,39,40,44,45],"killed_by":"Awakened One","ascension_level":20}}