{"host":"c83fcgyuu74iknko","time":1613308071,"event":{"mods":["BaseMod","BetterRewards","Colored Map","Colored Powertips","Minty Spire (QoL Compilation)","Quick Restart","StSLib","The Animator","The Senshi"],"gold_per_floor":[122,140,11,11,11,11,11,11,11,42,59,91,121,132,132,235,235,254,289,189,189,114,114,114,114],"floor_reached":24,"language":"ENG","playtime":804,"items_purged":["animator:Strike","animator:Eve"],"score":219,"play_id":"d11c18a8-eb92-4436-b538-db7f630b914e","local_time":"20210214050751","is_ascension_mode":false,"campfire_choices":[{"data":"animator:Millim+1","floor":6,"key":"SMITH"},{"data":"animator:Millim+2","floor":8,"key":"SMITH"},{"data":"animator:Millim+3","floor":15,"key":"SMITH"},{"data":"animator:Millim+5","floor":23,"key":"SMITH"}],"circlet_count":0,"master_deck":["animator:Defend_TenSura","animator:Benimaru","animator:Shuna","animator:Shion","animator:Millim+6","animator:Hakurou","animator:Kaijin","animator:Rimuru","animator:Shion","animator:Benimaru","animator:Hakurou","animator:Shuna"],"relics":["animator:LivingPicture","animator:TheMissingPiece","NeowsBlessing","Sundial","Red Skull","Mercury Hourglass","animator:RacePiece","Red Mask"],"acts_visited":["Exordium","TheCity"],"potions_floor_usage":[16,16,18,24,24],"damage_taken":[{"damage":0,"enemies":"Small Slimes","floor":1,"turns":1},{"damage":0,"enemies":"2 Louse","floor":2,"turns":1},{"damage":0,"enemies":"3 Sentries","floor":10,"turns":1},{"damage":0,"enemies":"Jaw Worm","floor":11,"turns":3},{"damage":10,"enemies":"Lots of Slimes","floor":12,"turns":3},{"damage":0,"enemies":"2 Fungi Beasts","floor":13,"turns":4},{"damage":13,"enemies":"Looter","floor":14,"turns":3},{"damage":27,"enemies":"Slime Boss","floor":16,"turns":4},{"damage":20,"enemies":"2 Thieves","floor":18,"turns":3},{"damage":45,"enemies":"Masked Bandits","floor":19,"turns":4},{"damage":4,"enemies":"Book of Stabbing","floor":24,"turns":2}],"seed_played":"-4311503217479142463","potions_obtained":[{"floor":1,"key":"SteroidPotion"},{"floor":11,"key":"AttackPotion"},{"floor":13,"key":"DuplicationPotion"},{"floor":14,"key":"animator:FalseLifePotion"},{"floor":16,"key":"DistilledChaos"},{"floor":19,"key":"EssenceOfSteel"}],"is_trial":false,"path_per_floor":["M","M","$","?","?","R","T","R","T","E","M","M","M","M","R","B",null,"M","?","$","?","?","R","E"],"character_chosen":"THE_ANIMATOR","items_purchased":["animator:Millim"],"campfire_rested":0,"item_purchase_floors":[3],"current_hp_per_floor":[66,66,66,59,59,59,59,59,59,59,60,50,50,37,37,11,68,48,3,3,3,3,3,0,0],"gold":114,"neow_bonus":"THREE_ENEMY_KILL","is_daily":false,"chose_seed":false,"campfire_upgraded":4,"win_rate":0.0,"timestamp":1613308071,"path_taken":["M","M","$","?","?","R","?","R","T","E","?","M","M","M","R","BOSS","M","?","$","?","?","R","E"],"items_purchased_type":["Card"],"build_version":"2020-12-22","purchased_purges":2,"victory":false,"max_hp_per_floor":[66,66,66,66,66,66,66,66,66,66,67,67,67,67,67,68,68,68,68,68,68,68,68,68,68],"card_choices":[{"not_picked":["animator:Ain","animator:NarberalGamma"],"picked":"animator:Shion","floor":1},{"not_picked":["animator:Chung","animator:Tyuule","animator:Tatsumaki"],"picked":"SKIP","floor":2},{"not_picked":["animator:OrikoMikuni","animator:Albedo","animator:Arpeggio"],"picked":"SKIP","floor":10},{"not_picked":["animator:Benimaru","animator:Shion"],"picked":"animator:Hakurou","floor":11},{"not_picked":["animator:Ara","animator:Elsword"],"picked":"animator:Kaijin","floor":12},{"not_picked":["animator:Ciel","animator:Rena"],"picked":"animator:Eve","floor":13},{"not_picked":["animator:Tyuule","animator:MumenRider","animator:Shion"],"picked":"SKIP","floor":14},{"not_picked":["animator:Boros","animator:ItamiYouji"],"picked":"animator:Rimuru","floor":16},{"not_picked":["animator:Shion","animator:Hakurou"],"picked":"animator:Millim","floor":18},{"not_picked":["animator:MetalKnight","animator:YachiyoNanami"],"picked":"animator:Shuna","floor":19}],"player_experience":280294,"relics_obtained":[{"floor":7,"key":"Sundial"},{"floor":9,"key":"Red Skull"},{"floor":10,"key":"Mercury Hourglass"},{"floor":19,"key":"Red Mask"}],"event_choices":[{"cards_removed":["animator:Strike"],"damage_healed":0,"gold_gain":0,"player_choice":"Card Removal","damage_taken":7,"max_hp_gain":0,"max_hp_loss":0,"event_name":"Golden Wing","floor":4,"gold_loss":0},{"damage_healed":0,"gold_gain":0,"player_choice":"Grow","damage_taken":0,"max_hp_gain":0,"max_hp_loss":0,"event_name":"Living Wall","floor":5,"gold_loss":0,"cards_upgraded":["animator:Millim"]},{"damage_healed":0,"gold_gain":0,"player_choice":"Fought Bandits","damage_taken":0,"max_hp_gain":0,"max_hp_loss":0,"event_name":"Masked Bandits","floor":19,"gold_loss":0},{"cards_removed":["animator:Defend"],"damage_healed":0,"gold_gain":0,"player_choice":"Elegance","damage_taken":0,"max_hp_gain":0,"max_hp_loss":0,"event_name":"Back to Basics","floor":21,"gold_loss":0},{"cards_removed":["animator:Strike_TenSura"],"damage_healed":0,"gold_gain":0,"player_choice":"Gave Gold","damage_taken":0,"max_hp_gain":0,"max_hp_loss":0,"event_name":"Beggar","floor":22,"gold_loss":75}],"is_beta":false,"boss_relics":[{"not_picked":["Tiny House","Black Star"],"picked":"animator:RacePiece"}],"items_purged_floors":[3,20],"is_endless":false,"potions_floor_spawned":[1,11,13,14,16,19],"killed_by":"Book of Stabbing","ascension_level":0}}