{"host":"eaiphzh066bwqdh7","time":1613263383,"event":{"mods":["BaseMod","Better Note","Halation","Hubris","Minty Spire (QoL Compilation)","Reliquary","Replay The Spire","StSLib"],"gold_per_floor":[116,116,41,60,60,60,91,12,12,12,12,12,33,58,58,178,178,203,226,166,66,87,87,12,12,39,60,60,101,101,101,101,101,101],"floor_reached":33,"language":"ENG","playtime":705,"items_purged":["Defend_B","Injury"],"score":313,"play_id":"5f0d9761-47d8-41f1-8a5d-3fccb1d26db3","local_time":"20210213194303","is_ascension_mode":true,"campfire_choices":[{"data":"Ball Lightning","floor":6,"key":"SMITH"},{"floor":10,"key":"REST"},{"data":"White Noise","floor":12,"key":"SMITH"},{"floor":15,"key":"REST"},{"floor":23,"key":"REST"},{"floor":32,"key":"REST"}],"circlet_count":0,"master_deck":["Strike_B","Strike_B","Defend_B","Defend_B","Zap+1","Dualcast","Ball Lightning+1","Sweeping Beam","Streamline","White Noise+1","Melter","Core Surge","Glacier","Hello World","Shame"],"relics":["Cracked Core","Golden Idol","Chameleon Ring","reliquary:ShortFuse","halation:Gekota","Peace Pipe","Tiny Chest","Replay:WaspNest"],"acts_visited":["Exordium","TheCity"],"potions_floor_usage":[22,27],"damage_taken":[{"damage":2,"enemies":"Jaw Worm","floor":1,"turns":2},{"damage":0,"enemies":"Cultist","floor":4,"turns":2},{"damage":32,"enemies":"Gremlin Nob","floor":7,"turns":4},{"damage":3,"enemies":"Small Slimes","floor":13,"turns":2},{"damage":6,"enemies":"Looter","floor":14,"turns":2},{"damage":58,"enemies":"Hexaghost","floor":16,"turns":7},{"damage":11,"enemies":"Spheric Guardian","floor":18,"turns":3},{"damage":7,"enemies":"Chosen","floor":19,"turns":3},{"damage":8,"enemies":"3 Cultists","floor":22,"turns":4},{"damage":0,"enemies":"Sentry and Sphere","floor":27,"turns":3},{"damage":50,"enemies":"Gremlin Leader","floor":29,"turns":7},{"damage":70,"enemies":"Collector","floor":33,"turns":6}],"seed_played":"-3842805883794179219","potions_obtained":[{"floor":1,"key":"FearPotion"},{"floor":18,"key":"Adrenaline Potion"},{"floor":22,"key":"PowerPotion"},{"floor":29,"key":"Milkshake"}],"is_trial":false,"path_per_floor":["M","?","$","M","?","R","E","$","T","R","?","R","M","M","R","B",null,"M","M","?","$","M","R","?","?","T","M","$","E","?","?","R","B"],"character_chosen":"DEFECT","items_purchased":["White Noise"],"campfire_rested":4,"item_purchase_floors":[8],"current_hp_per_floor":[73,73,73,73,73,73,41,41,41,63,63,63,60,54,75,17,75,64,57,57,57,49,71,71,71,71,71,71,21,21,21,43,0,0],"gold":101,"neow_bonus":"UPGRADE_CARD","is_daily":false,"chose_seed":false,"campfire_upgraded":2,"win_rate":0.0,"timestamp":1613263383,"path_taken":["M","?","?","?","?","R","E","$","T","R","?","R","M","?","R","BOSS","M","M","?","$","M","R","?","?","T","M","?","E","?","?","R","BOSS"],"items_purchased_type":["Card"],"build_version":"2020-12-22","purchased_purges":2,"victory":false,"max_hp_per_floor":[75,75,75,75,75,75,75,75,75,75,75,75,75,75,75,75,75,75,75,75,75,75,75,75,75,75,75,75,75,75,75,75,75,75],"card_choices":[{"not_picked":["Skim","BasicCrystalCard"],"picked":"Ball Lightning","floor":1},{"not_picked":["Hologram","BasicCrystalCard"],"picked":"Sweeping Beam","floor":4},{"not_picked":["Hello World","Go for the Eyes"],"picked":"Streamline","floor":7},{"not_picked":["Rebound","Panic Button"],"picked":"Melter","floor":13},{"not_picked":["Coolheaded","ReplayTheSpireMod:System Scan","Streamline"],"picked":"SKIP","floor":14},{"not_picked":["ReplayTheSpireMod:Fabricate Wheel","Multi-Cast"],"picked":"Core Surge","floor":16},{"not_picked":["Panic Button","Beam Cell","Go for the Eyes"],"picked":"SKIP","floor":18},{"not_picked":["Turbo+1","Coolheaded"],"picked":"Glacier","floor":19},{"not_picked":["Ball Lightning","Stack"],"picked":"Hello World","floor":22},{"not_picked":["Rebound","Ball Lightning","Stack"],"picked":"SKIP","floor":27},{"not_picked":["Undo","Hologram","Beam Cell"],"picked":"SKIP","floor":29}],"player_experience":309076,"relics_obtained":[{"floor":7,"key":"Chameleon Ring"},{"floor":9,"key":"reliquary:ShortFuse"},{"floor":26,"key":"Tiny Chest"},{"floor":29,"key":"Replay:WaspNest"}],"event_choices":[{"cards_removed":["Strike_B"],"damage_healed":0,"gold_gain":0,"player_choice":"Offered Basic","damage_taken":0,"max_hp_gain":0,"max_hp_loss":0,"event_name":"Bonfire Elementals","floor":2,"gold_loss":0},{"damage_healed":0,"gold_gain":0,"player_choice":"Take Wound","damage_taken":0,"relics_obtained":["Golden Idol"],"max_hp_gain":0,"max_hp_loss":0,"event_name":"Golden Idol","floor":5,"gold_loss":0,"cards_obtained":["Injury"]},{"damage_healed":0,"gold_gain":0,"player_choice":"Gave Potion","damage_taken":0,"relics_obtained":["halation:Gekota"],"max_hp_gain":0,"max_hp_loss":0,"event_name":"WeMeetAgain","floor":11,"gold_loss":0},{"cards_removed":["Strike_B"],"damage_healed":0,"gold_gain":0,"player_choice":"Gave Gold","damage_taken":0,"max_hp_gain":0,"max_hp_loss":0,"event_name":"Beggar","floor":24,"gold_loss":75},{"damage_healed":0,"gold_gain":0,"player_choice":"Stole Relic","damage_taken":0,"relics_obtained":["Peace Pipe"],"max_hp_gain":0,"max_hp_loss":0,"event_name":"Addict","floor":25,"gold_loss":0,"cards_obtained":["Shame"]},{"cards_removed":["Defend_B"],"damage_healed":0,"gold_gain":0,"player_choice":"Elegance","damage_taken":0,"max_hp_gain":0,"max_hp_loss":0,"event_name":"Back to Basics","floor":30,"gold_loss":0},{"damage_healed":0,"gold_gain":0,"player_choice":"Ignored","damage_taken":0,"max_hp_gain":0,"max_hp_loss":0,"event_name":"N\u0027loth","floor":31,"gold_loss":0}],"is_beta":false,"boss_relics":[{"not_picked":["hubris:TerracottaHorce","hubris:BlackHole","Replay:Ancient Bell"]}],"items_purged_floors":[3,21],"is_endless":false,"potions_floor_spawned":[1,18,22,29],"killed_by":"Collector","ascension_level":4}}