{"host":"vex7walpoxzv48nx","time":1613322662,"event":{"mods":["AchievementEnabler","BaseMod","Highlight Path","Minty Spire (QoL Compilation)","Permanent Neow","Quick Restart","StSLib","UnlockEverythingMod"],"gold_per_floor":[117,117,117,117,135,145,145,70,97,114,114,125,145,145,145,247,247,258,258,258,258,109,109,127,127,127,2,14,14,44,44,44,148,148,159,177,27,27,27,27,27,27,51,69,87,100,111,111,111,111,111],"floor_reached":50,"language":"ENG","playtime":2733,"items_purged":["Defend_B","Strike_B","Dualcast+1","Zap+1"],"score":475,"play_id":"a9fa22b4-3f31-4c39-8450-79a71b8e64c8","local_time":"20210214181102","is_ascension_mode":false,"campfire_choices":[{"data":"Dualcast","floor":7.0,"key":"SMITH"},{"data":"Streamline","floor":11.0,"key":"SMITH"},{"data":"Defend_B","floor":15.0,"key":"SMITH"},{"data":"Coolheaded","floor":23.0,"key":"SMITH"},{"data":"Gash","floor":25.0,"key":"SMITH"},{"floor":32,"key":"REST"},{"floor":40,"key":"REST"},{"floor":49,"key":"REST"}],"circlet_count":0,"master_deck":["Defend_B+1","Defend_B+1","Streamline+1","Gash+1","Coolheaded+1"],"relics":["Empty Cage"],"acts_visited":["Exordium","TheCity","TheBeyond"],"potions_floor_usage":[33,33,35,35,45,47,50],"damage_taken":[{"damage":5.0,"enemies":"Small Slimes","floor":1.0,"turns":4.0},{"damage":0.0,"enemies":"2 Louse","floor":5.0,"turns":1.0},{"damage":1.0,"enemies":"Jaw Worm","floor":6.0,"turns":3.0},{"damage":0.0,"enemies":"Red Slaver","floor":10.0,"turns":3.0},{"damage":4.0,"enemies":"2 Fungi Beasts","floor":12.0,"turns":2.0},{"damage":0.0,"enemies":"3 Louse","floor":13.0,"turns":2.0},{"damage":24.0,"enemies":"Hexaghost","floor":16.0,"turns":9.0},{"damage":2.0,"enemies":"Spheric Guardian","floor":18.0,"turns":3.0},{"damage":6.0,"enemies":"3 Byrds","floor":24.0,"turns":4.0},{"damage":0.0,"enemies":"Snecko","floor":28.0,"turns":4.0},{"damage":35,"enemies":"Slavers","floor":30,"turns":6},{"damage":18,"enemies":"Collector","floor":33,"turns":9},{"damage":1,"enemies":"3 Shapes","floor":35,"turns":5},{"damage":11,"enemies":"3 Darklings","floor":36,"turns":5},{"damage":19,"enemies":"Writhing Mass","floor":44,"turns":7},{"damage":9,"enemies":"4 Shapes","floor":45,"turns":4},{"damage":11,"enemies":"3 Darklings","floor":46,"turns":5},{"damage":9,"enemies":"Jaw Worm Horde","floor":47,"turns":4},{"damage":73,"enemies":"Time Eater","floor":50,"turns":9}],"seed_played":"-469599838655712446","potions_obtained":[{"floor":1.0,"key":"LiquidMemories"},{"floor":5.0,"key":"EntropicBrew"},{"floor":6.0,"key":"EssenceOfSteel"},{"floor":44,"key":"Explosive Potion"}],"is_trial":false,"path_per_floor":["M","?","?","?","M","M","R","$","T","M","R","M","M","?","R","B",null,"M","T","?","?","$","R","M","R","T","$","M","?","E","$","R","B",null,"M","M","$","?","$","R","$","?","T","M","M","M","M","?","R","B"],"character_chosen":"DEFECT","items_purchased":["Coolheaded"],"campfire_rested":3,"item_purchase_floors":[22],"current_hp_per_floor":[70,75,59,59,59,58,58,58,58,58,58,54,54,54,54,30,80,78,78,78,78,78,78,72,72,72,72,72,72,37,37,61,43,80,79,68,68,68,68,80,80,80,80,61,52,41,32,32,56,0,0],"gold":111,"neow_bonus":"BOSS_RELIC","is_daily":false,"chose_seed":true,"campfire_upgraded":5,"win_rate":0.0,"timestamp":1613322662,"path_taken":["M","?","?","?","?","M","R","?","T","M","R","M","M","?","R","BOSS","M","?","?","?","?","R","M","R","T","$","M","?","E","$","R","BOSS","M","M","$","?","?","R","$","?","T","M","?","M","M","?","R","BOSS"],"items_purchased_type":["Card"],"build_version":"2020-12-22","purchased_purges":4,"victory":false,"max_hp_per_floor":[75,80,80,80,80,80,80,80,80,80,80,80,80,80,80,80,80,80,80,80,80,80,80,80,80,80,80,80,80,80,80,80,80,80,80,80,80,80,80,80,80,80,80,80,80,80,80,80,80,80,80],"card_choices":[{"not_picked":["Sweeping Beam","Doom and Gloom","Darkness"],"picked":"SKIP","floor":1.0},{"not_picked":["Loop","Redo","Scrape"],"picked":"SKIP","floor":5.0},{"not_picked":["Go for the Eyes","Chill","Reprogram"],"picked":"SKIP","floor":6.0},{"not_picked":["Chaos","Barrage"],"picked":"Streamline","floor":10.0},{"not_picked":["Stack","Aggregate","Turbo"],"picked":"SKIP","floor":12.0},{"not_picked":["Go for the Eyes","Reprogram"],"picked":"Gash","floor":13.0},{"not_picked":["Ball Lightning+1","Melter","Rebound"],"picked":"SKIP","floor":18.0},{"not_picked":["Sweeping Beam","Static Discharge+1","Hello World+1"],"picked":"SKIP","floor":24.0},{"not_picked":["Barrage","Consume+1","Go for the Eyes+1"],"picked":"SKIP","floor":28.0},{"not_picked":["Sweeping Beam+1","Streamline+1","Static Discharge"],"picked":"SKIP","floor":30},{"not_picked":["Leap","Double Energy","Turbo+1"],"picked":"SKIP","floor":35},{"not_picked":["Cold Snap+1","Reprogram+1","Sunder"],"picked":"SKIP","floor":36},{"not_picked":["Darkness+1","Leap","Redo+1"],"picked":"SKIP","floor":44},{"not_picked":["Loop","Barrage","Conserve Battery+1"],"picked":"SKIP","floor":45},{"not_picked":["Cold Snap+1","Auto Shields+1","Reinforced Body+1"],"picked":"SKIP","floor":46},{"not_picked":["Reinforced Body","Rebound","Blizzard+1"],"picked":"SKIP","floor":47}],"player_experience":186488,"relics_obtained":[],"event_choices":[{"damage_healed":0.0,"max_hp_gain":5.0,"max_hp_loss":0.0,"gold_gain":0.0,"event_name":"Big Fish","player_choice":"Donut","floor":2.0,"gold_loss":0.0,"damage_taken":0.0},{"damage_healed":0.0,"max_hp_gain":0.0,"max_hp_loss":0.0,"gold_gain":0.0,"event_name":"Shining Light","player_choice":"Entered Light","floor":3.0,"gold_loss":0.0,"damage_taken":16.0,"cards_upgraded":["Zap","Defend_B"]},{"cards_removed":["Strike_B"],"damage_healed":0.0,"max_hp_gain":0.0,"max_hp_loss":0.0,"gold_gain":0.0,"event_name":"Living Wall","player_choice":"Forget","floor":4.0,"gold_loss":0.0,"damage_taken":0.0},{"cards_removed":["Strike_B"],"damage_healed":0.0,"max_hp_gain":0.0,"max_hp_loss":0.0,"gold_gain":0.0,"event_name":"Bonfire Elementals","player_choice":"Offered Basic","floor":14.0,"gold_loss":0.0,"damage_taken":0.0},{"damage_healed":0.0,"max_hp_gain":0.0,"max_hp_loss":0.0,"gold_gain":0.0,"event_name":"Vampires","player_choice":"Ignored","floor":21.0,"gold_loss":0.0,"damage_taken":0.0},{"damage_healed":0.0,"max_hp_gain":0.0,"max_hp_loss":0.0,"gold_gain":0.0,"event_name":"The Mausoleum","player_choice":"Ignored","floor":29.0,"gold_loss":0.0,"damage_taken":0.0},{"damage_healed":0,"gold_gain":0,"player_choice":"Memory 1","damage_taken":0,"max_hp_gain":0,"max_hp_loss":0,"event_name":"SensoryStone","floor":38,"gold_loss":0},{"damage_healed":0,"gold_gain":0,"player_choice":"Ignored","damage_taken":0,"max_hp_gain":0,"max_hp_loss":0,"event_name":"WeMeetAgain","floor":42,"gold_loss":0},{"damage_healed":0,"gold_gain":0,"player_choice":"Ignored","damage_taken":0,"max_hp_gain":0,"max_hp_loss":0,"event_name":"Tomb of Lord Red Mask","floor":48,"gold_loss":0}],"is_beta":false,"boss_relics":[{"not_picked":[]},{"not_picked":["Runic Pyramid","SacredBark","Tiny House"]}],"items_purged_floors":[8,22,27,37],"is_endless":false,"potions_floor_spawned":[1,5,6,12,24,44],"killed_by":"Time Eater","ascension_level":0}}