{"host":"nc4yx0rr2icfz9m0","time":1613288974,"event":{"mods":["BaseMod","Colored Powertips","Minty Spire (QoL Compilation)","Shop Mod"],"gold_per_floor":[211,211,211,40,57,57,87,107,160,194,208,226,246,259,259,360,360,375,389,208,228,327,360,375,375,398,414,414,414,431,451,451,546,546,558,568,618,618,718,746,765,780,780,800,800,129,129,146,146,146],"floor_reached":51,"language":"ZHS","playtime":3290,"items_purged":["Terror"],"score":865,"play_id":"02c49f02-54ea-498e-8a9b-f15f43419414","local_time":"20210214154934","is_ascension_mode":false,"campfire_choices":[{"data":"Venomology","floor":6,"key":"SMITH"},{"data":"Cloak And Dagger","floor":15,"key":"SMITH"},{"data":"Bullet Time","floor":29,"key":"SMITH"},{"floor":32,"key":"REST"},{"floor":45,"key":"REST"},{"floor":47,"key":"REST"},{"floor":49,"key":"REST"}],"circlet_count":0,"master_deck":["Strike_G","Strike_G","Strike_G","Strike_G","Strike_G","Defend_G","Defend_G","Defend_G","Defend_G+1","Defend_G","Survivor","Neutralize","Flying Knee","Venomology+1","Dagger Throw","Blade Dance+1","Quick Slash","Reflex","Dagger Throw","Blade Dance","PiercingWail","Cloak And Dagger+1","Quick Slash","Flying Knee","Bullet Time+1","CurseOfTheBell","Infinite Blades","Backstab+1","Acrobatics","Cloak And Dagger","Accuracy","Prepared+1","Expertise+1","Blade Dance+1","Backstab","Cloak And Dagger+1","Doppelganger+1","Accuracy+1","Sucker Punch","Cloak And Dagger+1","Quick Slash+1","Prepared+1","Distraction+1","Parasite","Terror+1","Deflect+1","Secret Weapon+1","All Out Attack+1"],"relics":["Ring of the Snake","Blood Vial","Lantern","Mercury Hourglass","War Paint","Bird Faced Urn","Calling Bell","Bronze Scales","Matryoshka","Mango","Potion Belt","Ancient Tea Set","Toxic Egg 2","Shuriken","Strawberry","Runic Pyramid","Thread and Needle","Smiling Mask","White Beast Statue","Boot","HornCleat","Frozen Eye"],"acts_visited":["Exordium","TheCity","TheBeyond"],"potions_floor_usage":[7,7,7,10,11,12,16,16,18,18,18,19,21,27,27,31,33,33,37,37,40,40,42,50,50,50],"damage_taken":[{"damage":1,"enemies":"2 Louse","floor":1,"turns":5},{"damage":0,"enemies":"Small Slimes","floor":5,"turns":2},{"damage":16,"enemies":"Gremlin Nob","floor":7,"turns":3},{"damage":0,"enemies":"Cultist","floor":8,"turns":3},{"damage":5,"enemies":"Lagavulin","floor":10,"turns":5},{"damage":6,"enemies":"Gremlin Gang","floor":11,"turns":2},{"damage":0,"enemies":"3 Louse","floor":12,"turns":1},{"damage":5,"enemies":"Large Slime","floor":13,"turns":4},{"damage":0,"enemies":"Lots of Slimes","floor":14,"turns":2},{"damage":0,"enemies":"Slime Boss","floor":16,"turns":4},{"damage":0,"enemies":"Shell Parasite","floor":18,"turns":3},{"damage":11,"enemies":"Spheric Guardian","floor":19,"turns":4},{"damage":5,"enemies":"Cultist and Chosen","floor":21,"turns":4},{"damage":27,"enemies":"Book of Stabbing","floor":23,"turns":4},{"damage":4,"enemies":"Centurion and Healer","floor":24,"turns":6},{"damage":0,"enemies":"3 Cultists","floor":27,"turns":3},{"damage":6,"enemies":"Shelled Parasite and Fungi","floor":30,"turns":2},{"damage":0,"enemies":"Snecko","floor":31,"turns":2},{"damage":38,"enemies":"Collector","floor":33,"turns":7},{"damage":14,"enemies":"3 Darklings","floor":35,"turns":4},{"damage":33,"enemies":"3 Shapes","floor":36,"turns":2},{"damage":0,"enemies":"Mind Bloom Boss Battle","floor":37,"turns":3},{"damage":19,"enemies":"Reptomancer","floor":40,"turns":6},{"damage":0,"enemies":"3 Darklings","floor":41,"turns":4},{"damage":4,"enemies":"Spire Growth","floor":42,"turns":3},{"damage":29,"enemies":"Writhing Mass","floor":44,"turns":4},{"damage":12,"enemies":"Sphere and 2 Shapes","floor":48,"turns":2},{"damage":65,"enemies":"Awakened One","floor":50,"turns":8}],"seed_played":"5413681745339084563","potions_obtained":[{"floor":5,"key":"Poison Potion"},{"floor":7,"key":"LiquidMemories"},{"floor":10,"key":"SteroidPotion"},{"floor":11,"key":"Fire Potion"},{"floor":18,"key":"BlessingOfTheForge"},{"floor":19,"key":"GhostInAJar"},{"floor":21,"key":"LiquidBronze"},{"floor":24,"key":"AttackPotion"},{"floor":27,"key":"GamblersBrew"},{"floor":36,"key":"LiquidBronze"},{"floor":41,"key":"Fire Potion"},{"floor":42,"key":"Block Potion"},{"floor":44,"key":"SteroidPotion"},{"floor":48,"key":"Strength Potion"}],"is_trial":false,"path_per_floor":["M","?","?","$","M","R","E","M","T","E","M","M","M","M","R","B",null,"M","M","$","M","?","E","M","?","T","M","?","R","M","M","R","B",null,"M","M","?","?","?","E","M","M","T","M","R","$","R","M","R","B",null],"character_chosen":"THE_SILENT","items_purchased":["Blade Dance","Lantern","Potion Belt","Terror","Deflect+1","HornCleat","Frozen Eye","Secret Weapon+1"],"campfire_rested":4,"item_purchase_floors":[4,4,20,20,46,46,46,46],"current_hp_per_floor":[69,66,66,66,68,68,54,56,56,53,49,51,48,50,50,52,84,84,73,73,72,72,47,47,47,54,58,58,58,56,58,85,53,91,79,52,56,56,56,43,47,45,45,20,47,47,74,66,91,28],"gold":146,"neow_bonus":"HUNDRED_GOLD","is_daily":false,"chose_seed":false,"campfire_upgraded":3,"win_rate":0.0,"timestamp":1613288974,"path_taken":["M","?","?","$","M","R","E","M","T","E","M","?","?","M","R","BOSS","M","M","$","M","?","E","M","?","T","M","?","R","?","M","R","BOSS","M","M","?","?","?","E","M","?","T","M","R","$","R","M","R","BOSS"],"items_purchased_type":["Card","Relic","Relic","Card","Card","Relic","Relic","Card"],"build_version":"2020-12-22","purchased_purges":1,"victory":true,"max_hp_per_floor":[70,70,70,70,70,70,70,70,70,70,70,70,70,70,70,70,84,84,84,84,84,84,84,84,84,91,91,91,91,91,91,91,91,91,91,91,91,91,91,91,91,91,91,91,91,91,91,91,91,91],"card_choices":[{"not_picked":["Deadly Poison","Dagger Throw"],"picked":"Flying Knee","floor":1},{"not_picked":["PiercingWail","Poisoned Stab"],"picked":"Quick Slash","floor":5},{"not_picked":["Dagger Throw","Noxious Fumes"],"picked":"Reflex","floor":7},{"not_picked":["Tactician","Well Laid Plans"],"picked":"Dagger Throw","floor":8},{"not_picked":["Bullet Time","Prepared"],"picked":"Blade Dance","floor":10},{"not_picked":["All Out Attack","Tactician"],"picked":"PiercingWail","floor":11},{"not_picked":["Dodge and Roll","Flying Knee"],"picked":"Cloak And Dagger","floor":12},{"not_picked":["Masterful Stab","Envenom"],"picked":"Quick Slash","floor":13},{"not_picked":["Dodge and Roll","Poisoned Stab"],"picked":"Flying Knee","floor":14},{"not_picked":["Glass Knife","Night Terror"],"picked":"Bullet Time","floor":16},{"not_picked":["Quick Slash","Masterful Stab"],"picked":"Infinite Blades","floor":18},{"not_picked":["Sucker Punch","Dagger Spray"],"picked":"Backstab+1","floor":19},{"not_picked":["Prepared","Backflip"],"picked":"Acrobatics","floor":21},{"not_picked":["Dagger Spray","Footwork"],"picked":"Cloak And Dagger","floor":23},{"not_picked":["Sucker Punch+1","Dagger Spray"],"picked":"Accuracy","floor":24},{"not_picked":["Noxious Fumes","Envenom"],"picked":"Prepared+1","floor":27},{"not_picked":["Deadly Poison+1","Acrobatics+1"],"picked":"Backstab","floor":30},{"not_picked":["Heel Hook+1","Bane+1"],"picked":"Cloak And Dagger+1","floor":31},{"not_picked":["Unload","Glass Knife"],"picked":"Doppelganger+1","floor":33},{"not_picked":["Flechettes+1","Outmaneuver+1"],"picked":"Accuracy+1","floor":35},{"not_picked":["Bouncing Flask+1","Dagger Throw"],"picked":"Sucker Punch","floor":36},{"not_picked":["Skewer","Blade Dance+1"],"picked":"Cloak And Dagger+1","floor":37},{"not_picked":["Unload","Sucker Punch+1"],"picked":"Quick Slash+1","floor":40},{"not_picked":["Deadly Poison+1","Noxious Fumes"],"picked":"Prepared+1","floor":41},{"not_picked":["Wraith Form v2","Leg Sweep+1"],"picked":"Distraction+1","floor":42},{"not_picked":["Dagger Spray","Bouncing Flask+1"],"picked":"Terror+1","floor":44},{"not_picked":["Bouncing Flask+1","Poisoned Stab"],"picked":"All Out Attack+1","floor":48}],"player_experience":20544,"relics_obtained":[{"floor":7,"key":"Mercury Hourglass"},{"floor":9,"key":"War Paint"},{"floor":10,"key":"Bird Faced Urn"},{"floor":17,"key":"Bronze Scales"},{"floor":17,"key":"Matryoshka"},{"floor":17,"key":"Mango"},{"floor":23,"key":"Ancient Tea Set"},{"floor":26,"key":"Shuriken"},{"floor":26,"key":"Strawberry"},{"floor":37,"key":"Thread and Needle"},{"floor":40,"key":"Smiling Mask"},{"floor":43,"key":"White Beast Statue"},{"floor":43,"key":"Boot"}],"event_choices":[{"damage_healed":0,"gold_gain":0,"player_choice":"Success","damage_taken":3,"relics_obtained":["Blood Vial"],"max_hp_gain":0,"max_hp_loss":0,"event_name":"Scrap Ooze","floor":2,"gold_loss":0},{"damage_healed":0,"gold_gain":0,"player_choice":"2 cards matched","damage_taken":0,"max_hp_gain":0,"max_hp_loss":0,"event_name":"Match and Keep!","floor":3,"gold_loss":0,"cards_obtained":["Venomology","Dagger Throw"]},{"damage_healed":0,"gold_gain":99,"player_choice":"Stole From Cult","damage_taken":0,"max_hp_gain":0,"max_hp_loss":0,"event_name":"Nest","floor":22,"gold_loss":0},{"damage_healed":0,"gold_gain":0,"player_choice":"Opened","damage_taken":0,"relics_obtained":["Toxic Egg 2"],"max_hp_gain":0,"max_hp_loss":0,"event_name":"The Mausoleum","floor":25,"gold_loss":0},{"damage_healed":0,"gold_gain":0,"player_choice":"2 cards matched","damage_taken":0,"max_hp_gain":0,"max_hp_loss":0,"event_name":"Match and Keep!","floor":28,"gold_loss":0,"cards_obtained":["Expertise","Blade Dance"]},{"damage_healed":0,"gold_gain":0,"player_choice":"Fight","damage_taken":0,"max_hp_gain":0,"max_hp_loss":0,"event_name":"MindBloom","floor":37,"gold_loss":0},{"damage_healed":0,"gold_gain":0,"player_choice":"Ignored","damage_taken":0,"max_hp_gain":0,"max_hp_loss":0,"event_name":"Tomb of Lord Red Mask","floor":38,"gold_loss":0},{"damage_healed":0,"gold_gain":100,"player_choice":"Pray","damage_taken":0,"max_hp_gain":0,"max_hp_loss":0,"event_name":"Golden Shrine","floor":39,"gold_loss":0}],"is_beta":false,"boss_relics":[{"not_picked":["Cursed Key","Coffee Dripper"],"picked":"Calling Bell"},{"not_picked":["HoveringKite","Ring of the Serpent"],"picked":"Runic Pyramid"}],"items_purged_floors":[46],"is_endless":false,"potions_floor_spawned":[5,7,10,11,18,19,21,24,27,36,41,42,44,48],"ascension_level":0}}