{"host":"a20qfyjn5xm2mdxh","time":1613291123,"event":{"mods":["BaseMod","Downfall","Hermit","Minty Spire (QoL Compilation)","Reliquary","Replay The Spire","StSLib"],"gold_per_floor":[99,116,132,145,43,71,71,71,86,186,246,264,64,49,63,63,63,63],"floor_reached":16,"language":"ZHS","playtime":1316,"items_purged":["Pain"],"score":127,"play_id":"0c035257-b89a-488e-af79-c700a8c74139","local_time":"20210214162523","is_ascension_mode":false,"campfire_choices":[{"floor":1,"key":"RECALL"},{"data":"1","floor":8,"key":"LIFT"},{"data":"2","floor":13,"key":"LIFT"}],"circlet_count":0,"master_deck":["bronze:Strike","bronze:Strike","bronze:Strike","bronze:Strike","bronze:Defend","bronze:Defend","bronze:Defend","bronze:Defend","bronze:Replicate","bronze:Goto","bronze:DelayedSlice","bronze:ChosenStrike","expansioncontent:AwakenDeath","bronze:Break","bronze:Goto","bronze:BugBarrage","bronze:Repulsor","bronze:AlphaBuild","Deep Breath","Parasite","bronze:CleanCode"],"relics":["bronze:BronzeCore","Girya","downfall:GremlinSack","ReplayTheSpireMod:CursedCoin","downfall:HeartBlessingRed","downfall:HeartBlessingBlue"],"acts_visited":["Exordium"],"potions_floor_usage":[],"damage_taken":[{"damage":0,"enemies":"Cultist","floor":2,"turns":4},{"damage":1,"enemies":"Jaw Worm","floor":3,"turns":4},{"damage":0,"enemies":"Small Slimes","floor":4,"turns":3},{"damage":5,"enemies":"downfall:FleeingMerchant","floor":5,"turns":4},{"damage":4,"enemies":"Replay:BlueRogue","floor":6,"turns":5},{"damage":3,"enemies":"3 Louse","floor":9,"turns":3},{"damage":27,"enemies":"3 Louse","floor":10,"turns":4},{"damage":3,"enemies":"downfall:FleeingMerchant","floor":11,"turns":4},{"damage":13,"enemies":"Lots of Slimes","floor":12,"turns":3},{"damage":22,"enemies":"downfall:FleeingMerchant","floor":14,"turns":4},{"damage":10,"enemies":"Exordium Thugs","floor":15,"turns":2},{"damage":38,"enemies":"SI_SHIV_ARCHETYPE","floor":16,"turns":6}],"seed_played":"-7551359363486054153","potions_obtained":[{"floor":3,"key":"BlessingOfTheForge"},{"floor":9,"key":"Guardian:BlockOnCardUsePotion"},{"floor":10,"key":"FairyPotion"},{"floor":15,"key":"Elixir"}],"is_trial":false,"path_per_floor":["R","M","M","M","$","E","T","R","M","?","$","M","R","$","M","B"],"character_chosen":"THE_AUTOMATON","items_purchased":["expansioncontent:AwakenDeath","ReplayTheSpireMod:CursedCoin"],"campfire_rested":0,"item_purchase_floors":[5,11],"current_hp_per_floor":[77,77,76,76,71,67,67,67,64,37,34,21,31,9,26,8,8,8],"gold":63,"neow_bonus":"TEN_PERCENT_HP_BONUS","is_daily":false,"chose_seed":false,"campfire_upgraded":0,"win_rate":0.0,"timestamp":1613291123,"path_taken":["R","M","M","?","$","E","T","R","M","?","?","?","R","$","M","BOSS"],"items_purchased_type":["Card","Relic"],"build_version":"2020-12-22","purchased_purges":1,"victory":false,"max_hp_per_floor":[77,77,77,77,77,77,77,77,77,77,77,77,87,87,87,87,87,87],"card_choices":[{"not_picked":["bronze:CutThrough","bronze:Allocate","bronze:Shield"],"picked":"SKIP","floor":2},{"not_picked":["bronze:BuggyMess","bronze:CloningBeam"],"picked":"bronze:DelayedSlice","floor":3},{"not_picked":["bronze:Invalidate","bronze:Overload"],"picked":"bronze:ChosenStrike","floor":4},{"not_picked":["bronze:WhirlingStrike","bronze:MaxOutput","bronze:Overheat"],"picked":"SKIP","floor":5},{"not_picked":["bronze:Overheat","bronze:BuggyMess","bronze:Deprecate"],"picked":"SKIP","floor":6},{"not_picked":["bronze:BitShift","bronze:Frontload","bronze:Overheat"],"picked":"SKIP","floor":9},{"not_picked":["bronze:ForceShield","bronze:DelayedGuard"],"picked":"bronze:Break","floor":10},{"not_picked":["bronze:Iterate","bronze:DelayedSlice","bronze:Turbo"],"picked":"SKIP","floor":11},{"not_picked":["bronze:BitShift","bronze:Branch","bronze:DelayedSlice"],"picked":"SKIP","floor":12},{"not_picked":["bronze:ShipIt","bronze:Flail"],"picked":"bronze:CleanCode","floor":14},{"not_picked":["bronze:DelayedSlice","bronze:Iterate","bronze:Shield"],"picked":"SKIP","floor":15}],"player_experience":267033,"relics_obtained":[{"floor":6,"key":"Girya"},{"floor":10,"key":"downfall:GremlinSack"}],"event_choices":[],"is_beta":false,"boss_relics":[],"items_purged_floors":[11],"is_endless":false,"potions_floor_spawned":[3,9,10,12,15],"killed_by":"SI_SHIV_ARCHETYPE","ascension_level":0}}