{"host":"3y2rtlgteqp2nuo3","time":1613269861,"event":{"mods":["2.2 Compatiblity","AchievementEnabler","BaseMod","Colored Map","DeckTracker","Highlight Path","Keyboard Shortcuts","Minty Spire (QoL Compilation)","Permanent Neow","Quick Restart","StSLib","SuperFastMode","everything is the same but u backflip on backflip"],"gold_per_floor":[110,126,51,67,82,82,92,92,92,106,134,134,134,153,153,232,232,243,293,309,42,42,42,75,75,75,90,103,103,14,48,48,125,125,136,156,97,107,125,125,125],"floor_reached":40,"language":"KOR","playtime":1267,"items_purged":["Strike_G","Strike_G"],"score":796,"play_id":"3f319558-3693-4ce2-bca8-7b1c148469ce","local_time":"20210214113101","is_ascension_mode":true,"campfire_choices":[{"data":"Deadly Poison","floor":6.0,"key":"SMITH"},{"data":"Crippling Poison","floor":8.0,"key":"SMITH"},{"data":"Leg Sweep","floor":15.0,"key":"SMITH"},{"data":"Bullet Time","floor":23.0,"key":"SMITH"},{"data":"Acrobatics","floor":25.0,"key":"SMITH"},{"floor":32.0,"key":"REST"}],"circlet_count":0,"master_deck":["AscendersBane","Strike_G","Strike_G","Strike_G","Defend_G","Defend_G","Defend_G","Defend_G","Defend_G+1","Survivor","Neutralize","Bullet Time+1","Deadly Poison+1","Leg Sweep+1","Bane","Crippling Poison+1","Backflip+1","Corpse Explosion","Acrobatics+1","Adrenaline","Well Laid Plans+1","Adrenaline","Reflex","Prepared+1","Bouncing Flask","Wraith Form v2","Tactician","Acrobatics","Underhanded Strike+1"],"relics":["Ring of the Snake","Molten Egg 2","Bag of Marbles","HoveringKite","Lee\u0027s Waffle","Potion Belt","Tiny Chest","War Paint","Runic Pyramid","Ancient Tea Set"],"acts_visited":["Exordium","TheCity","TheBeyond"],"potions_floor_usage":[40,40],"damage_taken":[{"damage":3.0,"enemies":"Small Slimes","floor":1.0,"turns":5.0},{"damage":0.0,"enemies":"Cultist","floor":2.0,"turns":3.0},{"damage":0.0,"enemies":"2 Louse","floor":4.0,"turns":2.0},{"damage":2.0,"enemies":"2 Fungi Beasts","floor":5.0,"turns":5.0},{"damage":3.0,"enemies":"3 Louse","floor":7.0,"turns":3.0},{"damage":12.0,"enemies":"Gremlin Gang","floor":10.0,"turns":4.0},{"damage":15.0,"enemies":"3 Sentries","floor":11.0,"turns":13.0},{"damage":0.0,"enemies":"Large Slime","floor":14.0,"turns":4.0},{"damage":16.0,"enemies":"The Guardian","floor":16.0,"turns":9.0},{"damage":8.0,"enemies":"Shell Parasite","floor":18.0,"turns":3.0},{"damage":6.0,"enemies":"3 Byrds","floor":20.0,"turns":2.0},{"damage":11.0,"enemies":"Gremlin Leader","floor":24.0,"turns":6.0},{"damage":6.0,"enemies":"Sentry and Sphere","floor":27.0,"turns":4.0},{"damage":1.0,"enemies":"Centurion and Healer","floor":28.0,"turns":5.0},{"damage":40.0,"enemies":"Book of Stabbing","floor":31.0,"turns":8.0},{"damage":27.0,"enemies":"Automaton","floor":33.0,"turns":8.0},{"damage":0,"enemies":"3 Darklings","floor":35,"turns":2},{"damage":4,"enemies":"Orb Walker","floor":36,"turns":4},{"damage":25,"enemies":"Maw","floor":38,"turns":8},{"damage":17,"enemies":"4 Shapes","floor":39,"turns":4},{"damage":12,"enemies":"Reptomancer","floor":40,"turns":5}],"seed_played":"-7411318690102742617","potions_obtained":[{"floor":5.0,"key":"CunningPotion"},{"floor":11.0,"key":"PowerPotion"},{"floor":14.0,"key":"GhostInAJar"},{"floor":27.0,"key":"PowerPotion"},{"floor":31.0,"key":"Energy Potion"},{"floor":38,"key":"Energy Potion"},{"floor":39,"key":"Poison Potion"}],"is_trial":false,"path_per_floor":["M","M","$","M","M","R","M","R","T","M","E","?","?","M","R","B",null,"M","?","M","$","?","R","E","R","T","M","M","?","$","E","R","B",null,"M","M","?","M","M","E"],"character_chosen":"THE_SILENT","items_purchased":["Lee\u0027s Waffle","Bouncing Flask"],"campfire_rested":1,"item_purchase_floors":[21,30],"current_hp_per_floor":[56,56,56,56,54,54,51,51,51,39,24,24,24,24,24,8,52,44,44,38,73,73,73,62,62,62,56,55,55,55,15,36,9,57,57,53,53,28,11,0,0],"gold":125,"neow_bonus":"ONE_RANDOM_RARE_CARD","is_daily":false,"chose_seed":false,"campfire_upgraded":5,"win_rate":0.0,"timestamp":1613269861,"path_taken":["M","M","$","M","M","R","M","R","T","M","E","?","?","M","R","BOSS","M","?","M","$","?","R","E","R","T","M","M","?","$","E","R","BOSS","M","M","?","M","?","E"],"items_purchased_type":["Relic","Card"],"build_version":"2020-12-22","purchased_purges":2,"victory":false,"max_hp_per_floor":[66,66,66,66,66,66,66,66,66,66,66,66,66,66,66,66,66,66,66,66,73,73,73,73,73,73,73,73,73,73,73,73,73,73,73,73,73,73,73,73,73],"card_choices":[{"not_picked":["Acrobatics","Bane"],"picked":"Deadly Poison","floor":1.0},{"not_picked":["Quick Slash","Noxious Fumes"],"picked":"Leg Sweep","floor":2.0},{"not_picked":["Deflect","Dagger Throw"],"picked":"Bane","floor":4.0},{"not_picked":["Deadly Poison","Setup"],"picked":"Crippling Poison","floor":5.0},{"not_picked":["Deadly Poison","PiercingWail","Prepared"],"picked":"SKIP","floor":7.0},{"not_picked":["Dagger Spray","Acrobatics"],"picked":"Backflip","floor":10.0},{"not_picked":["Reflex","Dagger Throw+1"],"picked":"Corpse Explosion","floor":11.0},{"not_picked":["Outmaneuver","Dash+1"],"picked":"Acrobatics","floor":14.0},{"not_picked":["Night Terror","Bullet Time"],"picked":"Adrenaline","floor":16.0},{"not_picked":["Riddle With Holes+1","Deadly Poison"],"picked":"Well Laid Plans+1","floor":18.0},{"not_picked":["Expertise","Finisher+1","Blade Dance"],"picked":"SKIP","floor":20.0},{"not_picked":["Bane+1","Deflect"],"picked":"Adrenaline","floor":24.0},{"not_picked":["Flying Knee+1","Outmaneuver"],"picked":"Reflex","floor":27.0},{"not_picked":["Predator+1","Phantasmal Killer"],"picked":"Prepared+1","floor":28.0},{"not_picked":["Dash+1","Crippling Poison","Choke+1"],"picked":"SKIP","floor":31.0},{"not_picked":["Bullet Time","Venomology"],"picked":"Wraith Form v2","floor":33.0},{"not_picked":["Sucker Punch+1","Quick Slash+1"],"picked":"Tactician","floor":35},{"not_picked":["Backflip+1","Blade Dance"],"picked":"Acrobatics","floor":36},{"not_picked":["Deadly Poison","Crippling Poison","Caltrops"],"picked":"SKIP","floor":38},{"not_picked":["Backflip+1","Sucker Punch+1"],"picked":"Underhanded Strike+1","floor":39}],"player_experience":782587,"relics_obtained":[{"floor":11.0,"key":"Molten Egg 2"},{"floor":13.0,"key":"Bag of Marbles"},{"floor":24.0,"key":"Potion Belt"},{"floor":26.0,"key":"Tiny Chest"},{"floor":31.0,"key":"War Paint"}],"event_choices":[{"damage_healed":0.0,"max_hp_gain":0.0,"max_hp_loss":0.0,"gold_gain":0.0,"event_name":"Liars Game","player_choice":"Ignored","floor":12.0,"gold_loss":0.0,"damage_taken":0.0},{"damage_healed":0.0,"max_hp_gain":0.0,"max_hp_loss":0.0,"gold_gain":0.0,"event_name":"Wheel of Change","player_choice":"Relic","floor":13.0,"gold_loss":0.0,"damage_taken":0.0},{"damage_healed":0.0,"max_hp_gain":0.0,"max_hp_loss":0.0,"gold_gain":50.0,"event_name":"Nest","player_choice":"Stole From Cult","floor":19.0,"gold_loss":0.0,"damage_taken":0.0},{"damage_healed":0.0,"max_hp_gain":0.0,"max_hp_loss":0.0,"gold_gain":0.0,"event_name":"The Mausoleum","player_choice":"Ignored","floor":29.0,"gold_loss":0.0,"damage_taken":0.0},{"damage_healed":0,"gold_gain":0,"player_choice":"Paid Gold","damage_taken":0,"relics_obtained":["Ancient Tea Set"],"max_hp_gain":0,"max_hp_loss":0,"event_name":"WeMeetAgain","floor":37,"gold_loss":59}],"is_beta":false,"boss_relics":[{"not_picked":["Cursed Key","SlaversCollar"],"picked":"HoveringKite"},{"not_picked":["Runic Dome","Pandora\u0027s Box"],"picked":"Runic Pyramid"}],"items_purged_floors":[3,21],"is_endless":false,"potions_floor_spawned":[5,11,14,16,18,27,31,38,39],"killed_by":"Reptomancer","ascension_level":17}}