{"host":"juvwyqk4ifq614bf","time":1613306869,"event":{"mods":["2.2 Compatiblity","Act Like it!","BaseMod","Better Altar","Better Match","Better Note","Better Sensory Stone","Better Third Choice","Conspire","Downfall","Friendly Minions","GifTheSpireLib","Hubris","Infinite Spire","Minty Spire (QoL Compilation)","Mirrors Mod","Replay The Spire","StSLib","Stuff the Spire","The Alterego","TheVelvet"],"gold_per_floor":[145,145,70,70,115,205,250,340,340,385,430,430,475,520,520,520,520],"floor_reached":16,"language":"ENG","playtime":1395,"items_purged":["alterego_mod:Strike"],"score":114,"play_id":"00ebc4e6-9ba4-4fe9-8ed1-8b8ca23d20af","local_time":"20210214134749","daily_mods":["Cursed Run","Colorless Cards","Midas"],"is_ascension_mode":false,"campfire_choices":[{"floor":12,"key":"REST"},{"floor":15,"key":"REST"}],"circlet_count":0,"master_deck":["alterego_mod:Strike","alterego_mod:Strike","alterego_mod:Strike","alterego_mod:Defend","alterego_mod:Defend","alterego_mod:Defend","alterego_mod:Defend","alterego_mod:Impale","alterego_mod:BigMeatyClaws","alterego_mod:BrynhildrsRune","Panacea","StuffTheSpire:Innocence","Dash","alterego_mod:DiscoLights","hubris:Compulsion","conspire:Banana","alterego_mod:Jiggle"],"relics":["Cursed Key","Darkstone Periapt","Du-Vu Doll","Centennial Puzzle","Replay:Rubber Ducky","Iron Hammer","Kunai"],"acts_visited":["Exordium"],"potions_floor_usage":[6,8,14,14,14,14,16],"damage_taken":[{"damage":0,"enemies":"2 Louse","floor":1,"turns":4},{"damage":0,"enemies":"Cultist","floor":5,"turns":5},{"damage":18,"enemies":"3 Sentries","floor":6,"turns":8},{"damage":0,"enemies":"Small Slimes","floor":7,"turns":3},{"damage":20,"enemies":"Gremlin Nob","floor":8,"turns":4},{"damage":2,"enemies":"Red Slaver","floor":10,"turns":3},{"damage":0,"enemies":"Looter","floor":11,"turns":5},{"damage":0,"enemies":"Large Slime","floor":13,"turns":6},{"damage":3,"enemies":"Exordium Wildlife","floor":14,"turns":2},{"damage":86,"enemies":"Hexaghost","floor":16,"turns":12}],"seed_played":"-463004689936713651","potions_obtained":[{"floor":1,"key":"bronze:BurnAndBuffPotion"},{"floor":5,"key":"PowerPotion"},{"floor":11,"key":"EntropicBrew"},{"floor":13,"key":"Elixir"}],"is_trial":false,"path_per_floor":["M","?","$","?","M","E","M","E","T","M","M","R","M","M","R","B"],"character_chosen":"The_Alterego","items_purchased":[],"campfire_rested":2,"item_purchase_floors":[],"current_hp_per_floor":[70,63,63,47,47,46,53,33,39,44,44,66,66,64,77,0,0],"gold":520,"neow_bonus":"","is_daily":true,"chose_seed":false,"campfire_upgraded":0,"win_rate":0.0,"timestamp":1613306869,"path_taken":["M","?","$","?","M","E","M","E","T","M","M","R","M","M","R","BOSS"],"items_purchased_type":[],"build_version":"2020-12-22","purchased_purges":1,"victory":false,"max_hp_per_floor":[70,70,70,70,70,70,70,70,76,76,76,76,76,77,77,78,78],"card_choices":[{"not_picked":["alterego_mod:Belts","alterego_mod:Complex"],"picked":"Panacea","floor":1},{"not_picked":["alterego_mod:Clap","alterego_mod:Support","Enlightenment"],"picked":"SKIP","floor":5},{"not_picked":["alterego_mod:Table","alterego_mod:PerceptionDisorder","alterego_mod:PresenceConcealment"],"picked":"SKIP","floor":6},{"not_picked":["alterego_mod:Bunnysuit","Replay:Bootleg Shield Generator","Trip"],"picked":"SKIP","floor":7},{"not_picked":["alterego_mod:Undulate","alterego_mod:MagicResistance"],"picked":"alterego_mod:DiscoLights","floor":8},{"not_picked":["alterego_mod:Jiggle","alterego_mod:HighServant","StuffTheSpire:PlasmaPulse"],"picked":"SKIP","floor":10},{"not_picked":["alterego_mod:1TonWallop","alterego_mod:GoddessCore","alterego_mod:Mirror"],"picked":"SKIP","floor":11},{"not_picked":["alterego_mod:DeftHands","alterego_mod:Birthday"],"picked":"conspire:Banana","floor":13},{"not_picked":["alterego_mod:MagicResistance","hubris:Ssssneak"],"picked":"alterego_mod:Jiggle","floor":14}],"player_experience":266489,"relics_obtained":[{"floor":6,"key":"Replay:Rubber Ducky"},{"floor":8,"key":"Iron Hammer"},{"floor":9,"key":"Kunai"}],"event_choices":[],"is_beta":false,"boss_relics":[],"items_purged_floors":[3],"is_endless":false,"potions_floor_spawned":[1,5,11,13],"killed_by":"Hexaghost","ascension_level":0}}