{"host":"nxma0dbhh74lxenq","time":1613282242,"event":{"mods":["Astrologer","BaseMod","Beaked The Cultist","CapriCore","Colored Map","DeckTracker","Gremlin Mod","Highlight Path","Koishi","Mad Scientist","Minty Spire (QoL Compilation)","StSLib","SuperFastMode","The Bladedancer","The Cursed","The Immortal","The Mystic","YoumuÅiç∞ÈÆódöÎÅj"],"gold_per_floor":[115,265,134,154,79,104,104,121,121,121,132,165,12,44,44,116,116,128,128,142,42,52,52,52,52],"floor_reached":24,"language":"JPN","playtime":660,"items_purged":["Doubt","Writhe"],"score":454,"play_id":"430e1e3d-f6a0-4d46-9585-6271c5931692","local_time":"20210214145722","is_ascension_mode":true,"campfire_choices":[{"data":"Koishi:JumpScare","floor":7,"key":"SMITH"},{"data":"Koishi:HauntingSlash","floor":10,"key":"SMITH"},{"floor":15,"key":"REST"}],"circlet_count":0,"master_deck":["AscendersBane","Koishi:BasicStrike+1","Koishi:BasicStrike+1","Koishi:BasicStrike+1","Koishi:BasicDefend+1","Koishi:BasicDefend+1","Koishi:BasicDefend+1","Koishi:BasicDefend+1","Koishi:Provoke","Koishi:HauntingSlash+1","Koishi:CatchAndRose","Koishi:JumpScare+1","Koishi:HeartfeltFancy","Koishi:Whimsy","Koishi:TraumaticStroke","Koishi:RoseHell","Koishi:SilentAndRestless","Koishi:Jaunt","Koishi:PredatoryInstincts","Koishi:SilentAndRestless+1"],"relics":["Koishi:ImaginaryFriend","NeowsBlessing","White Beast Statue","Letter Opener","Mummified Hand","Torii","Koishi:ColorfulDays","Molten Egg 2"],"acts_visited":["Exordium","TheCity"],"potions_floor_usage":[14,14,20,22,22],"damage_taken":[{"damage":0,"enemies":"Jaw Worm","floor":1,"turns":1},{"damage":0,"enemies":"Small Slimes","floor":4,"turns":1},{"damage":0,"enemies":"Gremlin Nob","floor":6,"turns":1},{"damage":8,"enemies":"2 Louse","floor":8,"turns":3},{"damage":12,"enemies":"Red Slaver","floor":11,"turns":6},{"damage":30,"enemies":"Lagavulin","floor":12,"turns":9},{"damage":16,"enemies":"3 Sentries","floor":14,"turns":5},{"damage":3,"enemies":"Hexaghost","floor":16,"turns":9},{"damage":22,"enemies":"Shell Parasite","floor":18,"turns":5},{"damage":9,"enemies":"3 Byrds","floor":20,"turns":3},{"damage":29,"enemies":"Shelled Parasite and Fungi","floor":22,"turns":4},{"damage":21,"enemies":"Slavers","floor":24,"turns":1}],"seed_played":"-7665811804529449147","potions_obtained":[{"floor":6,"key":"Dexterity Potion"},{"floor":14,"key":"LiquidBronze"},{"floor":16,"key":"Energy Potion"},{"floor":20,"key":"Swift Potion"},{"floor":22,"key":"FearPotion"}],"is_trial":false,"path_per_floor":["M","?","$","M","?","E","R","M","T","R","M","E","$","E","R","B",null,"M","?","M","$","M","?","E"],"character_chosen":"KOISHI","items_purchased":["PowerPotion","Koishi:RoseHell"],"campfire_rested":1,"item_purchase_floors":[3,13],"current_hp_per_floor":[51,51,51,51,51,51,51,48,48,48,42,22,22,10,27,30,50,34,34,29,29,12,12,0,0],"gold":52,"neow_bonus":"THREE_ENEMY_KILL","is_daily":false,"chose_seed":false,"campfire_upgraded":2,"win_rate":0.0,"timestamp":1613282242,"path_taken":["M","?","$","M","?","E","R","M","T","R","M","E","$","E","R","BOSS","M","?","M","$","M","?","E"],"items_purchased_type":["Potion","Card"],"build_version":"2020-12-22","purchased_purges":2,"victory":false,"max_hp_per_floor":[57,57,57,57,57,57,57,57,57,57,57,57,57,57,57,57,57,57,57,57,57,57,57,57,57],"card_choices":[{"not_picked":["Koishi:BloodcurdlingScream","Koishi:PhilosophyOfTheDespised"],"picked":"Koishi:CatchAndRose","floor":1},{"not_picked":["Koishi:IdleWhim","Koishi:UnconsciousUrges"],"picked":"Koishi:JumpScare","floor":4},{"not_picked":["Koishi:JumpScare","Koishi:UnconsciousUprising","Koishi:UnansweredLove"],"picked":"SKIP","floor":6},{"not_picked":["Koishi:EmbersOfLove","Koishi:DreadfulBlow"],"picked":"Koishi:HeartfeltFancy","floor":8},{"not_picked":["Koishi:FourthEye","Koishi:DreadfulBlow"],"picked":"Koishi:Whimsy","floor":11},{"not_picked":["Koishi:PhantomStrike","Koishi:JumpScare"],"picked":"Koishi:TraumaticStroke","floor":12},{"not_picked":["Koishi:UnconsciousUrges","Koishi:IdleWhim","Koishi:FourthEye"],"picked":"SKIP","floor":14},{"not_picked":["Koishi:FormlessExistence","Koishi:SuperEgo"],"picked":"Koishi:SilentAndRestless","floor":16},{"not_picked":["Koishi:StingingMind","Koishi:Vanish"],"picked":"Koishi:Jaunt","floor":18},{"not_picked":["Koishi:StingingMind+1","Koishi:Vanish"],"picked":"Koishi:PredatoryInstincts","floor":20},{"not_picked":["Koishi:ReflexRadar","Koishi:DreadfulBlow+1"],"picked":"Koishi:SilentAndRestless+1","floor":22}],"player_experience":461022,"relics_obtained":[{"floor":6,"key":"White Beast Statue"},{"floor":9,"key":"Letter Opener"},{"floor":12,"key":"Mummified Hand"},{"floor":14,"key":"Torii"}],"event_choices":[{"damage_healed":0,"gold_gain":150,"player_choice":"AGREE","damage_taken":0,"max_hp_gain":0,"max_hp_loss":0,"event_name":"Liars Game","floor":2,"gold_loss":0,"cards_obtained":["Doubt"]},{"cards_removed":["Koishi:BasicStrike"],"damage_healed":0,"gold_gain":0,"player_choice":"Card Removal","damage_taken":0,"max_hp_gain":0,"max_hp_loss":0,"event_name":"The Cleric","floor":5,"gold_loss":75},{"damage_healed":0,"gold_gain":0,"player_choice":"Opened","damage_taken":0,"relics_obtained":["Molten Egg 2"],"max_hp_gain":0,"max_hp_loss":0,"event_name":"The Mausoleum","floor":19,"gold_loss":0,"cards_obtained":["Writhe"]},{"damage_healed":0,"gold_gain":0,"player_choice":"Simplicity","damage_taken":0,"max_hp_gain":0,"max_hp_loss":0,"event_name":"Back to Basics","floor":23,"gold_loss":0,"cards_upgraded":["Koishi:BasicStrike","Koishi:BasicStrike","Koishi:BasicStrike","Koishi:BasicDefend","Koishi:BasicDefend","Koishi:BasicDefend","Koishi:BasicDefend"]}],"is_beta":false,"boss_relics":[{"not_picked":["Busted Crown","SlaversCollar"],"picked":"Koishi:ColorfulDays"}],"items_purged_floors":[3,21],"is_endless":false,"potions_floor_spawned":[6,8,11,12,14,16,18,20,22],"killed_by":"Slavers","ascension_level":18}}