{"host":"ty2cix8xj6r3ad26","time":1613300107,"event":{"mods":["AchievementEnabler","BaseMod","BetterRewards","Marisa????????","Minty Spire (QoL Compilation)","Quick Restart","StSLib","SuperFastMode"],"gold_per_floor":[119,129,141,95,95,95,113,130,154,189,199,274,274,306,306,409,409,423,423,443,150,161,161,195,195,221,146,164,191,191,191],"floor_reached":30,"language":"ENG","playtime":1565,"items_purged":["Defend_B","Dualcast"],"score":473,"play_id":"504d539f-4e60-4a92-8e8c-97c454b681c7","local_time":"20210214125507","is_ascension_mode":true,"campfire_choices":[{"data":"Zap","floor":6,"key":"SMITH"},{"data":"Hyperbeam","floor":13,"key":"SMITH"},{"data":"Gash","floor":15,"key":"SMITH"},{"data":"Panache","floor":23,"key":"SMITH"},{"data":"Defend_B","floor":25,"key":"SMITH"}],"circlet_count":0,"master_deck":["AscendersBane","Strike_B","Strike_B","Defend_B+1","Defend_B","Defend_B","Zap+1","Panache+1","Blind+1","Gash+1","Hologram+1","Turbo+1","Leap+1","Conserve Battery+1","Hyperbeam+1","Gash","White Noise+1","FTL","Reboot+1"],"relics":["Cracked Core","Toxic Egg 2","Lee\u0027s Waffle","Letter Opener","Smiling Mask","Dream Catcher","Bronze Scales","Sozu","Gambling Chip","Shuriken","Bottled Tornado","Pen Nib","Frozen Egg 2"],"acts_visited":["Exordium","TheCity"],"potions_floor_usage":[3,10,14,18],"damage_taken":[{"damage":0,"enemies":"Cultist","floor":1,"turns":3},{"damage":5,"enemies":"Small Slimes","floor":2,"turns":2},{"damage":3,"enemies":"2 Louse","floor":3,"turns":2},{"damage":0,"enemies":"Blue Slaver","floor":7,"turns":2},{"damage":0,"enemies":"Lots of Slimes","floor":8,"turns":2},{"damage":24,"enemies":"3 Sentries","floor":10,"turns":8},{"damage":2,"enemies":"2 Fungi Beasts","floor":11,"turns":2},{"damage":0,"enemies":"Gremlin Nob","floor":14,"turns":4},{"damage":29,"enemies":"Slime Boss","floor":16,"turns":7},{"damage":13,"enemies":"Shell Parasite","floor":18,"turns":5},{"damage":0,"enemies":"Chosen","floor":20,"turns":3},{"damage":22,"enemies":"Centurion and Healer","floor":22,"turns":4},{"damage":3,"enemies":"Gremlin Leader","floor":24,"turns":5},{"damage":0,"enemies":"3 Cultists","floor":28,"turns":3},{"damage":4,"enemies":"Book of Stabbing","floor":29,"turns":4},{"damage":24,"enemies":"Shelled Parasite and Fungi","floor":30,"turns":2}],"seed_played":"-714036486898853655","potions_obtained":[{"floor":2,"key":"LiquidMemories"},{"floor":3,"key":"PotionOfCapacity"},{"floor":10,"key":"Dexterity Potion"},{"floor":16,"key":"SteroidPotion"}],"is_trial":false,"path_per_floor":["M","M","M","$","?","R","M","M","T","E","M","?","R","E","R","B",null,"M","?","M","$","M","R","E","R","T","?","M","E","M"],"character_chosen":"DEFECT","items_purchased":["Toxic Egg 2","Lee\u0027s Waffle","Letter Opener","Panache","Blind+1","Leap+1","Shuriken"],"campfire_rested":0,"item_purchase_floors":[0,0,0,0,0,4,21],"current_hp_per_floor":[82,77,74,74,74,74,74,74,74,50,48,37,37,37,37,8,64,51,51,51,51,29,29,26,26,26,26,26,22,0,0],"gold":191,"neow_bonus":"","is_daily":false,"chose_seed":false,"campfire_upgraded":5,"win_rate":0.0,"timestamp":1613300107,"path_taken":["M","M","M","?","?","R","?","M","T","E","M","?","R","E","R","BOSS","M","?","M","$","?","R","E","R","T","?","M","E","M"],"items_purchased_type":["Relic","Relic","Relic","Card","Card","Card","Relic"],"build_version":"2020-12-22","purchased_purges":2,"victory":false,"max_hp_per_floor":[82,82,82,82,82,82,82,82,82,82,82,82,82,82,82,82,82,82,82,82,82,82,82,82,82,82,82,82,82,82,82],"card_choices":[{"not_picked":["Streamline","Auto Shields+1"],"picked":"Gash","floor":1},{"not_picked":["Steam Power+1","Gash"],"picked":"Hologram+1","floor":2},{"not_picked":["Hologram+1","Beam Cell"],"picked":"Turbo+1","floor":3},{"not_picked":["Go for the Eyes","Blizzard"],"picked":"Conserve Battery+1","floor":7},{"not_picked":["Darkness+1","Beam Cell","Leap+1"],"picked":"SKIP","floor":8},{"not_picked":["Reinforced Body+1","Chaos+1"],"picked":"Hyperbeam","floor":10},{"not_picked":["Rip and Tear","Sweeping Beam","Turbo+1"],"picked":"SKIP","floor":11},{"not_picked":["Rainbow+1","Darkness+1","Sunder"],"picked":"SKIP","floor":14},{"not_picked":["Hologram+1","Glacier+1"],"picked":"Gash","floor":18},{"not_picked":["Ball Lightning+1","Storm+1","Compile Driver+1"],"picked":"SKIP","floor":20},{"not_picked":["Double Energy+1","Rebound"],"picked":"White Noise+1","floor":22},{"not_picked":["Sunder+1","Lockon+1"],"picked":"FTL","floor":24},{"not_picked":["Redo+1","Compile Driver+1","Sweeping Beam+1"],"picked":"SKIP","floor":28},{"not_picked":["Redo+1","Compile Driver+1","Sweeping Beam+1"],"picked":"SKIP","floor":28},{"not_picked":["Barrage","Stack+1"],"picked":"Reboot+1","floor":29}],"player_experience":584886,"relics_obtained":[{"floor":9,"key":"Smiling Mask"},{"floor":10,"key":"Dream Catcher"},{"floor":14,"key":"Bronze Scales"},{"floor":19,"key":"Gambling Chip"},{"floor":24,"key":"Bottled Tornado"},{"floor":26,"key":"Pen Nib"},{"floor":29,"key":"Frozen Egg 2"}],"event_choices":[{"cards_removed":["Strike_B"],"damage_healed":0,"gold_gain":0,"player_choice":"Offered Basic","damage_taken":0,"max_hp_gain":0,"max_hp_loss":0,"event_name":"Bonfire Elementals","floor":5,"gold_loss":0},{"damage_healed":0,"gold_gain":75,"player_choice":"Gather Gold","damage_taken":11,"max_hp_gain":0,"max_hp_loss":0,"event_name":"World of Goop","floor":12,"gold_loss":0},{"damage_healed":0,"gold_gain":0,"player_choice":"Relic","damage_taken":0,"max_hp_gain":0,"max_hp_loss":0,"event_name":"Wheel of Change","floor":19,"gold_loss":0},{"cards_removed":["Strike_B"],"damage_healed":0,"gold_gain":0,"player_choice":"Gave Gold","damage_taken":0,"max_hp_gain":0,"max_hp_loss":0,"event_name":"Beggar","floor":27,"gold_loss":75}],"is_beta":false,"boss_relics":[{"not_picked":["Velvet Choker","Tiny House"],"picked":"Sozu"}],"items_purged_floors":[0,21],"is_endless":false,"potions_floor_spawned":[2,3,10,16,20,28,29],"killed_by":"Shelled Parasite and Fungi","ascension_level":11}}