{"host":"czen9m7c7ttmirt2","time":1613276627,"event":{"mods":["AchievementEnabler","Aspiration","BaseMod","Better Third Choice","Colored Map","Colored Powertips","Conspire","Hubris","Minty Spire (QoL Compilation)","Replay The Spire","StSLib"],"gold_per_floor":[116,136,136,136,152,152,173,186,233,269,121,195,71,71,71,71,71],"floor_reached":16,"language":"ENG","playtime":645,"items_purged":[],"score":120,"play_id":"b30147a9-c174-46f7-a265-f415db3feedf","local_time":"20210213222346","is_ascension_mode":true,"campfire_choices":[{"floor":6,"key":"RECALL"},{"floor":15,"key":"REST"}],"circlet_count":0,"master_deck":["Strike_B","Strike_B","Strike_B+1","Strike_B","Defend_B","Defend_B","Defend_B","Defend_B","Zap","Dualcast","Cold Snap","Conserve Battery","Voices","aspiration:Polymerization","Self Repair","FIFO Queue","conspire:Rain","BootSequence+1","FTL+1"],"relics":["Cracked Core","aspiration:Nostalgia","PureWater","Ring of Misfortune","ReplayTheSpireMod:Ring of Challenge","Golden Idol","ReplayTheSpireMod:TigerMarble","hubris:EmptyBottle","Quantum Egg"],"acts_visited":["Exordium"],"potions_floor_usage":[10],"damage_taken":[{"damage":0,"enemies":"Small Slimes","floor":1,"turns":3},{"damage":2,"enemies":"Jaw Worm","floor":2,"turns":3},{"damage":1,"enemies":"Cultist","floor":5,"turns":3},{"damage":10,"enemies":"Blue Slaver","floor":7,"turns":3},{"damage":3,"enemies":"Looter","floor":8,"turns":3},{"damage":27,"enemies":"Lagavulin","floor":10,"turns":7},{"damage":35,"enemies":"The Guardian","floor":16,"turns":10}],"seed_played":"3025405614347404820","potions_obtained":[{"floor":2,"key":"Fire Potion"},{"floor":7,"key":"AttackPotion"}],"is_trial":false,"path_per_floor":["M","M","?","?","M","R","M","M","T","E","$","T","$","?","R","B"],"character_chosen":"DEFECT","items_purchased":["hubris:EmptyBottle","BootSequence+1","FTL"],"campfire_rested":1,"item_purchase_floors":[11,13,13],"current_hp_per_floor":[75,73,73,55,54,54,44,48,48,28,28,28,28,13,35,0,0],"gold":71,"neow_bonus":"NOSTALGIA","is_daily":false,"chose_seed":false,"campfire_upgraded":0,"win_rate":0.0,"timestamp":1613276626,"path_taken":["M","M","?","?","M","R","M","M","T","E","?","?","$","?","R","BOSS"],"items_purchased_type":["Relic","Card","Card"],"build_version":"2020-12-22","purchased_purges":0,"victory":false,"max_hp_per_floor":[75,75,75,75,75,75,75,75,75,75,75,75,75,75,75,75,75],"card_choices":[{"not_picked":["Coolheaded","Go for the Eyes"],"picked":"Cold Snap","floor":1},{"not_picked":["Leap","Hyperbeam"],"picked":"Conserve Battery","floor":2},{"not_picked":["Rebound","Reprogram"],"picked":"aspiration:Polymerization","floor":5},{"not_picked":["Storm","Hologram"],"picked":"Self Repair","floor":7},{"not_picked":["Heatsinks","Beam Cell"],"picked":"FIFO Queue","floor":8},{"not_picked":["Turbo","Fission"],"picked":"conspire:Rain","floor":10}],"player_experience":219380,"relics_obtained":[{"floor":3,"key":"Ring of Misfortune"},{"floor":3,"key":"ReplayTheSpireMod:Ring of Challenge"},{"floor":10,"key":"ReplayTheSpireMod:TigerMarble"},{"floor":12,"key":"Quantum Egg"}],"event_choices":[{"damage_healed":0,"gold_gain":0,"player_choice":"Take Damage","damage_taken":18,"relics_obtained":["Golden Idol"],"max_hp_gain":0,"max_hp_loss":0,"event_name":"Golden Idol","floor":4,"gold_loss":0},{"damage_healed":28,"gold_gain":0,"player_choice":"Upgrade","damage_taken":15,"max_hp_gain":0,"max_hp_loss":75,"event_name":"betterThird:BetterShining","floor":14,"gold_loss":0,"cards_upgraded":["Strike_B","FTL"]}],"is_beta":false,"boss_relics":[],"items_purged_floors":[],"is_endless":false,"potions_floor_spawned":[2,7],"killed_by":"The Guardian","ascension_level":4}}