{"host":"f14d6hm2349s9jse","time":1613320581,"event":{"mods":["2.2 Compatiblity","BaseMod","GungeonMod","Minty Spire (QoL Compilation)","StSLib"],"gold_per_floor":[118,132,147,159,434,460,473,473,498,508,540,540,173,202,202,323,323,355,115,176,192,107,176,176,176],"floor_reached":24,"language":"ENG","playtime":4122,"items_purged":["Regret"],"score":316,"play_id":"556d1ba1-75c2-4834-b32d-277b04da8633","local_time":"20210214113621","is_ascension_mode":true,"campfire_choices":[{"floor":8,"key":"REST"},{"floor":12,"key":"REST"},{"floor":15,"key":"REST"}],"circlet_count":0,"master_deck":["DemoMod:Strike_Huntress","DemoMod:Strike_Huntress","DemoMod:Defend_Huntress","DemoMod:Defend_Huntress","DemoMod:Defend_Huntress","DemoMod:Roll","DemoMod:ManualReload","DemoMod:RustySidearm","DemoMod:CrossBow","DemoMod:FortunesFavor","DemoMod:Slinger","DemoMod:AWP","DemoMod:PotionOfGunFriendShip","DemoMod:GunShield","DemoMod:TableSutra","DemoMod:SniperShot","DemoMod:GunShield","DemoMod:BlankBullets","HandOfGreed","DemoMod:TripleGun","DemoMod:SpreadAmmo","DemoMod:BalloonGun","DemoMod:SpreadAmmo","DemoMod:ShadowBullets","DemoMod:PracticeMakesPerfect+1"],"relics":["DemoMod:Dog","Centennial Puzzle","DemoMod:LamentConfigurum","Dream Catcher","Membership Card","Nunchaku","DemoMod:Wolf","Shuriken","Boot"],"acts_visited":["Exordium","TheCity"],"potions_floor_usage":[11,11,20,23,23,24],"damage_taken":[{"damage":14,"enemies":"Cultist","floor":1,"turns":5},{"damage":0,"enemies":"2 Louse","floor":2,"turns":2},{"damage":2,"enemies":"Small Slimes","floor":3,"turns":4},{"damage":0,"enemies":"Blue Slaver","floor":4,"turns":3},{"damage":10,"enemies":"Gremlin Nob","floor":6,"turns":3},{"damage":8,"enemies":"3 Louse","floor":7,"turns":3},{"damage":13,"enemies":"Looter","floor":10,"turns":9},{"damage":0,"enemies":"Lagavulin","floor":11,"turns":3},{"damage":17,"enemies":"Gremlin Nob","floor":14,"turns":3},{"damage":7,"enemies":"Slime Boss","floor":16,"turns":6},{"damage":0,"enemies":"3 Byrds","floor":18,"turns":4},{"damage":0,"enemies":"2 Thieves","floor":20,"turns":3},{"damage":0,"enemies":"Chosen and Byrds","floor":21,"turns":4},{"damage":46,"enemies":"Slavers","floor":23,"turns":5},{"damage":19,"enemies":"Snake Plant","floor":24,"turns":2}],"seed_played":"6560787979313855540","potions_obtained":[{"floor":1,"key":"Weak Potion"},{"floor":2,"key":"PowerPotion"},{"floor":4,"key":"Explosive Potion"},{"floor":14,"key":"LiquidBronze"},{"floor":16,"key":"EssenceOfSteel"},{"floor":18,"key":"ColorlessPotion"},{"floor":20,"key":"FearPotion"}],"is_trial":false,"path_per_floor":["M","M","M","M","?","E","M","R","T","M","E","R","$","E","R","B",null,"M","?","M","M","?","E","M"],"character_chosen":"HUNTRESS","items_purchased":["Membership Card","DemoMod:BlankBullets","HandOfGreed","DemoMod:TripleGun"],"campfire_rested":3,"item_purchase_floors":[13,13,13,13],"current_hp_per_floor":[49,49,47,47,47,37,29,47,47,34,34,52,52,35,53,46,63,63,63,63,63,63,17,0,0],"gold":176,"neow_bonus":"TRANSFORM_TWO_CARDS","is_daily":false,"chose_seed":false,"campfire_upgraded":0,"win_rate":0.0,"timestamp":1613320581,"path_taken":["M","?","?","M","?","E","?","R","T","M","E","R","?","E","R","BOSS","M","?","M","M","?","E","M"],"items_purchased_type":["Relic","Card","Card","Card"],"build_version":"2020-12-22","purchased_purges":1,"victory":false,"max_hp_per_floor":[63,63,63,63,63,63,63,63,63,63,63,63,63,63,63,63,63,63,63,63,63,63,63,63,63],"card_choices":[{"not_picked":["DemoMod:DoubleSwitch","DemoMod:SniperShot"],"picked":"DemoMod:AWP","floor":1},{"not_picked":["DemoMod:StickyCrossBow","DemoMod:SpreadAmmo"],"picked":"DemoMod:PotionOfGunFriendShip","floor":1},{"not_picked":["DemoMod:StickyCrossBow","DemoMod:RadGun","DemoMod:HardPowerCard"],"picked":"SKIP","floor":2},{"not_picked":["DemoMod:Polaris","DemoMod:DirectionalPad"],"picked":"DemoMod:GunShield","floor":3},{"not_picked":["DemoMod:HuntsMan","DemoMod:Unmoved","DemoMod:TeaPot"],"picked":"SKIP","floor":4},{"not_picked":["DemoMod:ZorGun","DemoMod:Polaris","DemoMod:RadGun"],"picked":"SKIP","floor":6},{"not_picked":["DemoMod:StickyCrossBow","DemoMod:GunstockTap"],"picked":"DemoMod:TableSutra","floor":7},{"not_picked":["DemoMod:HardPowerCard","DemoMod:Camera"],"picked":"DemoMod:SniperShot","floor":10},{"not_picked":["DemoMod:JK47","DemoMod:AWP"],"picked":"DemoMod:GunShield","floor":11},{"not_picked":["DemoMod:Rummage","DemoMod:FeignSurrender"],"picked":"DemoMod:SpreadAmmo","floor":14},{"not_picked":["DemoMod:ThirdPartyController","DemoMod:FinishedGun"],"picked":"DemoMod:BalloonGun","floor":16},{"not_picked":["DemoMod:AbyssalTentacle","DemoMod:BattleInHaste","DemoMod:Unmoved"],"picked":"SKIP","floor":18},{"not_picked":["DemoMod:BoxingGlove","DemoMod:FeignSurrender"],"picked":"DemoMod:ShadowBullets","floor":20},{"not_picked":["DemoMod:ProbeStrike","DemoMod:JK47+1","DemoMod:Camera"],"picked":"SKIP","floor":21},{"not_picked":["DemoMod:DoubleSwitch+1","DemoMod:Replace"],"picked":"DemoMod:PracticeMakesPerfect+1","floor":23}],"player_experience":2487178,"relics_obtained":[{"floor":6,"key":"Centennial Puzzle"},{"floor":9,"key":"DemoMod:LamentConfigurum"},{"floor":11,"key":"Dream Catcher"},{"floor":14,"key":"Nunchaku"},{"floor":23,"key":"Boot"}],"event_choices":[{"damage_healed":0,"gold_gain":275,"player_choice":"Desecrate","damage_taken":0,"max_hp_gain":0,"max_hp_loss":0,"event_name":"Golden Shrine","floor":5,"gold_loss":0,"cards_obtained":["Regret"]},{"damage_healed":0,"gold_gain":0,"player_choice":"Obtained Relic","damage_taken":0,"relics_obtained":["Shuriken"],"max_hp_gain":0,"max_hp_loss":0,"event_name":"Addict","floor":22,"gold_loss":85}],"is_beta":false,"boss_relics":[{"not_picked":["Empty Cage","Coffee Dripper"],"picked":"DemoMod:Wolf"}],"items_purged_floors":[13],"is_endless":false,"potions_floor_spawned":[1,2,4,14,16,18,20],"killed_by":"Snake Plant","ascension_level":4}}