{"host":"2q82lssse0ckn8xu","time":1613297762,"event":{"mods":["AchievementEnabler","BaseMod","Better Third Choice","Colored Map","Colored Powertips","Highlight Path","Jorbs\u0027s Wanderer Trilogy","Minty Spire (QoL Compilation)","Permanent Neow","Quick Restart","StSLib","The Bug Knight","The Saiyan","Unceasing Turn Reminder"],"gold_per_floor":[114,189,202,216,230,230,257,257,283,303,303,320,332,348,348,445,445,385,385,385,385,385,385,104,104,104,104,104,104,104,104,104,104,104,104,104,104,104,104,104,104,104,104,37,37,37,37,37,37,37,37],"floor_reached":50,"language":"ENG","playtime":4367,"items_purged":[],"score":496,"play_id":"731bbd57-5eab-4388-afb6-5a271efa0564","local_time":"20210214154602","is_ascension_mode":false,"campfire_choices":[{"data":"HollowMod:FocusHealStart","floor":6.0,"key":"SMITH"},{"data":"HollowMod:SoulShaman","floor":8.0,"key":"SMITH"},{"floor":11.0,"key":"REST"},{"data":"HollowMod:ChannelNail","floor":15.0,"key":"SMITH"},{"data":"HollowMod:InfectedCysts","floor":23,"key":"SMITH"},{"data":"HollowMod:DungDefenderAura","floor":25,"key":"SMITH"},{"data":"HollowMod:HeavyBlow","floor":27,"key":"SMITH"},{"floor":32,"key":"REST"},{"data":"HollowMod:InfectedAttack","floor":40,"key":"SMITH"},{"floor":45,"key":"REST"},{"data":"HollowMod:MantisMark","floor":49,"key":"SMITH"}],"circlet_count":0,"master_deck":["HollowMod:NailStrikeStart+1","HollowMod:NailStrikeStart+1","HollowMod:NailStrikeStart+1","HollowMod:NailStrikeStart+1","HollowMod:QuickDashStart+1","HollowMod:QuickDashStart+1","HollowMod:QuickDashStart+1","HollowMod:QuickDashStart+1","HollowMod:FocusHealStart+1","HollowMod:SoulVessel","HollowMod:HeavyBlow+1","HollowMod:InfectedCysts+1","HollowMod:SoulShaman+1","HollowMod:DungDefenderAura+1","HollowMod:DashSlash","HollowMod:GreatSlash","HollowMod:ChannelNail+1","HollowMod:HornetsHelp","HollowMod:InfectedCysts+1","HollowMod:HuntersJournal+1","HollowMod:MothsMistake+1","HollowMod:PerfectDash","HollowMod:VengefulSpirit","HollowMod:FallenFury","HollowMod:NewInfectedGuardian","HollowMod:InfectedAttack+1","HollowMod:CloakDash","HollowMod:MantisMark+1","HollowMod:InfectionAssault","HollowMod:CrystalDash","HollowMod:DashSlash","HollowMod:GreatSlash+1"],"relics":["HollowMod:VesselMask","Smiling Mask","Potion Belt","Toy Ornithopter","Ectoplasm","HollowMod:PaleOreRelic","Lantern","SlaversCollar","InkBottle","Bird Faced Urn"],"acts_visited":["Exordium","TheCity","TheBeyond"],"potions_floor_usage":[24,31,33,39,46,50,50],"damage_taken":[{"damage":5.0,"enemies":"Small Slimes","floor":1.0,"turns":3.0},{"damage":1.0,"enemies":"Cultist","floor":3.0,"turns":3.0},{"damage":0.0,"enemies":"2 Louse","floor":4.0,"turns":3.0},{"damage":0.0,"enemies":"Exordium Wildlife","floor":5.0,"turns":2.0},{"damage":26.0,"enemies":"HollowMod:MossKnight","floor":7.0,"turns":16.0},{"damage":15.0,"enemies":"2 Fungi Beasts","floor":10.0,"turns":3.0},{"damage":20.0,"enemies":"Large Slime","floor":12.0,"turns":9.0},{"damage":2.0,"enemies":"Looter","floor":13.0,"turns":3.0},{"damage":3.0,"enemies":"Exordium Wildlife","floor":14.0,"turns":5.0},{"damage":53.0,"enemies":"HollowMod:FalseKnight","floor":16.0,"turns":12.0},{"damage":22.0,"enemies":"2 Thieves","floor":18.0,"turns":3.0},{"damage":18.0,"enemies":"Shell Parasite","floor":21.0,"turns":5.0},{"damage":6,"enemies":"Cultist and Chosen","floor":22,"turns":5},{"damage":0,"enemies":"Snecko","floor":28,"turns":4},{"damage":53,"enemies":"Slavers","floor":29,"turns":7},{"damage":0,"enemies":"Shelled Parasite and Fungi","floor":31,"turns":1},{"damage":74,"enemies":"Champ","floor":33,"turns":15},{"damage":4,"enemies":"3 Shapes","floor":35,"turns":3},{"damage":18,"enemies":"3 Darklings","floor":39,"turns":3},{"damage":27,"enemies":"HollowMod:StalkingDevout","floor":41,"turns":7},{"damage":21,"enemies":"4 Shapes","floor":42,"turns":6},{"damage":74,"enemies":"HollowMod:SlobberingHusk","floor":46,"turns":8},{"damage":18,"enemies":"3 Darklings","floor":48,"turns":3},{"damage":84,"enemies":"Donu and Deca","floor":50,"turns":5}],"seed_played":"7693803018302193319","potions_obtained":[{"floor":1.0,"key":"Dexterity Potion"},{"floor":4.0,"key":"Block Potion"},{"floor":5.0,"key":"DistilledChaos"},{"floor":14.0,"key":"SmokeBomb"},{"floor":29,"key":"Energy Potion"},{"floor":33,"key":"EssenceOfSteel"},{"floor":39,"key":"SteroidPotion"},{"floor":41,"key":"Swift Potion"},{"floor":46,"key":"Fire Potion"}],"is_trial":false,"path_per_floor":["M","?","M","M","M","R","E","R","T","M","R","M","M","M","R","B",null,"M","?","?","M","M","R","$","R","T","R","M","E","?","M","R","B",null,"M","?","?","?","M","R","E","M","T","$","R","M","?","M","R","B"],"character_chosen":"THE_BUGKNIGHT","items_purchased":["FairyPotion","Fruit Juice","HollowMod:PerfectDash","HollowMod:CrystalDash"],"campfire_rested":3,"item_purchase_floors":[24,24,24,44],"current_hp_per_floor":[70,59,64,64,64,64,50,50,50,41,63,53,51,48,48,12,75,64,64,64,56,56,56,66,66,66,66,72,25,10,15,40,21,85,81,81,81,81,67,67,50,35,35,35,60,5,74,62,62,0,0],"gold":37,"neow_bonus":"RANDOM_COMMON_RELIC","is_daily":false,"chose_seed":false,"campfire_upgraded":8,"win_rate":0.0,"timestamp":1613297762,"path_taken":["M","?","M","M","M","R","E","R","T","M","R","M","M","M","R","BOSS","M","?","?","?","M","R","$","R","T","R","M","E","?","M","R","BOSS","M","?","?","?","M","R","E","M","T","?","R","M","?","M","R","BOSS"],"items_purchased_type":["Potion","Potion","Card","Card"],"build_version":"2020-12-22","purchased_purges":0,"victory":false,"max_hp_per_floor":[75,75,75,75,75,75,75,75,75,75,75,75,75,75,75,75,75,75,75,75,75,75,75,80,80,80,80,80,80,85,85,85,85,85,85,85,85,85,85,85,85,85,85,85,85,85,74,74,74,74,74],"card_choices":[{"not_picked":["HollowMod:ShadowDash","HollowMod:WraithStrike"],"picked":"HollowMod:SoulVessel","floor":1.0},{"not_picked":["HollowMod:FastStrike","HollowMod:WraithStrike"],"picked":"HollowMod:HeavyBlow","floor":3.0},{"not_picked":["HollowMod:NewLittleFool","HollowMod:SiblingsShadow","HollowMod:MawleksShell"],"picked":"SKIP","floor":4.0},{"not_picked":["HollowMod:MothsMistake","HollowMod:SoulVessel"],"picked":"HollowMod:InfectedCysts","floor":5.0},{"not_picked":["HollowMod:MidwifesHunger","HollowMod:QuirrelsAssistance"],"picked":"HollowMod:SoulShaman","floor":7.0},{"not_picked":["HollowMod:DescendingDark","HollowMod:NewJinnsSoul"],"picked":"HollowMod:DungDefenderAura","floor":10.0},{"not_picked":["HollowMod:VengefulVoid","HollowMod:NewJinnsSoul"],"picked":"HollowMod:DashSlash","floor":12.0},{"not_picked":["HollowMod:DungDefenderAura","HollowMod:MawleksShell"],"picked":"HollowMod:GreatSlash","floor":13.0},{"not_picked":["HollowMod:RecoilStrike","HollowMod:CycloneSlash"],"picked":"HollowMod:ChannelNail","floor":14.0},{"not_picked":["HollowMod:theNailsmith","HollowMod:Hiveblood"],"picked":"HollowMod:HornetsHelp","floor":16.0},{"not_picked":["HollowMod:AbyssShriek","HollowMod:WraithStrike"],"picked":"HollowMod:InfectedCysts+1","floor":18.0},{"not_picked":["HollowMod:ChannelNail","HollowMod:DescendingDark"],"picked":"HollowMod:HuntersJournal+1","floor":21.0},{"not_picked":["HollowMod:SoulSplash","HollowMod:WraithStrike+1"],"picked":"HollowMod:MothsMistake+1","floor":22},{"not_picked":["HollowMod:VengefulVoid","HollowMod:FastStrike"],"picked":"HollowMod:VengefulSpirit","floor":28},{"not_picked":["HollowMod:GoodIntentions","HollowMod:ShapeofUnn+1"],"picked":"HollowMod:FallenFury","floor":29},{"not_picked":["HollowMod:ZotesMagnificence","HollowMod:Weaversong"],"picked":"HollowMod:NewInfectedGuardian","floor":33},{"not_picked":["HollowMod:DesolateDive","HollowMod:SoulSplash"],"picked":"HollowMod:InfectedAttack","floor":35},{"not_picked":["HollowMod:VengefulSpirit","HollowMod:InfectedAttack"],"picked":"HollowMod:CloakDash","floor":39},{"not_picked":["HollowMod:CrystalDash+1","HollowMod:ShadowDash+1"],"picked":"HollowMod:MantisMark","floor":41},{"not_picked":["HollowMod:InfectedAttack","HollowMod:DashSlash"],"picked":"HollowMod:InfectionAssault","floor":42},{"not_picked":["HollowMod:SharpenedNail","HollowMod:CornifersMapStart+1"],"picked":"HollowMod:DashSlash","floor":46},{"not_picked":["HollowMod:LifebloodCocoon","HollowMod:DashSlash+1"],"picked":"HollowMod:GreatSlash+1","floor":48}],"player_experience":688258,"relics_obtained":[{"floor":7.0,"key":"Potion Belt"},{"floor":9.0,"key":"Toy Ornithopter"},{"floor":26,"key":"HollowMod:PaleOreRelic"},{"floor":29,"key":"Lantern"},{"floor":41,"key":"InkBottle"},{"floor":43,"key":"Bird Faced Urn"}],"event_choices":[{"damage_healed":0.0,"max_hp_gain":0.0,"max_hp_loss":0.0,"gold_gain":75.0,"event_name":"betterThird:BetterGoop","player_choice":"Gold","floor":2.0,"gold_loss":0.0,"damage_taken":11.0},{"damage_healed":0.0,"max_hp_gain":0.0,"max_hp_loss":8.0,"gold_gain":0.0,"event_name":"betterThird:BetterWriting","player_choice":"Simplicity","floor":19.0,"gold_loss":0.0,"damage_taken":0.0},{"damage_healed":0.0,"max_hp_gain":0.0,"max_hp_loss":0.0,"gold_gain":0.0,"event_name":"FaceTrader","player_choice":"Leave","floor":20.0,"gold_loss":0.0,"damage_taken":0.0},{"damage_healed":0,"gold_gain":0,"player_choice":"Shed Blood","damage_taken":20,"max_hp_gain":5,"max_hp_loss":0,"event_name":"Forgotten Altar","floor":30,"gold_loss":0},{"damage_healed":0,"gold_gain":0,"player_choice":"Ignored","damage_taken":0,"max_hp_gain":0,"max_hp_loss":0,"event_name":"Tomb of Lord Red Mask","floor":36,"gold_loss":0},{"cards_removed":["HollowMod:PogoStrike"],"damage_healed":0,"gold_gain":0,"player_choice":"Removed Attack","damage_taken":0,"max_hp_gain":0,"max_hp_loss":0,"event_name":"Falling","floor":38,"gold_loss":0},{"damage_healed":74,"gold_gain":0,"player_choice":"Heal","damage_taken":0,"max_hp_gain":0,"max_hp_loss":11,"event_name":"The Moai Head","floor":47,"gold_loss":0}],"is_beta":false,"boss_relics":[{"not_picked":["Astrolabe","Runic Dome"],"picked":"Ectoplasm"},{"not_picked":["Sozu","Pandora\u0027s Box"],"picked":"SlaversCollar"}],"items_purged_floors":[],"is_endless":false,"potions_floor_spawned":[1,4,5,14,29,31,33,39,41,46],"killed_by":"Donu and Deca","ascension_level":0}}