{"host":"ggy1mjjy92c62u6a","time":1613307222,"event":{"mods":["10 clothes from DAL","ATMod(阿瑾Mod)","Act Like it!","BaseMod","Colored Powertips","GifTheSpireLib","Library of Ruina","Library of Ruina Extra","Lobotomy","LobotomyExtend","Minty Spire (QoL Compilation)","Quick Restart","Relic Filter Mod","Relic Stats","Reliquary","Replay The Spire","Shop Mod","Spicy Shops","StSLib","SuperFastMode","TestMod","【功能Mod】混沌之环修复补丁","【遗物Mod】死灵法师NEW","【遗物卡牌】REMEMod"],"gold_per_floor":[116,132,144,189,199,233,233,233,233,213,233,250,261,275,275,379,379,392,403,403,5,16,16,26,26,26,57,68,68,68,93,93,193,193,203,203,213,25,44,44,78,89,168,179,179,198,218,218,618,618],"floor_reached":51,"language":"ZHS","playtime":2572,"items_purged":[],"score":1394,"play_id":"8fcca8bd-1228-4084-abb2-a2dfe6308610","local_time":"20210214205342","is_ascension_mode":true,"campfire_choices":[{"floor":8.0,"key":"REST"},{"floor":15.0,"key":"REST"},{"data":"AT_SoftenMuscles","floor":23.0,"key":"SMITH"},{"floor":25.0,"key":"REST"},{"floor":29.0,"key":"REST"},{"data":"ShrineToMusic","floor":40,"key":"SMITH"}],"circlet_count":0,"master_deck":["Dodge","ChargeAndCover","FocusedStrikes","AT_SoftenMuscles+1","ShrineToMusic+1","Reload","ElectricShock","RulesOfTheBackstreets+1","WaitUp","WillProduceFineSilk","Punishment","UnavoidableGaze","SilentMist+1","FocusedStrikes","UnavoidableGaze+1","BlazingStrike","Observe","ButterflySlash+1","WillProduceFineSilk","QuickAttack+1","REME_MawOfCthun","UnavoidableGaze","WrathOfTorment+1","UnavoidableGaze+1","Doubt","SpearedSweep+1"],"relics":["PageOfLibrarian","REME_ComplimentaryCards","testmod-TestBox","RabbitCall","testmod-Temperance","LetterFromLob","AT_PhaseBoots","PageOfMercenary","Sundial","Runic Dome","Membership Card","Frozen Egg 2","reliquary:FerryPass","PageOfForsakenMurderer","testmod-Hope","DALC_FOUR","reliquary:BallBearing","Philosopher\u0027s Stone","PageOfGreed","PageOfTheQueenOfHatred"],"acts_visited":["Exordium","TheCity","TheBeyond"],"potions_floor_usage":[46,50,51],"damage_taken":[{"damage":3.0,"enemies":"Cultist","floor":1.0,"turns":4.0},{"damage":8.0,"enemies":"2 Louse","floor":2.0,"turns":3.0},{"damage":0.0,"enemies":"Small Slimes","floor":3.0,"turns":3.0},{"damage":0.0,"enemies":"Blue Slaver","floor":5.0,"turns":2.0},{"damage":8.0,"enemies":"Lagavulin","floor":6.0,"turns":4.0},{"damage":0.0,"enemies":"3 Louse","floor":11.0,"turns":4.0},{"damage":13.0,"enemies":"Exordium Thugs","floor":12.0,"turns":4.0},{"damage":0.0,"enemies":"Looter","floor":13.0,"turns":2.0},{"damage":0.0,"enemies":"Large Slime","floor":14.0,"turns":5.0},{"damage":7.0,"enemies":"Hexaghost","floor":16.0,"turns":12.0},{"damage":38.0,"enemies":"Chosen","floor":18.0,"turns":6.0},{"damage":19.0,"enemies":"Shell Parasite","floor":19.0,"turns":5.0},{"damage":0.0,"enemies":"Snecko","floor":22.0,"turns":4.0},{"damage":18.0,"enemies":"Shelled Parasite and Fungi","floor":24.0,"turns":4.0},{"damage":10.0,"enemies":"Book of Stabbing","floor":27.0,"turns":5.0},{"damage":0.0,"enemies":"Chosen and Byrds","floor":28.0,"turns":3.0},{"damage":23.0,"enemies":"Gremlin Leader","floor":31.0,"turns":4.0},{"damage":2,"enemies":"Pondfish","floor":33,"turns":5},{"damage":25,"enemies":"3 Darklings","floor":35,"turns":5},{"damage":0,"enemies":"Orb Walker","floor":37,"turns":2},{"damage":5,"enemies":"Spire Growth","floor":39,"turns":3},{"damage":34,"enemies":"R_Hoarder","floor":41,"turns":6},{"damage":35,"enemies":"Writhing Mass","floor":42,"turns":4},{"damage":7,"enemies":"Transient","floor":44,"turns":5},{"damage":14,"enemies":"Sphere and 2 Shapes","floor":46,"turns":5},{"damage":7,"enemies":"Spire Growth","floor":47,"turns":1},{"damage":47,"enemies":"Awakened One","floor":50,"turns":8},{"damage":30,"enemies":"Malkuth","floor":51,"turns":5},{"damage":75,"enemies":"Yesod","floor":51,"turns":9}],"seed_played":"-7582162966239911100","potions_obtained":[{"floor":2.0,"key":"FairyPotion"},{"floor":4.0,"key":"SneckoOil"},{"floor":6.0,"key":"Languid Potion"},{"floor":10.0,"key":"Energy Potion"},{"floor":12.0,"key":"REME_GoldPotion"},{"floor":13.0,"key":"Milkshake"},{"floor":27.0,"key":"Swift Potion"},{"floor":31.0,"key":"SteroidPotion"},{"floor":35,"key":"LiquidBronze"}],"is_trial":false,"path_per_floor":["M","M","M","?","M","E","?","R","T","?","M","M","M","M","R","B",null,"M","M","?","$","M","R","M","R","T","E","M","R","?","E","R","B",null,"M","?","M","$","M","R","E","M","T","M","?","M","M","?","R","B",null],"character_chosen":"Librarian","items_purchased":["Membership Card","Frozen Egg 2","reliquary:FerryPass","SilentMist+1","REME_MawOfCthun","UnavoidableGaze"],"campfire_rested":4,"item_purchase_floors":[21,21,21,21,38,38],"current_hp_per_floor":[51,43,43,24,24,16,24,47,47,47,47,34,34,34,57,50,70,32,13,24,24,24,24,6,30,30,20,20,44,44,21,45,43,74,49,46,46,46,41,41,58,23,23,24,84,72,70,70,70,51],"gold":618,"neow_bonus":"","is_daily":false,"chose_seed":false,"campfire_upgraded":2,"win_rate":0.0,"timestamp":1613307222,"path_taken":["M","?","M","?","M","E","?","R","T","?","M","?","M","M","R","BOSS","M","M","?","$","M","R","M","R","T","E","M","R","?","E","R","BOSS","M","?","M","$","?","R","E","M","T","M","?","M","M","?","R","BOSS"],"items_purchased_type":["Relic","Relic","Relic","Card","Card","Card"],"build_version":"2020-12-22","purchased_purges":0,"victory":true,"max_hp_per_floor":[60,77,77,77,77,71,71,77,77,77,77,77,77,77,77,77,77,77,77,82,82,82,82,82,82,82,82,82,82,82,82,82,84,84,84,84,84,84,84,84,84,84,84,84,84,84,84,84,84,84],"relic_stats":{"counters":[30,136],"Sundial":[20],"obtain_stats":[{"RabbitCall":0,"PageOfTheQueenOfHatred":43,"AT_ATBox":0,"testmod-TestBox":0,"testmod-Temperance":0,"AT_PhaseBoots":18,"Frozen Egg 2":21,"reliquary:FerryPass":21,"PageOfLibrarian":0,"PageOfGreed":41,"Runic Dome":17,"CogitoBucket":0,"AT_SpeedBoots":4,"DALC_FOUR":30,"PageOfMercenary":6,"Sundial":9,"PageOfForsakenMurderer":26,"testmod-Hope":27,"Philosopher\u0027s Stone":34,"reliquary:BallBearing":31,"LetterFromLob":1,"Membership Card":21,"REME_ComplimentaryCards":0},{"RabbitCall":0,"PageOfTheQueenOfHatred":23,"AT_ATBox":0,"testmod-TestBox":0,"testmod-Temperance":0,"AT_PhaseBoots":11,"Frozen Egg 2":12,"reliquary:FerryPass":12,"PageOfLibrarian":0,"PageOfGreed":22,"Runic Dome":10,"CogitoBucket":0,"AT_SpeedBoots":3,"DALC_FOUR":16,"PageOfMercenary":5,"Sundial":5,"PageOfForsakenMurderer":14,"testmod-Hope":15,"Philosopher\u0027s Stone":18,"reliquary:BallBearing":17,"LetterFromLob":1,"Membership Card":12,"REME_ComplimentaryCards":0},{"RabbitCall":0,"PageOfTheQueenOfHatred":99,"AT_ATBox":0,"testmod-TestBox":0,"testmod-Temperance":0,"AT_PhaseBoots":44,"Frozen Egg 2":54,"reliquary:FerryPass":54,"PageOfLibrarian":0,"PageOfGreed":95,"Runic Dome":43,"CogitoBucket":0,"AT_SpeedBoots":10,"DALC_FOUR":70,"PageOfMercenary":16,"Sundial":16,"PageOfForsakenMurderer":62,"testmod-Hope":67,"Philosopher\u0027s Stone":79,"reliquary:BallBearing":74,"LetterFromLob":4,"Membership Card":54,"REME_ComplimentaryCards":0}]},"card_choices":[{"not_picked":["HiddenBlade","HandleRequest","EnergyShield"],"picked":"ShrineToMusic","floor":1.0},{"not_picked":["SuppressingShot","ClassAndRespect","MindPrepared"],"picked":"Reload","floor":2.0},{"not_picked":["DefenseOrder","ScatteringSlash","Collision","MultiHit"],"picked":"SKIP","floor":3.0},{"not_picked":["OpportunitySpotted","SparkingSpear","ForTheFamily"],"picked":"ElectricShock","floor":4.0},{"not_picked":["ViolentFlame","FierceCharge","TasteMyFlamingBat"],"picked":"RulesOfTheBackstreets","floor":5.0},{"not_picked":["SpearedSweep","Reload","TasteMyFlamingBat","StrongStrike"],"picked":"SKIP","floor":6.0},{"not_picked":["Pound","FierceOnslaught","HandlingWork","SpearedSweep"],"picked":"SKIP","floor":11.0},{"not_picked":["Gamble","ViolentFlame","SinglePointStab","HandleRequest"],"picked":"SKIP","floor":12.0},{"not_picked":["ClassAndRespect","SetFire","Punishment","FierceCharge"],"picked":"SKIP","floor":13.0},{"not_picked":["QuickAttack","Juggling","NonstopAssault"],"picked":"WaitUp","floor":14.0},{"not_picked":["BlazingStrike","FleshFillet"],"picked":"WillProduceFineSilk","floor":16.0},{"not_picked":["SmokingPipe","ButterflySlash","Pound"],"picked":"Punishment","floor":18.0},{"not_picked":["ShockRound","FlashOfSunup","SunsetBlade+1"],"picked":"UnavoidableGaze","floor":19.0},{"not_picked":["LeRegole","SinglePointStab+1","TasteMyFlamingBat+1"],"picked":"UnavoidableGaze+1","floor":22.0},{"not_picked":["SunsetBlade+1","StrongStrike+1","TasteMyFlamingBat+1"],"picked":"BlazingStrike","floor":24.0},{"not_picked":["SunsetBlade+1","AbsorbImpact","EnergyShield"],"picked":"Observe","floor":27.0},{"not_picked":["SetFire","SmokingPipe","EnergyShield+1","FleetFootsteps"],"picked":"SKIP","floor":28.0},{"not_picked":["CumulusWall","Reload","EnergyShield"],"picked":"ButterflySlash+1","floor":31.0},{"not_picked":["FlamingDragonFist","SilentNight"],"picked":"WillProduceFineSilk","floor":33},{"not_picked":["Collision+1","ClassAndRespect","EnergyShield+1"],"picked":"QuickAttack+1","floor":35},{"not_picked":["StayCalm+1","GuidanceOfTheGears","StrongStrike","LossOfSenses+1"],"picked":"SKIP","floor":37},{"not_picked":["ShockRound+1","FeatherShield","HighSpeedStabbing"],"picked":"WrathOfTorment+1","floor":39},{"not_picked":["MindPrepared","DefenseOrder","Eject","Zzzzzap+1"],"picked":"SKIP","floor":41},{"not_picked":["DarkCloud+1","Bvapour+1","SinglePointStab+1","RulesOfTheBackstreets"],"picked":"SKIP","floor":42},{"not_picked":["FierceCharge","SetFire+1","BayonetCombat+1"],"picked":"UnavoidableGaze+1","floor":44},{"not_picked":["MultiHit+1","ViolentFlame+1","FlamingDragonFist","YoureAHindrance+1"],"picked":"SKIP","floor":46},{"not_picked":["Pound","DarkCloud+1","SetFire+1"],"picked":"SpearedSweep+1","floor":47}],"player_experience":116442,"relics_obtained":[{"floor":1.0,"key":"LetterFromLob"},{"floor":4.0,"key":"AT_SpeedBoots"},{"floor":6.0,"key":"PageOfMercenary"},{"floor":9.0,"key":"Sundial"},{"floor":26.0,"key":"PageOfForsakenMurderer"},{"floor":27.0,"key":"testmod-Hope"},{"floor":31.0,"key":"reliquary:BallBearing"},{"floor":41,"key":"PageOfGreed"},{"floor":43,"key":"PageOfTheQueenOfHatred"}],"event_choices":[{"damage_healed":0.0,"max_hp_gain":0.0,"max_hp_loss":0.0,"gold_gain":0.0,"event_name":"The Woman in Blue","player_choice":"Bought 1 Potion","floor":10.0,"gold_loss":0.0,"damage_taken":0.0},{"damage_healed":0.0,"max_hp_gain":5.0,"max_hp_loss":0.0,"gold_gain":0.0,"event_name":"Forgotten Altar","player_choice":"Shed Blood","floor":20.0,"gold_loss":0.0,"damage_taken":19.0},{"damage_healed":0.0,"max_hp_gain":0.0,"max_hp_loss":0.0,"gold_gain":0.0,"event_name":"The Mausoleum","player_choice":"Opened","floor":30.0,"gold_loss":0.0,"damage_taken":0.0,"relics_obtained":["DALC_FOUR"]},{"damage_healed":0,"gold_gain":0,"player_choice":"Punched","damage_taken":3,"max_hp_gain":0,"max_hp_loss":0,"event_name":"Designer","floor":36,"gold_loss":0},{"damage_healed":60,"gold_gain":0,"player_choice":"Heal","damage_taken":0,"max_hp_gain":0,"max_hp_loss":0,"event_name":"MindBloom","floor":45,"gold_loss":0,"cards_obtained":["Doubt"]},{"damage_healed":0,"gold_gain":0,"player_choice":"Ignored","damage_taken":0,"max_hp_gain":0,"max_hp_loss":0,"event_name":"Tomb of Lord Red Mask","floor":48,"gold_loss":0},{"damage_healed":0,"gold_gain":400,"player_choice":"Sell","damage_taken":0,"max_hp_gain":0,"max_hp_loss":0,"event_name":"恩洛斯的盘子","floor":49,"relics_lost":["AT_ATBox"],"gold_loss":0}],"is_beta":false,"boss_relics":[{"not_picked":["testmod-PortableAltar","Snecko Eye"],"picked":"Runic Dome"},{"not_picked":["reliquary:RedPaperclip","Calling Bell"],"picked":"Philosopher\u0027s Stone"}],"items_purged_floors":[],"is_endless":false,"potions_floor_spawned":[2,6,12,13,14,18,27,31,35,37,44,47],"ascension_level":9}}