{"host":"l9d4bclu8pwa3q15","time":1613300892,"event":{"mods":["Act Like it!","Arknights","BaseMod","Better Altar","Better Match","Better Note","Better Sensory Stone","Better Skull","BetterRewards","Colored Map","Colored Powertips","Downfall","Emptier Cage","Gensokyo","GifTheSpireLib","Keyboard Shortcuts","Koishi","KomeijiMod","Lobotomy","LobotomyExtend","Minty Spire (QoL Compilation)","Quick Restart","Rare Cards Sparkle","Relic Sorter","Remilia_Scarlet Moed（蕾米莉亚・斯卡雷特）3.3.5","Replay The Spire","Spicy Shops","StSLib","UnlockEverythingMod","Waifu the Spire","WarShipGirlsR/战舰少女R mod","Yakumo Yukari mod","Youmu（魂魄妖梦）","Yuyuko"],"gold_per_floor":[113,113,127,49,61,90,109,128,178,206,220,231,249,93,93,192,192,206,206,206,181,195,195,133,133,133,133,150,150,174,25,25,130,130,130,130],"floor_reached":35,"language":"ZHS","playtime":2808,"items_purged":[],"score":595,"play_id":"71af03f0-a2d7-45be-943e-7e76d534d941","local_time":"20210214190812","is_ascension_mode":true,"campfire_choices":[],"circlet_count":0,"master_deck":["SpecialBullet","SpecialBullet","SpecialBullet","SpecialBullet","SpecialBullet","SpecialBullet","InformationCode","SecurityCode","CentralCode","RedEyes","MHz","MagicBullet","VoidDream","ScreamingWedge+1","PunishingBird","GrinderMk4","GalaxyChild","Heaven","OSAHOGD","Lantern","MeatLantern","Twilight","GreedKing","DespairKnight","Heaven","GrinderMk4","Wellcheers","NakedNest","Mimicry","Variant","WristCuter","Woodsman","Ghostly","Ghostly","Bite","Bite","Bite","Bite","Bite","RedEyes","LittleHelper","GoldRush","SwordSharpenedByTears+1","RedShoes","Twilight","FieryBird"],"relics":["CogitoBucket","RabbitCall","LetterFromLob","Meat on the Bone","TreeSap","Potion Belt","Orichalcum","TheAbacus","Replay:Drink Me","SkinProphecy","Tiny Chest","Mummified Hand","Gremlin Food","HandDrill","Painkiller Herb"],"acts_visited":["Exordium","TheCity","TheBeyond"],"potions_floor_usage":[28,35,35],"damage_taken":[{"damage":6.0,"enemies":"2 Louse","floor":1.0,"turns":2.0},{"damage":6.0,"enemies":"Cultist","floor":3.0,"turns":3.0},{"damage":0.0,"enemies":"Small Slimes","floor":5.0,"turns":1.0},{"damage":42.0,"enemies":"Lagavulin","floor":6.0,"turns":10.0},{"damage":5.0,"enemies":"Blue Slaver","floor":7.0,"turns":3.0},{"damage":24.0,"enemies":"2 Fungi Beasts","floor":8.0,"turns":5.0},{"damage":31.0,"enemies":"Gremlin Nob","floor":10.0,"turns":5.0},{"damage":0.0,"enemies":"Looter","floor":11.0,"turns":3.0},{"damage":0.0,"enemies":"Blue Slaver","floor":12.0,"turns":4.0},{"damage":17.0,"enemies":"3 Louse","floor":13.0,"turns":5.0},{"damage":18.0,"enemies":"Hexaghost","floor":16.0,"turns":5.0},{"damage":12.0,"enemies":"Shell Parasite","floor":18.0,"turns":12.0},{"damage":1,"enemies":"2 Thieves","floor":21,"turns":5},{"damage":5,"enemies":"Snake Plant","floor":22,"turns":8},{"damage":0,"enemies":"Chosen and Byrds","floor":28,"turns":4},{"damage":43,"enemies":"Pondfish","floor":33,"turns":14},{"damage":52,"enemies":"3 Shapes","floor":35,"turns":7}],"seed_played":"-2717350353916754269","potions_obtained":[{"floor":1.0,"key":"Reflective Coating"},{"floor":3.0,"key":"Energy Potion"},{"floor":6.0,"key":"Ancient Potion"},{"floor":7.0,"key":"Fruit Juice"},{"floor":12.0,"key":"Weak Potion"},{"floor":13.0,"key":"bronze:BurnAndBuffPotion"},{"floor":21,"key":"Fire Potion"},{"floor":22,"key":"CalmPotion"},{"floor":33,"key":"Weak Potion"}],"is_trial":false,"path_per_floor":["M","?","M","$","M","E","M","M","T","E","M","M","M","$","R","B",null,"M","?","?","M","M","R","$","R","T","R","M","R","T","$","R","B",null,"?"],"character_chosen":"Angela","items_purchased":["ScreamingWedge+1","TheAbacus","Tiny Chest","HandDrill"],"campfire_rested":0,"item_purchase_floors":[4,14,24,31],"current_hp_per_floor":[70,70,70,70,70,32,47,48,48,35,55,63,59,59,59,54,57,57,28,19,21,23,23,23,23,23,23,29,29,29,29,29,32,32,0,0],"gold":130,"neow_bonus":"RANDOM_COLORLESS","is_daily":false,"chose_seed":false,"campfire_upgraded":0,"win_rate":0.0,"timestamp":1613300892,"path_taken":["M","?","?","?","M","E","M","M","T","E","?","M","M","?","R","BOSS","M","?","?","M","M","R","$","R","T","R","M","R","?","?","R","BOSS","?"],"items_purchased_type":["Card","Relic","Relic","Relic"],"build_version":"2020-12-22","purchased_purges":0,"victory":false,"max_hp_per_floor":[70,70,70,70,70,70,70,75,75,75,75,75,75,75,75,75,57,57,28,19,21,23,23,23,23,23,23,29,29,29,29,29,32,32,36,36],"card_choices":[{"not_picked":["ReplayTheSpireMod:Private Reserves","Dark Shackles"],"picked":"Madness","floor":0.0},{"not_picked":["Penitence"],"picked":"RedEyes","floor":1.0},{"not_picked":["PunishingBird","OSAHOGD"],"picked":"MHz","floor":1.0},{"not_picked":["TodaysExpression"],"picked":"MagicBullet","floor":3.0},{"not_picked":["GalaxyChild","CherryBlossoms"],"picked":"VoidDream","floor":3.0},{"not_picked":["FairyFestival","OldLady"],"picked":"PunishingBird","floor":5.0},{"not_picked":["Wingbeat"],"picked":"CUTE","floor":5.0},{"not_picked":["RapturousDream"],"picked":"GrinderMk4","floor":6.0},{"not_picked":["WallGazer","CherryBlossoms"],"picked":"GalaxyChild","floor":6.0},{"not_picked":["TodaysExpression"],"picked":"Heaven","floor":7.0},{"not_picked":["QueenBee","Wellcheers"],"picked":"OSAHOGD","floor":7.0},{"not_picked":["SomewhereSpear"],"picked":"Lantern","floor":8.0},{"not_picked":["ShyLook","OldLady"],"picked":"MeatLantern","floor":8.0},{"not_picked":["FeatherOfHonor"],"picked":"Twilight","floor":10.0},{"not_picked":["Bloodbath","FairyFestival"],"picked":"GreedKing","floor":10.0},{"not_picked":["CherryBlossoms","Bloodbath"],"picked":"DespairKnight","floor":11.0},{"not_picked":["RapturousDream"],"picked":"Heaven","floor":11.0},{"not_picked":["Noise"],"picked":"GrinderMk4","floor":12.0},{"not_picked":["Bloodbath","OldLady"],"picked":"Wellcheers","floor":12.0},{"not_picked":["Beak"],"picked":"Regret_ego","floor":13.0},{"not_picked":["Porccubus","Scorched"],"picked":"NakedNest","floor":13.0},{"not_picked":["ParadiseLost"],"picked":"Mimicry","floor":16.0},{"not_picked":["CherryBlossoms","UniverseFragment"],"picked":"Variant","floor":16.0},{"not_picked":["Beak"],"picked":"WristCuter","floor":18.0},{"not_picked":["Funeral","Murderer"],"picked":"Woodsman","floor":18.0},{"not_picked":["FrostShard"],"picked":"RedEyes","floor":21},{"not_picked":["Scorched","OldLady"],"picked":"LittleHelper","floor":21},{"not_picked":["Regret_ego"],"picked":"GoldRush","floor":22},{"not_picked":["Rudolta","Scarecrow"],"picked":"Funeral","floor":22},{"not_picked":["Regret_ego"],"picked":"SwordSharpenedByTears+1","floor":28},{"not_picked":["HappyTeddy","UniverseFragment"],"picked":"RedShoes","floor":28},{"not_picked":["ParadiseLost"],"picked":"Twilight","floor":33},{"not_picked":["SnowQueen","UniverseFragment"],"picked":"FieryBird","floor":33}],"player_experience":129734,"relics_obtained":[{"floor":1.0,"key":"LetterFromLob"},{"floor":6.0,"key":"Meat on the Bone"},{"floor":9.0,"key":"Potion Belt"},{"floor":10.0,"key":"Orichalcum"},{"floor":26,"key":"Mummified Hand"},{"floor":30,"key":"Gremlin Food"}],"event_choices":[{"cards_removed":["Madness"],"damage_healed":0.0,"max_hp_gain":0.0,"max_hp_loss":0.0,"gold_gain":0.0,"event_name":"Bonfire Elementals","player_choice":"Offered Uncommon","floor":2.0,"gold_loss":0.0,"damage_taken":0.0},{"damage_healed":0.0,"max_hp_gain":0.0,"max_hp_loss":29.0,"gold_gain":0.0,"event_name":"Ghosts","player_choice":"Became a Ghost","floor":19.0,"gold_loss":0.0,"damage_taken":0.0,"cards_obtained":["Ghostly","Ghostly","Ghostly","Ghostly","Ghostly"]},{"damage_healed":0.0,"max_hp_gain":0.0,"max_hp_loss":9.0,"gold_gain":0.0,"event_name":"Vampires","player_choice":"Became a vampire","floor":20.0,"gold_loss":0.0,"damage_taken":0.0,"cards_obtained":["Bite","Bite","Bite","Bite","Bite"]}],"is_beta":false,"boss_relics":[{"not_picked":["Snecko Eye","Astrolabe"],"picked":"Replay:Drink Me"},{"not_picked":["Empty Cage","SlaversCollar"],"picked":"Painkiller Herb"}],"items_purged_floors":[],"is_endless":false,"potions_floor_spawned":[1,3,6,7,12,13,21,22,33],"killed_by":"3 Shapes","ascension_level":1}}