{"host":"mydft8i2zzydgggw","time":1613300668,"event":{"mods":["AchievementEnabler","BaseMod","Colored Map","Colored Powertips","DeckTracker","Keyboard Shortcuts","Minty Spire (QoL Compilation)","Rare Cards Sparkle","StSLib","SuperFastMode","everything is the same but u backflip on backflip"],"gold_per_floor":[117,117,20,20,35,62,79,79,79,97,130,142,62,89,89,188,188,175,191,35,45,56,56,81,91,91,104,104,104,104,124,124,124,124],"floor_reached":33,"language":"KOR","playtime":839,"items_purged":["Strike_G"],"score":471,"play_id":"fb1b08ff-7d37-4211-a393-328dc60fbeb6","local_time":"20210214200428","is_ascension_mode":true,"campfire_choices":[{"data":"Blade Dance","floor":8,"key":"SMITH"},{"data":"Prepared","floor":15,"key":"SMITH"},{"data":"Adrenaline","floor":23,"key":"SMITH"},{"data":"Prepared","floor":30,"key":"SMITH"},{"data":"Wraith Form v2","floor":32,"key":"SMITH"}],"circlet_count":0,"master_deck":["AscendersBane","Strike_G","Strike_G","Defend_G","Defend_G","Defend_G","Defend_G+1","Defend_G","Survivor","Neutralize","Blade Dance+1","Prepared+1","Cloak And Dagger","Accuracy","Cloak And Dagger+1","Wraith Form v2+1","Prepared+1","Tactician","Unload+1","Adrenaline+1","Reflex","Reflex","Choke+1"],"relics":["Ring of the Snake","NeowsBlessing","Molten Egg 2","Omamori","Centennial Puzzle","Thread and Needle","SlaversCollar","Vajra","War Paint","Singing Bowl"],"acts_visited":["Exordium","TheCity"],"potions_floor_usage":[11,16,16,16,24,31,33],"damage_taken":[{"damage":0,"enemies":"Small Slimes","floor":1,"turns":1},{"damage":0,"enemies":"2 Louse","floor":5,"turns":1},{"damage":0,"enemies":"Gremlin Nob","floor":6,"turns":1},{"damage":0,"enemies":"Cultist","floor":7,"turns":4},{"damage":11,"enemies":"Lots of Slimes","floor":10,"turns":5},{"damage":11,"enemies":"Lagavulin","floor":11,"turns":5},{"damage":4,"enemies":"2 Fungi Beasts","floor":12,"turns":3},{"damage":14,"enemies":"3 Sentries","floor":14,"turns":7},{"damage":3,"enemies":"Hexaghost","floor":16,"turns":9},{"damage":3,"enemies":"2 Thieves","floor":18,"turns":4},{"damage":3,"enemies":"Shell Parasite","floor":19,"turns":5},{"damage":14,"enemies":"Snecko","floor":21,"turns":5},{"damage":17,"enemies":"3 Cultists","floor":22,"turns":5},{"damage":6,"enemies":"Book of Stabbing","floor":24,"turns":5},{"damage":3,"enemies":"Chosen and Byrds","floor":25,"turns":5},{"damage":3,"enemies":"Snecko","floor":27,"turns":4},{"damage":0,"enemies":"Centurion and Healer","floor":31,"turns":3},{"damage":44,"enemies":"Collector","floor":33,"turns":7}],"seed_played":"-648581316672425706","potions_obtained":[{"floor":7,"key":"SkillPotion"},{"floor":10,"key":"BlessingOfTheForge"},{"floor":11,"key":"SkillPotion"},{"floor":12,"key":"Swift Potion"},{"floor":21,"key":"Fruit Juice"},{"floor":22,"key":"Fire Potion"},{"floor":27,"key":"Energy Potion"},{"floor":31,"key":"LiquidMemories"}],"is_trial":false,"path_per_floor":["M","?","$","?","M","E","M","R","T","M","E","M","$","E","R","B",null,"M","M","$","M","M","R","E","M","T","M","?","?","R","M","R","B"],"character_chosen":"THE_SILENT","items_purchased":["Prepared","Tactician","Vajra"],"campfire_rested":0,"item_purchase_floors":[3,13,20],"current_hp_per_floor":[63,56,56,56,56,56,56,56,56,45,34,30,30,16,16,13,56,53,50,50,36,19,19,13,10,10,9,9,33,33,35,35,0,0],"gold":124,"neow_bonus":"THREE_ENEMY_KILL","is_daily":false,"chose_seed":false,"campfire_upgraded":5,"win_rate":0.0,"timestamp":1613300668,"path_taken":["M","?","$","?","M","E","M","R","T","?","E","?","?","E","R","BOSS","M","?","$","M","?","R","E","M","T","M","?","?","R","M","R","BOSS"],"items_purchased_type":["Card","Card","Relic"],"build_version":"2020-12-22","purchased_purges":1,"victory":false,"max_hp_per_floor":[70,70,70,70,70,70,70,70,70,70,70,70,70,70,70,70,70,70,70,70,70,70,70,70,70,70,72,72,72,72,74,74,74,74],"card_choices":[{"not_picked":["Sucker Punch","Riddle With Holes"],"picked":"Blade Dance","floor":1},{"not_picked":["Prepared","Blur"],"picked":"Cloak And Dagger","floor":5},{"not_picked":["Escape Plan","Distraction","Flechettes+1"],"picked":"SKIP","floor":6},{"not_picked":["Well Laid Plans","Wraith Form v2"],"picked":"Accuracy","floor":7},{"not_picked":["Quick Slash+1","Outmaneuver"],"picked":"Cloak And Dagger","floor":10},{"not_picked":["Unload+1","Backflip"],"picked":"Wraith Form v2","floor":11},{"not_picked":["Sucker Punch+1","Flechettes+1"],"picked":"Prepared","floor":12},{"not_picked":["Burst","Dash+1"],"picked":"Unload+1","floor":14},{"not_picked":["Bullet Time","Envenom"],"picked":"Adrenaline","floor":16},{"not_picked":["Leg Sweep","Quick Slash+1"],"picked":"Reflex","floor":18},{"not_picked":["Accuracy","Deflect"],"picked":"Reflex","floor":19},{"not_picked":["Slice+1","Underhanded Strike+1"],"picked":"Choke+1","floor":21},{"not_picked":["Endless Agony+1","Backflip","Dagger Throw+1"],"picked":"SKIP","floor":22},{"not_picked":["Dodge and Roll+1","Underhanded Strike+1","Terror"],"picked":"SKIP","floor":24},{"not_picked":["Reflex","Tactician","Quick Slash+1"],"picked":"SKIP","floor":25},{"not_picked":["Cloak And Dagger","Expertise","Prepared"],"picked":"Singing Bowl","floor":27},{"not_picked":["Cloak And Dagger","Malaise","Accuracy"],"picked":"Singing Bowl","floor":31}],"player_experience":269369,"relics_obtained":[{"floor":6,"key":"Molten Egg 2"},{"floor":9,"key":"Omamori"},{"floor":11,"key":"Centennial Puzzle"},{"floor":14,"key":"Thread and Needle"},{"floor":24,"key":"War Paint"},{"floor":26,"key":"Singing Bowl"}],"event_choices":[{"cards_removed":["Strike_G"],"damage_healed":0,"gold_gain":0,"player_choice":"Card Removal","damage_taken":7,"max_hp_gain":0,"max_hp_loss":0,"event_name":"Golden Wing","floor":2,"gold_loss":0},{"cards_removed":["Strike_G"],"damage_healed":0,"gold_gain":0,"player_choice":"Offered Basic","damage_taken":0,"max_hp_gain":0,"max_hp_loss":0,"event_name":"Bonfire Elementals","floor":4,"gold_loss":0},{"damage_healed":0,"gold_gain":0,"player_choice":"Ignored","damage_taken":0,"max_hp_gain":0,"max_hp_loss":0,"event_name":"Cursed Tome","floor":28,"gold_loss":0},{"damage_healed":24,"gold_gain":0,"player_choice":"Heal","damage_taken":0,"max_hp_gain":0,"max_hp_loss":0,"event_name":"The Library","floor":29,"gold_loss":0}],"is_beta":false,"boss_relics":[{"not_picked":["Pandora\u0027s Box","Cursed Key"],"picked":"SlaversCollar"}],"items_purged_floors":[3],"is_endless":false,"potions_floor_spawned":[7,10,11,12,21,22,27,31],"killed_by":"Collector","ascension_level":10}}