{"host":"17xjy7b7ubl548g2","time":1613273487,"event":{"mods":["2.2 Compatiblity","Act Like it!","Aspiration","Astrologer","Bard","BaseMod","Challenge The Spire","ChefMod","Colored Map","Colored Powertips","Conspire","Elementarium","Energized Spire","Gensokyo","GifTheSpireLib","Halation","Hallownest","Hermit","Hubris","Infinite Spire","Jedi Mod","Jorbs\u0027s Wanderer Trilogy","Marisa（霧雨　魔理沙）","Marked Mod","Menagerie","Minty Spire (QoL Compilation)","Permanent Neow","Reliquary","Replay The Spire","Robot Space Explorer","Spicy Shops","Spire Arcade","StSLib","Stuff the Spire","The Blue Laboratory","The Bug Knight","The Construct","The Disciple","The Hayseed","The Hierophant","The Marked","The Runesmith","The Sage","TheFirefly"],"gold_per_floor":[110,127,127,147,165,165,165,193,241,258,390,390,409,409,409,409,409],"floor_reached":16,"language":"ENG","playtime":2402,"items_purged":[],"score":158,"play_id":"416175a5-743e-4d0f-9fdb-cacd54527f9a","local_time":"20210213223127","is_ascension_mode":true,"campfire_choices":[{"data":"HollowMod:DashSlash","floor":6,"key":"SMITH"},{"data":"HollowMod:HuntersJournal","floor":12,"key":"SMITH"},{"data":"HollowMod:SoulEater","floor":15,"key":"SMITH"}],"circlet_count":0,"master_deck":["AscendersBane","HollowMod:NailStrikeStart","HollowMod:NailStrikeStart","HollowMod:NailStrikeStart","HollowMod:NailStrikeStart","HollowMod:QuickDashStart","HollowMod:QuickDashStart","HollowMod:QuickDashStart","HollowMod:QuickDashStart","HollowMod:FocusHealStart+1","HollowMod:PogoStrike","HollowMod:SoulShaman","HollowMod:DashSlash+1","HollowMod:DashSlash","HollowMod:DoubleDash","HollowMod:HuntersJournal+1","HollowMod:HeavyBlow","HollowMod:SoulEater+1"],"relics":["HollowMod:VesselMask","Hallownest:DreamNailRelic","Replay:Bottled Flurry","StuffTheSpire:TintedRock","Shuriken","halation:EternalFortune"],"acts_visited":["Exordium"],"potions_floor_usage":[8,11,11],"damage_taken":[{"damage":2,"enemies":"Hallownest:monsterHuskGuard","floor":1,"turns":4},{"damage":2,"enemies":"Hallownest:monsterHuskWarrior","floor":2,"turns":4},{"damage":9,"enemies":"Hallownest:2_Tiktiks_and_1_Crawlid","floor":4,"turns":5},{"damage":8,"enemies":"Hallownest:1_Baldur_1_Crawlid_1_Warrior","floor":5,"turns":8},{"damage":8,"enemies":"Hallownest:eliteCrystalGuardian","floor":8,"turns":7},{"damage":17,"enemies":"Hallownest:Guard_and_Warrior","floor":10,"turns":7},{"damage":30,"enemies":"Hallownest:eliteMossKnight","floor":11,"turns":15},{"damage":0,"enemies":"Hallownest:monsterAspidMother","floor":13,"turns":4},{"damage":61,"enemies":"Hallownest:BossBrokenVessel","floor":16,"turns":11}],"seed_played":"4867923153011509716","potions_obtained":[{"floor":5,"key":"blueLaboratory:FrostheartPotion"},{"floor":8,"key":"Weak Potion"},{"floor":10,"key":"SteroidPotion"},{"floor":11,"key":"blueLaboratory:HorrorPotion"}],"is_trial":false,"path_per_floor":["M","M","?","M","M","R","?","E","T","M","E","R","M","?","R","B"],"character_chosen":"THE_BUGKNIGHT","items_purchased":[],"campfire_rested":0,"item_purchase_floors":[],"current_hp_per_floor":[72,75,66,63,61,61,61,63,63,56,32,32,42,45,45,0,0],"gold":409,"neow_bonus":"UPGRADE_CARD","is_daily":false,"chose_seed":false,"campfire_upgraded":3,"win_rate":0.0,"timestamp":1613273487,"path_taken":["M","M","?","M","M","R","?","E","T","M","E","R","?","?","R","BOSS"],"items_purchased_type":[],"build_version":"2020-12-22","purchased_purges":0,"victory":false,"max_hp_per_floor":[75,75,75,75,75,75,75,75,75,75,75,75,75,78,78,78,78],"card_choices":[{"not_picked":["HollowMod:ShadowDash","HollowMod:GoodIntentions"],"picked":"HollowMod:SoulShaman","floor":1},{"not_picked":["HollowMod:SoulSplash","HollowMod:InfectionAssault"],"picked":"HollowMod:DashSlash","floor":2},{"not_picked":["HollowMod:VengefulSpirit","HollowMod:SoulShaman"],"picked":"HollowMod:DashSlash","floor":4},{"not_picked":["HollowMod:CloakDash","HollowMod:NewLittleFool"],"picked":"HollowMod:DoubleDash","floor":5},{"not_picked":["HollowMod:Grubsong","HollowMod:ShapeofUnn"],"picked":"HollowMod:HuntersJournal","floor":8},{"not_picked":["HollowMod:ElderbugsWisdom","HollowMod:NewJinnsSoul"],"picked":"HollowMod:HeavyBlow","floor":10},{"not_picked":["HollowMod:MothsMistake","HollowMod:PureNailStrike","HollowMod:LuriensSpire"],"picked":"SKIP","floor":11},{"not_picked":["HollowMod:NewJinnsSoul","HollowMod:CornifersMapStart"],"picked":"HollowMod:SoulEater","floor":13}],"player_experience":2166387,"relics_obtained":[{"floor":8,"key":"Replay:Bottled Flurry"},{"floor":9,"key":"StuffTheSpire:TintedRock"},{"floor":11,"key":"Shuriken"}],"event_choices":[],"is_beta":false,"boss_relics":[],"items_purged_floors":[],"is_endless":false,"potions_floor_spawned":[5,8,10,11],"killed_by":"Hallownest:BossBrokenVessel","ascension_level":10}}