{"host":"0unxf5n5bucfuoy7","time":1613260989,"event":{"mods":["Act Like it!","AlwaysNeverKeys","Aspiration","Astrologer","BaseMod","Better Altar","Better Match","Better Note","Better Sensory Stone","Better Third Choice","Better Vampires","Conspire","Custom Start","DeckTracker","Downfall","Elementarium","Friendly Minions","GifTheSpireLib","Hallownest","Hubris","Infinite Spire","Minty Spire (QoL Compilation)","Permanent Neow","Potionbrewer","Quick Restart","Random Character Button","Replay The Spire","Spikes Relics","StSLib","The Bug Knight","The Death Knight","The Exalted","The Hierophant","The Spell Scribe","Transform Curses","Virulent Crown","Wandering Minibosses"],"gold_per_floor":[117,117,117,136,163,192,192,192,192],"floor_reached":8,"language":"ENG","playtime":690,"items_purged":[],"score":56,"play_id":"fdbeac33-db36-4ac6-aa3c-1f0541910146","local_time":"20210213190309","is_ascension_mode":true,"campfire_choices":[{"data":"HollowMod:GrimmsGift","floor":7,"key":"SMITH"}],"circlet_count":0,"master_deck":["HollowMod:NailStrikeStart","HollowMod:NailStrikeStart","HollowMod:NailStrikeStart","HollowMod:NailStrikeStart","HollowMod:QuickDashStart","HollowMod:QuickDashStart","HollowMod:QuickDashStart","HollowMod:QuickDashStart","HollowMod:FocusHealStart+1","HollowMod:PogoStrike","HollowMod:CornifersMapStart","HollowMod:ChannelNail","HollowMod:GrimmsGift+1"],"relics":["HollowMod:VesselMask","aspiration:Nostalgia","Burning Blood","Hallownest:SalubrasBlessingRelic","Bromod:ArcaneNullifier","MealTicket"],"acts_visited":["Exordium"],"potions_floor_usage":[6],"damage_taken":[{"damage":0,"enemies":"Hallownest:2_Baldur","floor":1,"turns":3},{"damage":0,"enemies":"Hallownest:monsterHuskWarrior","floor":4,"turns":3},{"damage":58,"enemies":"Hallownest:eliteMossKnight","floor":6,"turns":24},{"damage":45,"enemies":"Hallownest:eliteCrystalGuardian","floor":8,"turns":6}],"seed_played":"8924177111749145495","potions_obtained":[{"floor":1,"key":"potionbrewer:AcidPotion"},{"floor":4,"key":"SkillPotion"}],"is_trial":false,"path_per_floor":["M","?","?","M","T","E","R","E"],"character_chosen":"THE_BUGKNIGHT","items_purchased":[],"campfire_rested":0,"item_purchase_floors":[],"current_hp_per_floor":[75,75,75,75,75,33,33,0,0],"gold":192,"neow_bonus":"NOSTALGIA","is_daily":false,"chose_seed":false,"campfire_upgraded":1,"win_rate":0.0,"timestamp":1613260989,"path_taken":["M","?","?","?","?","E","R","E"],"items_purchased_type":[],"build_version":"2020-12-22","purchased_purges":0,"victory":false,"max_hp_per_floor":[75,75,75,75,75,75,75,75,75],"card_choices":[{"not_picked":["HollowMod:VengefulVoid","HollowMod:SoulSplash"],"picked":"HollowMod:CornifersMapStart","floor":1},{"not_picked":["HollowMod:SoulVessel","HollowMod:CycloneSlash"],"picked":"HollowMod:ChannelNail","floor":4},{"not_picked":["HollowMod:HeavyBlow","HollowMod:ShadowDash"],"picked":"HollowMod:GrimmsGift","floor":6}],"player_experience":127261,"relics_obtained":[{"floor":5,"key":"Bromod:ArcaneNullifier"},{"floor":6,"key":"MealTicket"}],"event_choices":[],"is_beta":false,"boss_relics":[],"items_purged_floors":[],"is_endless":false,"potions_floor_spawned":[1,4],"killed_by":"Hallownest:eliteCrystalGuardian","ascension_level":1}}