{"host":"8ztb9kwpjc2zof9s","time":1613265156,"event":{"mods":["BaseMod","Block Reminder","Curses Come First","Minty Spire (QoL Compilation)","Relic Stats","StSLib"],"gold_per_floor":[116,135,135,135,310,310,335,105,105,55,29,29,40,58,58,58,58],"floor_reached":16,"language":"ENG","playtime":750,"items_purged":["Doubt"],"score":152,"play_id":"3e13eb04-f7bd-4a81-8845-1d851673bd8c","local_time":"20210213171236","is_ascension_mode":true,"campfire_choices":[{"data":"Deadly Poison","floor":6,"key":"SMITH"},{"data":"Footwork","floor":12,"key":"SMITH"},{"data":"Backflip","floor":15,"key":"SMITH"}],"circlet_count":0,"master_deck":["AscendersBane","Strike_G","Strike_G","Strike_G","Strike_G","Defend_G+1","Defend_G","Defend_G","Defend_G","Defend_G","Survivor","Neutralize","Leg Sweep","Deadly Poison+1","Leg Sweep+1","Footwork+1","Corpse Explosion","Cloak And Dagger","Backflip+1"],"relics":["Ring of the Snake","Lantern","Meat on the Bone"],"acts_visited":["Exordium"],"potions_floor_usage":[7,7,16],"damage_taken":[{"damage":7,"enemies":"2 Louse","floor":1,"turns":5},{"damage":5,"enemies":"Small Slimes","floor":2,"turns":6},{"damage":7,"enemies":"Gremlin Nob","floor":7,"turns":4},{"damage":0,"enemies":"Cultist","floor":13,"turns":4},{"damage":0,"enemies":"2 Fungi Beasts","floor":14,"turns":3},{"damage":58,"enemies":"Slime Boss","floor":16,"turns":19}],"seed_played":"5408373054005818907","potions_obtained":[{"floor":1,"key":"CunningPotion"},{"floor":2,"key":"CunningPotion"},{"floor":13,"key":"BlessingOfTheForge"}],"is_trial":false,"path_per_floor":["M","M","?","?","?","R","E","$","T","?","$","R","M","M","R","B"],"character_chosen":"THE_SILENT","items_purchased":["Corpse Explosion","Cloak And Dagger"],"campfire_rested":0,"item_purchase_floors":[8,11],"current_hp_per_floor":[56,51,37,60,60,60,53,53,53,53,53,53,53,53,53,0,0],"gold":58,"neow_bonus":"THREE_CARDS","is_daily":false,"chose_seed":false,"campfire_upgraded":3,"win_rate":0.0,"timestamp":1613265156,"path_taken":["M","M","?","?","?","R","E","$","T","?","?","R","?","M","R","BOSS"],"items_purchased_type":["Card","Card"],"build_version":"2020-12-22","purchased_purges":1,"victory":false,"max_hp_per_floor":[70,70,70,70,70,70,70,70,70,70,70,70,70,70,70,70,70],"relic_stats":{"counters":[6,41],"obtain_stats":[{"Lantern":7,"Ring of the Snake":0,"Meat on the Bone":9},{"Lantern":3,"Ring of the Snake":0,"Meat on the Bone":3},{"Lantern":15,"Ring of the Snake":0,"Meat on the Bone":15}],"Ring of the Snake":[12],"Meat on the Bone":0},"card_choices":[{"not_picked":["Distraction","Sucker Punch"],"picked":"Leg Sweep","floor":0},{"not_picked":["All Out Attack","Underhanded Strike"],"picked":"Deadly Poison","floor":1},{"not_picked":["Outmaneuver","Flying Knee"],"picked":"Leg Sweep","floor":2},{"not_picked":["Outmaneuver","Dagger Throw"],"picked":"Footwork","floor":7},{"not_picked":["Deflect","Bane","Sucker Punch"],"picked":"SKIP","floor":13},{"not_picked":["Setup","Flying Knee"],"picked":"Backflip","floor":14}],"player_experience":327242,"relics_obtained":[{"floor":7,"key":"Lantern"},{"floor":9,"key":"Meat on the Bone"}],"event_choices":[{"damage_healed":0,"gold_gain":0,"player_choice":"Entered Light","damage_taken":14,"max_hp_gain":0,"max_hp_loss":0,"event_name":"Shining Light","floor":3,"gold_loss":0,"cards_upgraded":["Defend_G","Leg Sweep"]},{"damage_healed":23,"gold_gain":0,"player_choice":"Banana","damage_taken":0,"max_hp_gain":0,"max_hp_loss":0,"event_name":"Big Fish","floor":4,"gold_loss":0},{"damage_healed":0,"gold_gain":175,"player_choice":"AGREE","damage_taken":0,"max_hp_gain":0,"max_hp_loss":0,"event_name":"Liars Game","floor":5,"gold_loss":0,"cards_obtained":["Doubt"]},{"cards_removed":["Strike_G"],"damage_healed":0,"gold_gain":0,"player_choice":"Card Removal","damage_taken":0,"max_hp_gain":0,"max_hp_loss":0,"event_name":"The Cleric","floor":10,"gold_loss":50}],"is_beta":false,"boss_relics":[],"items_purged_floors":[8],"is_endless":false,"potions_floor_spawned":[1,2,13],"killed_by":"Slime Boss","ascension_level":11}}