{"host":"n7mxhpjy89lltbhc","time":1613279023,"event":{"mods":["2.2 Compatiblity","Act Like it!","BaseMod","Better Match","Better Sensory Stone","Better Synergies","BetterRewards","Colored Map","Colored Powertips","Downfall","Exacting","Gensokyo","Infinite Spire","Jedi Mod","Marisa????????","Minty Spire (QoL Compilation)","Permanent Neow","Poem Panic","Rare Cards Sparkle","Relic Stats","Replay The Spire","Shop Mod","Small Relic Pack","Spicy Shops","Spire Arcade","StSLib","The Blue Laboratory","The Servant 0.9.4","Waifu the Spire","Wandering Minibosses","Wide Potions","Yakumo Yukari mod"],"gold_per_floor":[99,111,139,157,184,184,184,184,210,210,224,254,285,95,111,208,208,208,227,237,5,5,5,57,57,57,86,86,86,86],"floor_reached":28,"language":"ENG","playtime":1346,"items_purged":["Shame"],"score":331,"play_id":"06945e94-986c-4792-9fa6-ffa77979b40f","local_time":"25640214120343","is_ascension_mode":true,"campfire_choices":[{"data":"champ:Lariat","floor":1,"key":"SMITH"},{"data":"champ:Encircle","floor":6,"key":"SMITH"},{"data":"champ:BerserkerStyle","floor":18,"key":"SMITH"},{"floor":23,"key":"REST"},{"data":"Pot Of Greed","floor":26,"key":"SMITH"}],"circlet_count":0,"master_deck":["champ:Strike","champ:Strike","champ:Strike","champ:Strike","champ:Defend","champ:Defend","champ:Defend","champ:Defend","champ:Execute","champ:Taunt","champ:Encircle+1","champ:AdrenalArmor","champ:GutPunch","champ:Shatter","champ:HeartStrike+1","champ:Encircle+1","champ:Improvising","champ:AdrenalArmor","champ:Backstep","champ:BerserkerStyle+1","champ:LastStand","champ:Improvising","champ:EnragedBash+1","Pot Of Greed+1","Pot Of Greed","champ:BerserkersShout","Pot Of Greed","champ:BerserkerStyle","champ:Improvising"],"relics":["champ:ChampionCrown","Orichalcum","jedi:archwizardhat","Lantern","bronze:DonusWashers","Replay:Bronze Core","jedi:fakemustache","Juzu Bracelet","downfall:RedIOU","infinitespire:FocusingShard"],"acts_visited":["Exordium","TheCity"],"potions_floor_usage":[5,13,16],"damage_taken":[{"damage":35,"enemies":"Cultist","floor":2,"turns":3},{"damage":30,"enemies":"Small Slimes","floor":3,"turns":6},{"damage":20,"enemies":"infinitespire:Voidling","floor":4,"turns":3},{"damage":28,"enemies":"Exordium Thugs","floor":5,"turns":5},{"damage":22,"enemies":"Gremlin Nob","floor":9,"turns":4},{"damage":32,"enemies":"Large Slime","floor":11,"turns":4},{"damage":2,"enemies":"Lots of Slimes","floor":12,"turns":2},{"damage":44,"enemies":"Gremlin Gang","floor":13,"turns":6},{"damage":69,"enemies":"downfall:FleeingMerchant","floor":14,"turns":9},{"damage":18,"enemies":"Exordium Thugs","floor":15,"turns":3},{"damage":25,"enemies":"IC_STATUS_ARCHETYPE","floor":16,"turns":4},{"damage":65,"enemies":"downfall:LooterAlt2","floor":19,"turns":6},{"damage":28,"enemies":"Shell Parasite","floor":20,"turns":6},{"damage":64,"enemies":"Book of Stabbing","floor":27,"turns":5},{"damage":42,"enemies":"Shelled Parasite and Fungi","floor":28,"turns":3}],"seed_played":"4584692863146343389","potions_obtained":[{"floor":2,"key":"Toxic Potion"},{"floor":3,"key":"EssenceOfSteel"},{"floor":5,"key":"Milkshake"},{"floor":13,"key":"PowerPotion"},{"floor":20,"key":"Dexterity Potion"}],"is_trial":false,"path_per_floor":["R","M","M","M","M","R","T","?","E","?","M","M","M","$","M","B",null,"R","M","M","$","?","R","T","?","R","E","M"],"character_chosen":"THE_CHAMP","items_purchased":["champ:BerserkerStyle","Lantern","bronze:DonusWashers","jedi:fakemustache","champ:BerserkerStyle"],"campfire_rested":1,"item_purchase_floors":[14,14,14,21,21],"current_hp_per_floor":[90,90,90,90,72,72,72,72,65,65,53,51,42,38,30,25,74,74,29,23,38,38,65,65,65,65,38,0,0,0],"gold":86,"neow_bonus":"THREE_CARDS","is_daily":false,"chose_seed":false,"campfire_upgraded":4,"win_rate":0.0,"timestamp":1613279023,"path_taken":["R","M","M","M","M","R","T","?","E","?","M","M","?","?","M","BOSS","R","M","M","$","?","R","T","?","R","E","M"],"items_purchased_type":["Card","Relic","Relic","Relic","Card"],"build_version":"2020-12-22","purchased_purges":1,"victory":false,"max_hp_per_floor":[90,90,90,90,90,90,90,90,90,90,90,90,90,90,90,90,90,90,90,90,90,90,90,90,90,90,90,90,90,90],"relic_stats":{"counters":[15,69],"Juzu Bracelet":0,"Orichalcum":[102],"obtain_stats":[{"jedi:fakemustache":21,"Lantern":14,"bronze:DonusWashers":14,"Replay:Bronze Core":17,"champ:ChampionCrown":0,"downfall:RedIOU":25,"infinitespire:FocusingShard":27,"Juzu Bracelet":24,"Orichalcum":7,"jedi:archwizardhat":9,"Grinning Jar":20},{"jedi:fakemustache":13,"Lantern":9,"bronze:DonusWashers":9,"Replay:Bronze Core":11,"champ:ChampionCrown":0,"downfall:RedIOU":13,"infinitespire:FocusingShard":14,"Juzu Bracelet":13,"Orichalcum":4,"jedi:archwizardhat":5,"Grinning Jar":13},{"jedi:fakemustache":61,"Lantern":42,"bronze:DonusWashers":42,"Replay:Bronze Core":49,"champ:ChampionCrown":0,"downfall:RedIOU":61,"infinitespire:FocusingShard":66,"Juzu Bracelet":61,"Orichalcum":17,"jedi:archwizardhat":21,"Grinning Jar":61}]},"card_choices":[{"not_picked":["champ:PerfectedStrike","champ:BringItOn"],"picked":"champ:Lariat","floor":0},{"not_picked":["champ:BerserkersShout","champ:TornadoPunch"],"picked":"champ:Encircle","floor":2},{"not_picked":["champ:CrookedStrike","champ:BerserkersShout"],"picked":"champ:AdrenalArmor","floor":3},{"not_picked":["champ:Haymaker","champ:ShieldSigil"],"picked":"champ:GutPunch","floor":4},{"not_picked":["champ:ShieldSlam","champ:SetATrap"],"picked":"champ:Shatter","floor":5},{"not_picked":["champ:DefensiveStyle","champ:DefensiveShout","champ:Shatter"],"picked":"SKIP","floor":9},{"not_picked":["champ:Parry","champ:GutPunch"],"picked":"champ:Improvising","floor":11},{"not_picked":["champ:TornadoPunch","champ:GutPunch","champ:ShieldSigil"],"picked":"SKIP","floor":12},{"not_picked":["champ:BladeFlurry","champ:PreciseThrust"],"picked":"champ:AdrenalArmor","floor":13},{"not_picked":["champ:CrownThrow","champ:EndlessRage"],"picked":"champ:Backstep","floor":14},{"not_picked":["champ:DefensiveStyle","champ:PerfectedStrike"],"picked":"champ:LastStand","floor":15},{"not_picked":["champ:SteelEdge","champ:StrikeOfGenius"],"picked":"champ:Improvising","floor":16},{"not_picked":["champ:BladeFlurry","champ:SetATrap"],"picked":"champ:EnragedBash+1","floor":19},{"not_picked":["champ:DefensiveShout+1","champ:RapidStrikes"],"picked":"champ:BerserkersShout","floor":20},{"not_picked":["champ:DefensiveShout","champ:SkillfulDodge","champ:BladeFlurry"],"picked":"SKIP","floor":27}],"player_experience":1034371,"relics_obtained":[{"floor":7,"key":"Orichalcum"},{"floor":9,"key":"jedi:archwizardhat"},{"floor":20,"key":"Grinning Jar"},{"floor":24,"key":"Juzu Bracelet"},{"floor":27,"key":"infinitespire:FocusingShard"}],"event_choices":[],"is_beta":false,"boss_relics":[{"not_picked":["jedi:hotpepper","Calling Bell"],"picked":"Replay:Bronze Core"}],"items_purged_floors":[14],"is_endless":false,"potions_floor_spawned":[2,3,5,13,20,27],"killed_by":"Shelled Parasite and Fungi","ascension_level":5}}