{"host":"x4954lblgztusody","time":1613285854,"event":{"mods":["BaseMod","Clockwork Mod","Colored Map","Curses Come First","Googly Eyes","Koishi","Minty Spire (QoL Compilation)","Rare Cards Sparkle","Shop Mod","StSLib","The Administrix","The Animator","The Disciple","The Servant 0.9.4","Waifu the Spire","WarShipGirlsR/战舰少女R mod","Yuyuko"],"gold_per_floor":[116,116,136,136,156,189,200,200,224,234,248,273,8,8,8,8,8],"floor_reached":16,"language":"ENG","playtime":1956,"items_purged":["Clockwork:Strike"],"score":102,"play_id":"8bfe43cf-fdfa-4dce-86dd-8bcb548501a0","local_time":"20210213225734","is_ascension_mode":false,"campfire_choices":[{"floor":8,"key":"REST"},{"data":"Clockwork:Improve","floor":15,"key":"SMITH"}],"circlet_count":0,"master_deck":["Clockwork:Shield","Clockwork:Shield","Clockwork:Shield","Clockwork:Shield","Clockwork:Tinker","Clockwork:WarmUp","Clockwork:TiltAWhirl","Clockwork:CogBarrier","Clockwork:MechanicalBulk","Clockwork:SiegeStrike","Clockwork:InertialShield","Clockwork:Improve+1","Clockwork:SnapKeep","Clockwork:InertialShield","Clockwork:CogToss"],"relics":["Clockwork:MomentumEngine","Matryoshka","Nunchaku","Question Card","Boot","Toy Ornithopter","Juzu Bracelet","Odd Mushroom"],"acts_visited":["Exordium"],"potions_floor_usage":[6,10,10,10,12,16,16,16],"damage_taken":[{"damage":0,"enemies":"Small Slimes","floor":1,"turns":10},{"damage":7,"enemies":"Jaw Worm","floor":3,"turns":10},{"damage":14,"enemies":"Cultist","floor":5,"turns":9},{"damage":17,"enemies":"Lagavulin","floor":6,"turns":19},{"damage":8,"enemies":"3 Louse","floor":7,"turns":5},{"damage":1,"enemies":"Gremlin Gang","floor":10,"turns":6},{"damage":4,"enemies":"Large Slime","floor":11,"turns":12},{"damage":0,"enemies":"The Mushroom Lair","floor":12,"turns":1},{"damage":59,"enemies":"Hexaghost","floor":16,"turns":16}],"seed_played":"-7337372180987108382","potions_obtained":[{"floor":1,"key":"Energy Potion"},{"floor":3,"key":"BlessingOfTheForge"},{"floor":6,"key":"Block Potion"},{"floor":7,"key":"Swift Potion"},{"floor":10,"key":"SkillPotion"}],"is_trial":false,"path_per_floor":["M","?","M","T","M","E","M","R","T","M","M","?","$","?","R","B"],"character_chosen":"CLOCKWORK","items_purchased":["Clockwork:InertialShield","EntropicBrew","Clockwork:CogToss"],"campfire_rested":1,"item_purchase_floors":[13,13,13],"current_hp_per_floor":[61,49,42,42,28,11,3,28,28,42,38,43,43,43,43,0,0],"gold":8,"neow_bonus":"REMOVE_TWO","is_daily":false,"chose_seed":false,"campfire_upgraded":1,"win_rate":0.0,"timestamp":1613285854,"path_taken":["M","?","M","?","?","E","M","R","T","M","M","?","$","?","R","BOSS"],"items_purchased_type":["Card","Potion","Card"],"build_version":"2020-12-22","purchased_purges":1,"victory":false,"max_hp_per_floor":[85,85,85,85,85,85,85,85,85,85,85,85,85,85,85,85,85],"card_choices":[{"not_picked":["Clockwork:FalseStart","Clockwork:Minimalism"],"picked":"Clockwork:TiltAWhirl","floor":1},{"not_picked":["Clockwork:RitualDaggerMk0","Clockwork:SystemHardening"],"picked":"Clockwork:CogBarrier","floor":3},{"not_picked":["Clockwork:FalseStart","Clockwork:TiltAWhirl","Clockwork:CogBarrier"],"picked":"Clockwork:MechanicalBulk","floor":5},{"not_picked":["Clockwork:Pluck","Clockwork:CraftVarja","Clockwork:Friction"],"picked":"Clockwork:SiegeStrike","floor":6},{"not_picked":["Clockwork:PerfectedStrike","Clockwork:LogisticRegression","Clockwork:TiltAWhirl"],"picked":"Clockwork:InertialShield","floor":7},{"not_picked":["Clockwork:CogToss","Clockwork:AdaptiveCannon","Clockwork:HeadStart"],"picked":"Clockwork:Improve","floor":10},{"not_picked":["Clockwork:CogToss","Clockwork:Minimalism","Clockwork:RampUp"],"picked":"Clockwork:SnapKeep","floor":11}],"player_experience":27951,"relics_obtained":[{"floor":4,"key":"Nunchaku"},{"floor":4,"key":"Question Card"},{"floor":6,"key":"Boot"},{"floor":9,"key":"Toy Ornithopter"},{"floor":9,"key":"Juzu Bracelet"},{"floor":12,"key":"Odd Mushroom"}],"event_choices":[{"damage_healed":0,"gold_gain":0,"player_choice":"Success","damage_taken":12,"relics_obtained":["Matryoshka"],"max_hp_gain":0,"max_hp_loss":0,"event_name":"Scrap Ooze","floor":2,"gold_loss":0},{"damage_healed":0,"gold_gain":0,"player_choice":"Fought Mushrooms","damage_taken":0,"max_hp_gain":0,"max_hp_loss":0,"event_name":"Mushrooms","floor":12,"gold_loss":0},{"cards_removed":["Clockwork:Strike"],"damage_healed":0,"gold_gain":0,"player_choice":"Purged","damage_taken":0,"max_hp_gain":0,"max_hp_loss":0,"event_name":"Purifier","floor":14,"gold_loss":0}],"is_beta":false,"boss_relics":[],"items_purged_floors":[13],"is_endless":false,"potions_floor_spawned":[1,3,6,7,10],"killed_by":"Hexaghost","ascension_level":0}}