{"host":"gfxjwtol062e9znw","time":1613280449,"event":{"mods":["BaseMod","Colored Map","Minty Spire (QoL Compilation)","Rare Cards Sparkle","StSLib"],"gold_per_floor":[113,113,131,147,159,159,186,196,196,196,206,226,226,251,251,356,356,369,2,2,12,22,22,22,49,102,114,114,127,0,12,12,112,112,125,125,50,0,12,12,37,37,37,49,49,59,59,74,74,74,74],"floor_reached":50,"language":"ENG","playtime":8075,"items_purged":["A Thousand Cuts"],"score":734,"play_id":"a67b48d3-86fb-42b6-83ec-5c3b1b1da426","local_time":"20210214162729","is_ascension_mode":true,"campfire_choices":[{"data":"Skewer","floor":6.0,"key":"SMITH"},{"floor":10.0,"key":"REST"},{"floor":13.0,"key":"REST"},{"floor":15.0,"key":"REST"},{"floor":23.0,"key":"REST"},{"floor":28.0,"key":"REST"},{"floor":32.0,"key":"REST"},{"floor":45,"key":"REST"},{"floor":47,"key":"REST"},{"floor":49,"key":"REST"}],"circlet_count":0,"master_deck":["Survivor","Neutralize+1","Dagger Spray","Blade Dance","Skewer+1","Noxious Fumes","Calculated Gamble","Footwork","PiercingWail","Sucker Punch","Finisher","After Image","Tools of the Trade+1","Sucker Punch","Corpse Explosion","Unload","Footwork","Flechettes","Caltrops","Predator","Footwork","Deflect","Deflect","Leg Sweep","Burst","Master of Strategy","Writhe","Dodge and Roll"],"relics":["Ring of the Snake","Toy Ornithopter","Gremlin Horn","Centennial Puzzle","Pandora\u0027s Box","Lizard Tail","Enchiridion","Bottled Tornado","Pen Nib","Busted Crown","Akabeko","Bronze Scales","Darkstone Periapt"],"acts_visited":["Exordium","TheCity","TheBeyond"],"potions_floor_usage":[48],"damage_taken":[{"damage":1.0,"enemies":"Jaw Worm","floor":1.0,"turns":3.0},{"damage":1.0,"enemies":"Small Slimes","floor":3.0,"turns":5.0},{"damage":0.0,"enemies":"Cultist","floor":4.0,"turns":3.0},{"damage":5.0,"enemies":"Blue Slaver","floor":5.0,"turns":5.0},{"damage":9.0,"enemies":"Lagavulin","floor":7.0,"turns":5.0},{"damage":18.0,"enemies":"Exordium Wildlife","floor":8.0,"turns":3.0},{"damage":10.0,"enemies":"Looter","floor":11.0,"turns":4.0},{"damage":3.0,"enemies":"Red Slaver","floor":12.0,"turns":3.0},{"damage":26.0,"enemies":"3 Sentries","floor":14.0,"turns":6.0},{"damage":57.0,"enemies":"Hexaghost","floor":16.0,"turns":12.0},{"damage":20.0,"enemies":"2 Thieves","floor":18.0,"turns":3.0},{"damage":0.0,"enemies":"3 Byrds","floor":21.0,"turns":2.0},{"damage":10.0,"enemies":"Snake Plant","floor":22.0,"turns":5.0},{"damage":26.0,"enemies":"Slavers","floor":25.0,"turns":3.0},{"damage":6.0,"enemies":"3 Cultists","floor":27.0,"turns":4.0},{"damage":4.0,"enemies":"Centurion and Healer","floor":29.0,"turns":4.0},{"damage":14.0,"enemies":"Snecko","floor":31.0,"turns":5.0},{"damage":69.0,"enemies":"Collector","floor":33.0,"turns":12.0},{"damage":10.0,"enemies":"3 Darklings","floor":35.0,"turns":4.0},{"damage":9,"enemies":"Orb Walker","floor":39,"turns":4},{"damage":15,"enemies":"Nemesis","floor":41,"turns":9},{"damage":1,"enemies":"Jaw Worm Horde","floor":44,"turns":3},{"damage":36,"enemies":"4 Shapes","floor":46,"turns":4},{"damage":11,"enemies":"Maw","floor":48,"turns":8},{"damage":128,"enemies":"Time Eater","floor":50,"turns":13}],"seed_played":"4749568485616727773","potions_obtained":[{"floor":4.0,"key":"SkillPotion"},{"floor":5.0,"key":"ColorlessPotion"},{"floor":7.0,"key":"Poison Potion"},{"floor":14.0,"key":"BlessingOfTheForge"},{"floor":21.0,"key":"GamblersBrew"},{"floor":25.0,"key":"EntropicBrew"},{"floor":29.0,"key":"Regen Potion"},{"floor":31.0,"key":"SneckoOil"},{"floor":39,"key":"FearPotion"},{"floor":46,"key":"Ancient Potion"}],"is_trial":false,"path_per_floor":["M","?","M","M","M","R","E","M","T","R","M","M","R","E","R","B",null,"M","$","?","M","M","R","?","E","T","M","R","M","?","M","R","B",null,"M","?","$","?","M","?","E","?","T","M","R","M","R","M","R","B"],"character_chosen":"THE_SILENT","items_purchased":["Lizard Tail","Block Potion"],"campfire_rested":9,"item_purchase_floors":[19,19],"current_hp_per_floor":[69,69,68,68,63,63,54,36,36,59,49,46,69,48,71,19,63,43,43,27,32,27,50,50,29,29,28,51,52,52,43,66,14,61,51,51,51,51,42,61,46,46,46,45,68,32,55,49,72,0,0],"gold":74,"neow_bonus":"TEN_PERCENT_HP_BONUS","is_daily":false,"chose_seed":false,"campfire_upgraded":1,"win_rate":0.0,"timestamp":1613280449,"path_taken":["M","?","M","M","M","R","E","M","T","R","M","M","R","E","R","BOSS","M","$","?","M","M","R","?","E","T","M","R","?","?","M","R","BOSS","M","?","$","?","?","?","E","?","T","M","R","M","R","M","R","BOSS"],"items_purchased_type":["Relic","Potion"],"build_version":"2020-12-22","purchased_purges":1,"victory":false,"max_hp_per_floor":[77,77,77,77,77,77,77,77,77,77,77,77,77,77,77,77,77,77,77,77,77,77,77,77,77,77,77,77,77,77,77,77,77,77,77,77,77,77,77,77,77,77,77,77,77,77,77,77,77,77,77],"card_choices":[{"not_picked":["Acrobatics","Flying Knee"],"picked":"Dagger Spray","floor":1.0},{"not_picked":["Crippling Poison","Dagger Throw"],"picked":"Blade Dance","floor":3.0},{"not_picked":["Sucker Punch","Tactician"],"picked":"Skewer","floor":4.0},{"not_picked":["Outmaneuver","Crippling Poison"],"picked":"Noxious Fumes","floor":5.0},{"not_picked":["Tactician","Choke"],"picked":"Calculated Gamble","floor":7.0},{"not_picked":["Dagger Spray","Catalyst"],"picked":"Footwork","floor":8.0},{"not_picked":["Dash","Deadly Poison"],"picked":"PiercingWail","floor":11.0},{"not_picked":["Phantasmal Killer","Deflect"],"picked":"Sucker Punch","floor":12.0},{"not_picked":["Skewer","Flechettes"],"picked":"Finisher","floor":14.0},{"not_picked":["Grand Finale","Night Terror"],"picked":"After Image","floor":16.0},{"not_picked":["Choke+1","Backstab"],"picked":"Deflect","floor":18.0},{"not_picked":["Dagger Spray","Outmaneuver","Eviscerate"],"picked":"SKIP","floor":21.0},{"not_picked":["Concentrate","Bane"],"picked":"Deflect","floor":22.0},{"not_picked":["Finisher+1","Sucker Punch","Infinite Blades"],"picked":"SKIP","floor":25.0},{"not_picked":["Backstab+1","Blade Dance+1"],"picked":"Leg Sweep","floor":27.0},{"not_picked":["Dagger Spray","Quick Slash+1","Acrobatics"],"picked":"SKIP","floor":29.0},{"not_picked":["Prepared","Finisher","Dagger Spray+1"],"picked":"SKIP","floor":31.0},{"not_picked":["Storm of Steel","Die Die Die"],"picked":"Burst","floor":33.0},{"not_picked":["Setup"],"picked":"SKIP","floor":35.0},{"not_picked":[],"picked":"Master of Strategy","floor":36.0},{"not_picked":["Quick Slash+1"],"picked":"SKIP","floor":39},{"not_picked":["Deadly Poison+1"],"picked":"SKIP","floor":41},{"not_picked":[],"picked":"Dodge and Roll","floor":44},{"not_picked":["Quick Slash"],"picked":"SKIP","floor":46},{"not_picked":["Flying Knee+1"],"picked":"SKIP","floor":48}],"player_experience":172061,"relics_obtained":[{"floor":7.0,"key":"Toy Ornithopter"},{"floor":9.0,"key":"Gremlin Horn"},{"floor":14.0,"key":"Centennial Puzzle"},{"floor":20.0,"key":"Enchiridion"},{"floor":25.0,"key":"Bottled Tornado"},{"floor":26.0,"key":"Pen Nib"},{"floor":41,"key":"Bronze Scales"},{"floor":43,"key":"Darkstone Periapt"}],"event_choices":[{"damage_healed":0.0,"max_hp_gain":0.0,"max_hp_loss":0.0,"gold_gain":0.0,"event_name":"Living Wall","player_choice":"Grow","floor":2.0,"gold_loss":0.0,"damage_taken":0.0,"cards_upgraded":["Neutralize"]},{"damage_healed":0.0,"max_hp_gain":0.0,"max_hp_loss":0.0,"gold_gain":0.0,"event_name":"Cursed Tome","player_choice":"Obtained Book","floor":20.0,"gold_loss":0.0,"damage_taken":16.0},{"damage_healed":0.0,"max_hp_gain":0.0,"max_hp_loss":0.0,"gold_gain":0.0,"event_name":"Accursed Blacksmith","player_choice":"Forge","floor":24.0,"gold_loss":0.0,"damage_taken":0.0,"cards_upgraded":["Tools of the Trade"]},{"damage_healed":0.0,"max_hp_gain":0.0,"max_hp_loss":0.0,"gold_gain":0.0,"event_name":"Masked Bandits","player_choice":"Paid Fearfully","floor":30.0,"gold_loss":127.0,"damage_taken":0.0},{"damage_healed":0.0,"max_hp_gain":0.0,"max_hp_loss":0.0,"gold_gain":0.0,"event_name":"SensoryStone","player_choice":"Memory 1","floor":36.0,"gold_loss":0.0,"damage_taken":0.0},{"damage_healed":0.0,"max_hp_gain":0.0,"max_hp_loss":0.0,"gold_gain":0.0,"event_name":"WeMeetAgain","player_choice":"Paid Gold","floor":38.0,"gold_loss":50.0,"damage_taken":0.0,"relics_obtained":["Akabeko"]},{"damage_healed":19,"gold_gain":0,"player_choice":"Writhe","damage_taken":0,"max_hp_gain":0,"max_hp_loss":0,"event_name":"Winding Halls","floor":40,"gold_loss":0,"cards_obtained":["Writhe"]},{"damage_healed":0,"gold_gain":0,"player_choice":"Ignored","damage_taken":0,"max_hp_gain":0,"max_hp_loss":0,"event_name":"Mysterious Sphere","floor":42,"gold_loss":0}],"is_beta":false,"boss_relics":[{"not_picked":["HoveringKite","Black Star"],"picked":"Pandora\u0027s Box"},{"not_picked":["Coffee Dripper","Runic Pyramid"],"picked":"Busted Crown"}],"items_purged_floors":[37],"is_endless":false,"potions_floor_spawned":[4,5,7,14,21,25,29,31,39,46],"killed_by":"Time Eater","ascension_level":9}}