{"host":"67z713vnjolu4670","time":1613275964,"event":{"mods":["Act Like it!","BaseMod","BetterRewards","Colored Map","Colored Powertips","Downfall","Gensokyo","Minty Spire (QoL Compilation)","Quick Restart","Rare Cards Sparkle","Replay The Spire","StSLib","The Jungle","WarShipGirlsR/战舰少女R mod","[IsaacMod]以撒尖塔"],"gold_per_floor":[117,193,193,213,213,213,24,45,118,136,199,230,258,286,298,436,448,475,500,512,439,487,539,551,604,616,628,655,742,770,821,833,973,985,1021,743,766,786,802,842,842,883,956,972,997,1020,1242,1266,1266,1266],"floor_reached":51,"language":"ZHS","playtime":4904,"items_purged":["rmod:defend"],"score":876,"play_id":"e63bfb07-3d45-42da-8b75-17fa9f2ccc5f","local_time":"20210214121244","is_ascension_mode":false,"campfire_choices":[{"data":"rmod:diaomin","floor":6.0,"key":"SMITH"},{"data":"rmod:expeditionaryescort","floor":15.0,"key":"SMITH"},{"data":"rmod:secretscript","floor":24.0,"key":"SMITH"},{"data":"rmod:diamondstrike","floor":27.0,"key":"SMITH"},{"data":"rmod:fletcher","floor":32.0,"key":"PURGE"},{"data":"rmod:openingtorpedo","floor":41.0,"key":"SMITH"},{"data":"rmod:seals","floor":49,"key":"SMITH"}],"circlet_count":0,"master_deck":["rmod:defend+1","rmod:defend+1","rmod:basicallowance+1","rmod:maingunfire","EpicFetus","rmod:chargemoney","rmod:combined+1","rmod:u235+1","rmod:bulid+1","rmod:diaomin+1","rmod:maintain+1","rmod:diamondstrike+1","rmod:openingtorpedo+1","rmod:firesupport","rmod:expeditionaryescort+1","rmod:fletcherpendant","rmod:secretscript+1","rmod:acesubmarine","rmod:lonelyqueen+1","rmod:fletcher","rmod:openingtorpedo+1","rmod:circuitoustactics","rmod:seals+1","rmod:fletcherpendant+1","rmod:fuelsupply+1","rmod:salvage","rmod:fletcherpendant+1","rmod:fletcherpendant+1","rmod:fletcherpendant","rmod:salvage+1","Parasite","rmod:ammunitionsupply+1","rmod:fletcherpendant","rmod:circuitoustactics+1","rmod:steelsupply+1","rmod:fletcher+1"],"relics":["rmod:firstchargereward","HushsDoor","GuppysTail","Membership Card","Replay:Wax Seal","Lantern","Astrolabe","Golden Idol","ReplayTheSpireMod:TigerMarble","YumHeart","Letter Opener","Garlic","Strawberry","MawBank","Empty Cage","Chameleon Ring","Red Mask","Replay:Bottled Eggs","Peace Pipe","Pear","War Paint","MagicMushroom","Golden Egg","Medical Kit","Toy Ornithopter","Pantograph","HornCleat","TheBible"],"acts_visited":["Exordium","TheCity","TheBeyond"],"potions_floor_usage":[50],"damage_taken":[{"damage":4.0,"enemies":"Jaw Worm","floor":1.0,"turns":3.0},{"damage":0.0,"enemies":"2 Louse","floor":4.0,"turns":3.0},{"damage":2.0,"enemies":"Small Slimes","floor":8.0,"turns":2.0},{"damage":0.0,"enemies":"Blue Slaver","floor":10.0,"turns":3.0},{"damage":11.0,"enemies":"Hiden Room Battle","floor":11.0,"turns":3.0},{"damage":6.0,"enemies":"Replay:BlueRogue","floor":12.0,"turns":2.0},{"damage":0.0,"enemies":"2 Fungi Beasts","floor":13.0,"turns":1.0},{"damage":2.0,"enemies":"Lots of Slimes","floor":14.0,"turns":2.0},{"damage":5.0,"enemies":"Hexaghost","floor":16.0,"turns":5.0},{"damage":4.0,"enemies":"Spheric Guardian","floor":18.0,"turns":3.0},{"damage":0.0,"enemies":"3 Byrds","floor":19.0,"turns":1.0},{"damage":8.0,"enemies":"Masked Bandits","floor":22.0,"turns":4.0},{"damage":5.0,"enemies":"Slavers","floor":23.0,"turns":2.0},{"damage":10.0,"enemies":"Centurion and Healer","floor":28.0,"turns":5.0},{"damage":9.0,"enemies":"Shelled Parasite and Fungi","floor":30.0,"turns":6.0},{"damage":7.0,"enemies":"Replay:Snechameleon","floor":31.0,"turns":5.0},{"damage":11.0,"enemies":"Collector","floor":33.0,"turns":5.0},{"damage":4.0,"enemies":"Orb Walker","floor":35.0,"turns":3.0},{"damage":0.0,"enemies":"3 Darklings","floor":37.0,"turns":3.0},{"damage":0.0,"enemies":"Writhing Mass","floor":38.0,"turns":5.0},{"damage":0.0,"enemies":"Maw","floor":39.0,"turns":4.0},{"damage":4.0,"enemies":"Nemesis","floor":40.0,"turns":6.0},{"damage":0.0,"enemies":"Reptomancer","floor":42.0,"turns":4.0},{"damage":6.0,"enemies":"4 Shapes","floor":44.0,"turns":2.0},{"damage":4.0,"enemies":"Writhing Mass","floor":45.0,"turns":4.0},{"damage":4.0,"enemies":"Spire Growth","floor":46.0,"turns":3.0},{"damage":15,"enemies":"4 Shapes","floor":48,"turns":1},{"damage":10,"enemies":"Replay:Hell Engine","floor":50,"turns":6}],"seed_played":"-5285775229589063259","potions_obtained":[{"floor":4.0,"key":"Fire Potion"},{"floor":8.0,"key":"SpeedPotion"},{"floor":10.0,"key":"LiquidMemories"},{"floor":13.0,"key":"champ:CounterPotion"},{"floor":19.0,"key":"BlessingOfTheForge"},{"floor":23.0,"key":"SpeedPotion"},{"floor":30.0,"key":"ColorlessPotion"},{"floor":33.0,"key":"SpeedPotion"},{"floor":35.0,"key":"SteroidPotion"},{"floor":39.0,"key":"Dexterity Potion"}],"is_trial":false,"path_per_floor":["M","?","?","M","?","R","$","M","T","M","?","E","M","M","R","B",null,"M","M","?","?","?","E","R","?","T","R","M","T","M","E","R","B",null,"M","$","M","M","M","E","R","E","T","M","M","M","?","M","R","B",null],"character_chosen":"PRAEFECT","items_purchased":["rmod:chargemoney","rmod:combined+1","Membership Card","Replay:Wax Seal","Lantern","YumHeart","rmod:maintain","rmod:acesubmarine","rmod:fuelsupply+1","Golden Egg","Medical Kit","Toy Ornithopter"],"campfire_rested":0,"item_purchase_floors":[0,0,0,0,0,7,7,17,36,36,36,36],"current_hp_per_floor":[57,57,39,39,32,32,32,55,55,55,51,45,45,43,43,38,73,73,70,70,70,62,57,57,67,67,67,57,67,58,51,51,44,87,84,84,85,86,87,83,83,84,84,79,76,73,73,58,58,78],"gold":1266,"neow_bonus":"","is_daily":false,"chose_seed":false,"campfire_upgraded":6,"win_rate":0.0,"timestamp":1613275964,"path_taken":["M","?","?","M","?","R","$","?","T","M","?","E","?","M","R","BOSS","M","M","?","?","?","E","R","?","T","R","M","?","M","E","R","BOSS","M","$","?","M","M","E","R","E","T","M","M","M","?","M","R","BOSS"],"items_purchased_type":["Card","Card","Relic","Relic","Relic","Relic","Card","Card","Card","Relic","Relic","Relic"],"build_version":"2020-12-22","purchased_purges":1,"victory":true,"max_hp_per_floor":[75,75,75,75,75,75,75,75,75,75,82,82,82,82,82,82,73,73,70,70,70,70,70,70,70,70,70,70,80,80,80,80,80,87,87,87,87,87,87,87,87,87,87,87,87,87,87,87,87,87],"card_choices":[{"not_picked":[],"picked":"EpicFetus","floor":0.0},{"not_picked":["rmod:tearstotiara","rmod:luckystar"],"picked":"rmod:diaomin","floor":1.0},{"not_picked":["rmod:intelligenceanalysis","rmod:aluminumsupply","rmod:rockthrower"],"picked":"SKIP","floor":4.0},{"not_picked":["rmod:robin","rmod:fuelsupply"],"picked":"rmod:diamondstrike","floor":8.0},{"not_picked":["rmod:diamondstrike","rmod:saltedfish"],"picked":"rmod:openingtorpedo","floor":10.0},{"not_picked":["rmod:gendarmerie","rmod:robin"],"picked":"rmod:firesupport","floor":11.0},{"not_picked":["rmod:tearstotiara","rmod:supportescort"],"picked":"rmod:expeditionaryescort","floor":12.0},{"not_picked":["rmod:diamondstrike","rmod:lonelyqueen"],"picked":"rmod:fletcherpendant","floor":13.0},{"not_picked":["rmod:aluminumsupply","rmod:slowdown"],"picked":"Bomb","floor":14.0},{"not_picked":["rmod:fletcher","rmod:stealaluminum"],"picked":"rmod:secretscript","floor":16.0},{"not_picked":["rmod:selfconfidence","rmod:ammunitionsupply","rmod:aviationdawn"],"picked":"SKIP","floor":18.0},{"not_picked":["rmod:luckystar","rmod:firesupport","rmod:diaomin"],"picked":"SKIP","floor":19.0},{"not_picked":["rmod:robin","rmod:combined"],"picked":"rmod:lonelyqueen+1","floor":22.0},{"not_picked":["rmod:heivgo","rmod:capitalist","rmod:aluminumsupply"],"picked":"SKIP","floor":23.0},{"not_picked":["rmod:heivgo","rmod:sl"],"picked":"rmod:openingtorpedo+1","floor":28.0},{"not_picked":["rmod:unsinkable+1","rmod:generalist+1","rmod:spoils"],"picked":"SKIP","floor":30.0},{"not_picked":["rmod:unsinkable","rmod:auspiciousomen"],"picked":"rmod:circuitoustactics","floor":31.0},{"not_picked":["rmod:highspeedmaneuver","rmod:supriseattacks"],"picked":"rmod:seals","floor":33.0},{"not_picked":["rmod:guardianhero+1","rmod:chargemoney+1"],"picked":"rmod:fletcherpendant+1","floor":35.0},{"not_picked":["rmod:rockthrower+1","rmod:mineteam","rmod:openingtorpedo+1"],"picked":"SKIP","floor":37.0},{"not_picked":["rmod:circuitoustactics","rmod:chargemoney+1"],"picked":"rmod:salvage","floor":38.0},{"not_picked":["rmod:circuitoustactics","rmod:victimresponsibility+1","rmod:gendarmerie+1"],"picked":"SKIP","floor":39.0},{"not_picked":["rmod:tearstotiara","rmod:supportescort","rmod:acesubmarine"],"picked":"SKIP","floor":40.0},{"not_picked":["rmod:aviationdawn+1","rmod:tearstotiara+1","rmod:supportescort"],"picked":"SKIP","floor":42.0},{"not_picked":["rmod:circuitoustactics","rmod:steelsupply+1"],"picked":"rmod:salvage+1","floor":44.0},{"not_picked":["rmod:wolves+1","rmod:supportaircraftcarrier"],"picked":"rmod:ammunitionsupply+1","floor":45.0},{"not_picked":["rmod:aggressivemary","rmod:unsinkable"],"picked":"rmod:circuitoustactics+1","floor":46.0},{"not_picked":["rmod:victimresponsibility","rmod:firesupport"],"picked":"rmod:steelsupply+1","floor":48}],"player_experience":14926,"relics_obtained":[{"floor":9.0,"key":"Letter Opener"},{"floor":11.0,"key":"Garlic"},{"floor":11.0,"key":"Strawberry"},{"floor":12.0,"key":"MawBank"},{"floor":22.0,"key":"Red Mask"},{"floor":23.0,"key":"Replay:Bottled Eggs"},{"floor":26.0,"key":"Peace Pipe"},{"floor":29.0,"key":"Pear"},{"floor":31.0,"key":"War Paint"},{"floor":40.0,"key":"Pantograph"},{"floor":42.0,"key":"HornCleat"},{"floor":43.0,"key":"TheBible"}],"event_choices":[{"damage_healed":0.0,"max_hp_gain":0.0,"max_hp_loss":0.0,"gold_gain":76.0,"event_name":"Golden Wing","player_choice":"Gained Gold","floor":2.0,"gold_loss":0.0,"damage_taken":0.0},{"damage_healed":0.0,"max_hp_gain":0.0,"max_hp_loss":0.0,"gold_gain":0.0,"event_name":"Golden Idol","player_choice":"Take Damage","floor":3.0,"gold_loss":0.0,"damage_taken":18.0,"relics_obtained":["Golden Idol"]},{"damage_healed":0.0,"max_hp_gain":0.0,"max_hp_loss":0.0,"gold_gain":0.0,"event_name":"Scrap Ooze","player_choice":"Success","floor":5.0,"gold_loss":0.0,"damage_taken":7.0,"relics_obtained":["ReplayTheSpireMod:TigerMarble"]},{"damage_healed":0.0,"max_hp_gain":0.0,"max_hp_loss":0.0,"gold_gain":0.0,"event_name":"HidenRoomEvent","player_choice":"Fight","floor":11.0,"gold_loss":0.0,"damage_taken":0.0},{"damage_healed":0.0,"max_hp_gain":0.0,"max_hp_loss":0.0,"gold_gain":0.0,"event_name":"Addict","player_choice":"Obtained Relic","floor":21.0,"gold_loss":85.0,"damage_taken":0.0,"relics_obtained":["Chameleon Ring"]},{"damage_healed":0.0,"max_hp_gain":0.0,"max_hp_loss":0.0,"gold_gain":0.0,"event_name":"Masked Bandits","player_choice":"Fought Bandits","floor":22.0,"gold_loss":0.0,"damage_taken":0.0},{"damage_healed":0.0,"max_hp_gain":0.0,"max_hp_loss":0.0,"gold_gain":222.0,"event_name":"Tomb of Lord Red Mask","player_choice":"Wore Mask","floor":47.0,"gold_loss":0.0,"damage_taken":0.0}],"is_beta":false,"boss_relics":[{"not_picked":["Honey Jar","Philosopher\u0027s Stone"],"picked":"Empty Cage"},{"not_picked":[]},{"not_picked":["Runic Dome","rmod:monthlycard"],"picked":"MagicMushroom"},{"not_picked":[]}],"items_purged_floors":[17],"is_endless":false,"potions_floor_spawned":[4,8,10,13,19,23,30,33,35,39,44,48],"ascension_level":0}}