{"host":"y4mx56vxqys6xwyn","time":1613271687,"event":{"mods":["BaseMod","Hermit","Minty Spire (QoL Compilation)","StSLib"],"gold_per_floor":[17,35,35,35,47,2,2,20,102,130,144,163,197,209,209,310,310,328,328,9,9,19,19,30,45,69,99,99,131,147,165,165,262,262,274,289,31,41,0,0,20,30,30,42,56,56,6,6,6,6],"floor_reached":51,"language":"ENG","playtime":3990,"items_purged":[],"score":795,"play_id":"0950852f-c281-46ae-aa6b-6c9380fb9b7b","local_time":"20210213210127","is_ascension_mode":false,"campfire_choices":[{"data":"Armaments","floor":7,"key":"SMITH"},{"floor":15,"key":"REST"},{"data":"Transmutation","floor":23,"key":"SMITH"},{"floor":32,"key":"REST"},{"floor":40,"key":"DIG"},{"floor":46,"key":"DIG"},{"data":"Whirlwind","floor":49,"key":"SMITH"}],"circlet_count":0,"master_deck":["Strike_R","Strike_R","Defend_R","Defend_R","Defend_R","Bash","Anger","Reaper","Pommel Strike","Inflame","Armaments+1","Heavy Blade","Headbutt","Fire Breathing","Immolate","Combust","Rage","Clash","Immolate","Shrug It Off","Demon Form","Spot Weakness","Transmutation+1","Whirlwind+1","Pommel Strike+1","Infernal Blade+1","Anger+1","Clumsy","Immolate","Pain","Havoc","Spot Weakness","Limit Break","CurseOfTheBell","Armaments+1","Infernal Blade+1","Armaments+1","Seeing Red+1","Doubt","Shrug It Off","Heavy Blade+1","Pain"],"relics":["Burning Blood","Lantern","Ornamental Fan","Odd Mushroom","Unceasing Top","Cursed Key","Chemical X","Potion Belt","Incense Burner","WarpedTongs","Red Skull","Calling Bell","Regal Pillow","Pear","Shovel","Mercury Hourglass","Red Mask","Toy Ornithopter","Bottled Tornado","InkBottle","Sundial"],"acts_visited":["Exordium","TheCity","TheBeyond"],"potions_floor_usage":[16,24,24,27,33,42,44,50,50,50,50],"damage_taken":[{"damage":1,"enemies":"Cultist","floor":1,"turns":3},{"damage":3,"enemies":"2 Louse","floor":2,"turns":4},{"damage":0,"enemies":"Small Slimes","floor":5,"turns":3},{"damage":13,"enemies":"Exordium Wildlife","floor":8,"turns":3},{"damage":21,"enemies":"The Mushroom Lair","floor":10,"turns":4},{"damage":32,"enemies":"Large Slime","floor":11,"turns":5},{"damage":4,"enemies":"3 Louse","floor":12,"turns":2},{"damage":21,"enemies":"Gremlin Nob","floor":13,"turns":4},{"damage":1,"enemies":"2 Fungi Beasts","floor":14,"turns":1},{"damage":50,"enemies":"Hexaghost","floor":16,"turns":7},{"damage":26,"enemies":"3 Byrds","floor":18,"turns":4},{"damage":10,"enemies":"2 Thieves","floor":22,"turns":2},{"damage":14,"enemies":"Centurion and Healer","floor":24,"turns":4},{"damage":3,"enemies":"Sentry and Sphere","floor":25,"turns":3},{"damage":24,"enemies":"Slavers","floor":27,"turns":3},{"damage":13,"enemies":"Gremlin Leader","floor":29,"turns":4},{"damage":21,"enemies":"Snake Plant","floor":30,"turns":2},{"damage":0,"enemies":"Centurion and Healer","floor":31,"turns":2},{"damage":31,"enemies":"Automaton","floor":33,"turns":8},{"damage":5,"enemies":"3 Darklings","floor":35,"turns":2},{"damage":5,"enemies":"Orb Walker","floor":36,"turns":3},{"damage":12,"enemies":"4 Shapes","floor":38,"turns":1},{"damage":1,"enemies":"Spire Growth","floor":41,"turns":3},{"damage":11,"enemies":"Transient","floor":42,"turns":5},{"damage":7,"enemies":"Jaw Worm Horde","floor":44,"turns":2},{"damage":3,"enemies":"4 Shapes","floor":45,"turns":2},{"damage":39,"enemies":"Time Eater","floor":50,"turns":9}],"seed_played":"-1052740533148215528","potions_obtained":[{"floor":2,"key":"Regen Potion"},{"floor":8,"key":"SneckoOil"},{"floor":13,"key":"FearPotion"},{"floor":16,"key":"ColorlessPotion"},{"floor":25,"key":"CultistPotion"},{"floor":27,"key":"FairyPotion"},{"floor":31,"key":"Block Potion"},{"floor":35,"key":"ColorlessPotion"},{"floor":36,"key":"SkillPotion"},{"floor":41,"key":"ElixirPotion"},{"floor":44,"key":"SkillPotion"}],"is_trial":false,"path_per_floor":["M","M","?","?","M","$","R","M","T","?","M","M","E","M","R","B",null,"M","?","$","?","M","R","M","M","T","E","?","E","M","M","R","B",null,"M","M","$","M","?","R","M","M","T","M","M","R","$","T","R","B",null],"character_chosen":"IRONCLAD","items_purchased":["Heavy Blade","Transmutation","Chemical X","Mercury Hourglass","Explosive Potion"],"campfire_rested":2,"item_purchase_floors":[6,20,20,37,47],"current_hp_per_floor":[80,80,68,73,79,79,79,72,72,57,43,45,30,35,60,37,85,65,65,65,65,61,61,68,71,71,53,53,46,31,37,62,37,95,95,95,95,89,89,89,94,92,92,94,95,95,95,95,95,82],"gold":6,"neow_bonus":"TRANSFORM_TWO_CARDS","is_daily":false,"chose_seed":false,"campfire_upgraded":3,"win_rate":0.0,"timestamp":1613271687,"path_taken":["M","?","?","?","M","?","R","M","T","?","M","M","E","M","R","BOSS","M","?","$","?","M","R","M","M","T","E","?","E","M","?","R","BOSS","M","M","$","?","?","R","M","M","T","M","M","R","?","?","R","BOSS"],"items_purchased_type":["Card","Card","Relic","Relic","Potion"],"build_version":"2020-12-22","purchased_purges":0,"victory":true,"max_hp_per_floor":[80,80,80,85,85,85,85,85,85,85,85,85,85,85,85,85,85,85,85,85,85,85,85,85,85,85,85,85,85,85,85,85,85,95,95,95,95,95,95,95,95,95,95,95,95,95,95,95,95,95],"card_choices":[{"not_picked":["Body Slam","Clothesline"],"picked":"Pommel Strike","floor":1},{"not_picked":["Heavy Blade","Pommel Strike"],"picked":"Inflame","floor":2},{"not_picked":["Body Slam","Disarm"],"picked":"Armaments","floor":5},{"not_picked":["Flex","Shrug It Off"],"picked":"Headbutt","floor":8},{"not_picked":["Sentinel","Wild Strike"],"picked":"Fire Breathing","floor":10},{"not_picked":["Cleave","Seeing Red"],"picked":"Immolate","floor":11},{"not_picked":["Metallicize","True Grit"],"picked":"Combust","floor":12},{"not_picked":["Thunderclap","Immolate"],"picked":"Rage","floor":13},{"not_picked":["Second Wind","Ghostly Armor"],"picked":"Clash","floor":14},{"not_picked":["Limit Break","Corruption"],"picked":"Immolate","floor":16},{"not_picked":["Perfected Strike+1","Twin Strike"],"picked":"Shrug It Off","floor":18},{"not_picked":["Clash","Shrug It Off"],"picked":"Pommel Strike+1","floor":22},{"not_picked":["Metallicize+1","Second Wind+1"],"picked":"Infernal Blade+1","floor":24},{"not_picked":["Headbutt","Evolve"],"picked":"Anger+1","floor":25},{"not_picked":["Feel No Pain","Headbutt+1"],"picked":"Immolate","floor":27},{"not_picked":["Sentinel","Pommel Strike","Sword Boomerang"],"picked":"SKIP","floor":29},{"not_picked":["Shrug It Off","Metallicize+1"],"picked":"Havoc","floor":30},{"not_picked":["Cleave","Blood for Blood+1"],"picked":"Spot Weakness","floor":31},{"not_picked":["Bludgeon","Impervious"],"picked":"Limit Break","floor":33},{"not_picked":["Heavy Blade+1","Warcry"],"picked":"Armaments+1","floor":35},{"not_picked":["Combust+1","Flex"],"picked":"Infernal Blade+1","floor":36},{"not_picked":["Reckless Charge","Spot Weakness"],"picked":"Armaments+1","floor":38},{"not_picked":["Dual Wield","Thunderclap"],"picked":"Seeing Red+1","floor":41},{"not_picked":["Heavy Blade","Intimidate","Hemokinesis+1"],"picked":"SKIP","floor":42},{"not_picked":["Intimidate","Rupture+1"],"picked":"Shrug It Off","floor":44},{"not_picked":["Body Slam","Iron Wave"],"picked":"Heavy Blade+1","floor":45}],"player_experience":36759,"relics_obtained":[{"floor":9,"key":"Ornamental Fan"},{"floor":10,"key":"Odd Mushroom"},{"floor":13,"key":"Unceasing Top"},{"floor":26,"key":"Potion Belt"},{"floor":27,"key":"Incense Burner"},{"floor":29,"key":"Red Skull"},{"floor":34,"key":"Regal Pillow"},{"floor":34,"key":"Pear"},{"floor":34,"key":"Shovel"},{"floor":40,"key":"Toy Ornithopter"},{"floor":43,"key":"Bottled Tornado"},{"floor":46,"key":"InkBottle"},{"floor":48,"key":"Sundial"}],"event_choices":[{"damage_healed":0,"gold_gain":0,"player_choice":"Success","damage_taken":12,"relics_obtained":["Lantern"],"max_hp_gain":0,"max_hp_loss":0,"event_name":"Scrap Ooze","floor":3,"gold_loss":0},{"damage_healed":0,"gold_gain":0,"player_choice":"Donut","damage_taken":0,"max_hp_gain":5,"max_hp_loss":0,"event_name":"Big Fish","floor":4,"gold_loss":0},{"damage_healed":0,"gold_gain":0,"player_choice":"Fought Mushrooms","damage_taken":0,"max_hp_gain":0,"max_hp_loss":0,"event_name":"Mushrooms","floor":10,"gold_loss":0},{"damage_healed":0,"gold_gain":0,"cards_transformed":["Strike_R","Strike_R"],"player_choice":"Became Test Subject","damage_taken":0,"max_hp_gain":0,"max_hp_loss":0,"event_name":"Drug Dealer","floor":19,"gold_loss":0,"cards_obtained":["Demon Form","Spot Weakness"]},{"damage_healed":0,"gold_gain":0,"player_choice":"Read","damage_taken":0,"max_hp_gain":0,"max_hp_loss":0,"event_name":"The Library","floor":21,"gold_loss":0,"cards_obtained":["Whirlwind"]},{"damage_healed":0,"gold_gain":0,"player_choice":"Rummage","damage_taken":0,"relics_obtained":["WarpedTongs"],"max_hp_gain":0,"max_hp_loss":0,"event_name":"Accursed Blacksmith","floor":28,"gold_loss":0,"cards_obtained":["Pain"]},{"damage_healed":0,"gold_gain":0,"player_choice":"Paid","damage_taken":0,"relics_obtained":["Red Mask"],"max_hp_gain":0,"max_hp_loss":0,"event_name":"Tomb of Lord Red Mask","floor":39,"gold_loss":41}],"is_beta":false,"boss_relics":[{"not_picked":["Sozu","Runic Cube"],"picked":"Cursed Key"},{"not_picked":["Astrolabe","Runic Dome"],"picked":"Calling Bell"}],"items_purged_floors":[],"is_endless":false,"potions_floor_spawned":[2,8,13,14,16,22,25,27,31,35,36,41,44],"ascension_level":0}}