{"host":"p4v0hquynnreu717","time":1613315495,"event":{"mods":["BaseMod","DeckTracker","Googly Eyes","Minty Spire (QoL Compilation)","Quick Restart","StSLib","SuperFastMode"],"gold_per_floor":[109,109,128,128,53,87,107,128,153,177,193,193,218,251,251,345,345,365,365,45,61,85,129,129,142,169,189,205,238,238,238,238,334,334,350,141,202,233,256,256,287,312,337,353,376,376,135,47,47,47,47,47,47,88,88],"floor_reached":56,"language":"ZHS","playtime":1711,"items_purged":["Strike_B","Beam Cell","Ball Lightning","Ball Lightning","Conserve Battery"],"score":2017,"play_id":"26293bf7-6d8f-48fa-b133-de2a1846f2ed","local_time":"20210214231135","is_ascension_mode":true,"campfire_choices":[{"data":"Defragment","floor":12.0,"key":"SMITH"},{"data":"Coolheaded","floor":15.0,"key":"SMITH"},{"data":"Turbo","floor":24.0,"key":"SMITH"},{"data":"Double Energy","floor":30.0,"key":"SMITH"},{"data":"Double Energy","floor":32.0,"key":"SMITH"},{"data":"Creative AI","floor":40.0,"key":"SMITH"},{"data":"Dualcast","floor":46.0,"key":"SMITH"},{"floor":49.0,"key":"RECALL"},{"data":"Zap","floor":52.0,"key":"SMITH"}],"circlet_count":0,"master_deck":["AscendersBane","Zap+1","Dualcast+1","Capacitor","White Noise","Double Energy+1","Defragment+1","Glacier","Turbo+1","Tempest","Coolheaded+1","Electrodynamics","Creative AI+1","Thunder Strike","Storm","Double Energy+1","Tempest","Coolheaded+1","Core Surge","White Noise","Master of Strategy"],"relics":["Cracked Core","NeowsBlessing","Golden Idol","Bag of Preparation","Dream Catcher","Pandora\u0027s Box","DataDisk","Gremlin Horn","Potion Belt","Mango","Runic Pyramid","Membership Card","Emotion Chip","Bird Faced Urn","Toy Ornithopter","PreservedInsect","PrismaticShard","Boot"],"acts_visited":["Exordium","TheCity","TheBeyond","TheEnding"],"potions_floor_usage":[55,55],"damage_taken":[{"damage":0.0,"enemies":"Jaw Worm","floor":1.0,"turns":1.0},{"damage":0.0,"enemies":"Small Slimes","floor":3.0,"turns":1.0},{"damage":0.0,"enemies":"3 Sentries","floor":6.0,"turns":2.0},{"damage":1.0,"enemies":"Cultist","floor":7.0,"turns":3.0},{"damage":0.0,"enemies":"Large Slime","floor":8.0,"turns":5.0},{"damage":7.0,"enemies":"Looter","floor":10.0,"turns":4.0},{"damage":5.0,"enemies":"Blue Slaver","floor":11.0,"turns":3.0},{"damage":12.0,"enemies":"Exordium Wildlife","floor":13.0,"turns":6.0},{"damage":14.0,"enemies":"Lagavulin","floor":14.0,"turns":6.0},{"damage":17.0,"enemies":"The Guardian","floor":16.0,"turns":9.0},{"damage":0.0,"enemies":"3 Byrds","floor":18.0,"turns":1.0},{"damage":8.0,"enemies":"Spheric Guardian","floor":21.0,"turns":3.0},{"damage":5.0,"enemies":"Cultist and Chosen","floor":22.0,"turns":4.0},{"damage":17.0,"enemies":"Gremlin Leader","floor":23.0,"turns":4.0},{"damage":3.0,"enemies":"Snecko","floor":25.0,"turns":4.0},{"damage":13.0,"enemies":"Snake Plant","floor":27.0,"turns":3.0},{"damage":0.0,"enemies":"Cultist and Chosen","floor":28.0,"turns":4.0},{"damage":0.0,"enemies":"Slavers","floor":29.0,"turns":1.0},{"damage":18.0,"enemies":"Champ","floor":33.0,"turns":8.0},{"damage":0.0,"enemies":"3 Darklings","floor":35.0,"turns":1.0},{"damage":34.0,"enemies":"2 Orb Walkers","floor":37.0,"turns":3.0},{"damage":0.0,"enemies":"Mind Bloom Boss Battle","floor":38.0,"turns":3.0},{"damage":5.0,"enemies":"Orb Walker","floor":39.0,"turns":3.0},{"damage":0.0,"enemies":"Reptomancer","floor":41.0,"turns":2.0},{"damage":0.0,"enemies":"Maw","floor":42.0,"turns":6.0},{"damage":4.0,"enemies":"Spire Growth","floor":44.0,"turns":3.0},{"damage":29.0,"enemies":"3 Darklings","floor":45.0,"turns":4.0},{"damage":42.0,"enemies":"Time Eater","floor":50.0,"turns":6.0},{"damage":33.0,"enemies":"Shield and Spear","floor":54.0,"turns":2.0},{"damage":127,"enemies":"The Heart","floor":55,"turns":8}],"seed_played":"-8333485221359283809","potions_obtained":[{"floor":3.0,"key":"Fire Potion"},{"floor":10.0,"key":"FocusPotion"},{"floor":13.0,"key":"AttackPotion"},{"floor":16.0,"key":"DuplicationPotion"},{"floor":18.0,"key":"PowerPotion"},{"floor":21.0,"key":"PowerPotion"},{"floor":25.0,"key":"PotionOfCapacity"},{"floor":28.0,"key":"SteroidPotion"},{"floor":37.0,"key":"FairyPotion"},{"floor":42.0,"key":"PowerPotion"}],"is_trial":false,"path_per_floor":["M","?","M","?","$","E","M","M","T","M","M","R","M","E","R","B",null,"M","?","$","M","M","E","R","M","T","M","M","E","R","?","R","B",null,"M","$","?","?","M","R","E","M","T","M","M","R","$","$","R","B",null,"R","$","E","B",null],"character_chosen":"DEFECT","items_purchased":["DataDisk","Storm","Membership Card","PrismaticShard","Master of Strategy"],"campfire_rested":0,"item_purchase_floors":[20,20,36,47,47],"current_hp_per_floor":[64,64,64,64,64,64,63,63,63,56,51,51,39,25,25,8,50,50,64,64,56,51,34,34,31,31,18,18,32,32,32,32,14,62,62,62,28,28,35,35,37,55,55,57,42,42,42,42,42,22,64,64,64,35,38],"gold":88,"neow_bonus":"THREE_ENEMY_KILL","is_daily":false,"chose_seed":false,"campfire_upgraded":8,"win_rate":0.0,"timestamp":1613315495,"path_taken":["M","?","M","?","$","E","M","M","T","M","?","R","M","E","R","BOSS","M","?","?","M","M","E","R","M","T","M","M","E","R","?","R","BOSS","M","$","?","?","M","R","E","M","T","M","M","R","?","$","R","BOSS","R","$","E","BOSS"],"items_purchased_type":["Relic","Card","Relic","Relic","Card"],"build_version":"2020-12-22","purchased_purges":5,"victory":true,"max_hp_per_floor":[71,64,64,64,64,64,64,64,64,64,64,64,64,64,64,64,64,64,64,64,64,64,64,64,64,64,64,64,78,78,78,78,78,78,78,78,78,78,78,78,78,78,78,78,78,78,78,78,78,78,78,78,78,78,78],"card_choices":[{"not_picked":["Redo","Static Discharge"],"picked":"Ball Lightning","floor":1.0},{"not_picked":["Force Field","Compile Driver"],"picked":"Capacitor","floor":3.0},{"not_picked":["Force Field","Redo"],"picked":"Double Energy","floor":6.0},{"not_picked":["Hologram","Sunder"],"picked":"Defragment","floor":7.0},{"not_picked":["Chill","Fusion","Rip and Tear"],"picked":"SKIP","floor":8.0},{"not_picked":["Chaos","Steam"],"picked":"Glacier","floor":10.0},{"not_picked":["Tempest","Fission"],"picked":"Turbo","floor":11.0},{"not_picked":["Hologram","Rebound"],"picked":"Tempest","floor":13.0},{"not_picked":["Beam Cell","Tempest"],"picked":"Coolheaded","floor":14.0},{"not_picked":["Amplify","Hyperbeam"],"picked":"Electrodynamics","floor":16.0},{"not_picked":["Hologram","Redo","Scrape"],"picked":"SKIP","floor":18.0},{"not_picked":["Steam","Steam Power"],"picked":"Double Energy","floor":21.0},{"not_picked":["Hologram+1","Coolheaded"],"picked":"Tempest","floor":22.0},{"not_picked":["Streamline","Cold Snap","Ball Lightning"],"picked":"SKIP","floor":23.0},{"not_picked":["Chill","Double Energy","Reprogram"],"picked":"SKIP","floor":25.0},{"not_picked":["Auto Shields","Compile Driver"],"picked":"Coolheaded+1","floor":27.0},{"not_picked":["Rebound","Barrage","Electrodynamics"],"picked":"SKIP","floor":28.0},{"not_picked":["Electrodynamics","Go for the Eyes+1","Redo"],"picked":"SKIP","floor":29.0},{"not_picked":["Biased Cognition","Reboot"],"picked":"Core Surge","floor":33.0},{"not_picked":["Turbo","Barrage","Stack"],"picked":"SKIP","floor":35.0},{"not_picked":["Streamline","Rebound","Steam Power+1"],"picked":"SKIP","floor":39.0},{"not_picked":["Rebound+1","Compile Driver","Redo+1"],"picked":"SKIP","floor":41.0},{"not_picked":["Scrape+1","BootSequence+1","Darkness"],"picked":"SKIP","floor":42.0},{"not_picked":["Compile Driver","Coolheaded"],"picked":"White Noise","floor":44.0},{"not_picked":["Sweeping Beam+1","Compile Driver","Cold Snap"],"picked":"SKIP","floor":45.0},{"not_picked":["Secret Technique","Flying Knee","Auto Shields"],"picked":"SKIP","floor":54.0}],"player_experience":857049,"relics_obtained":[{"floor":6.0,"key":"Bag of Preparation"},{"floor":14.0,"key":"Dream Catcher"},{"floor":23.0,"key":"Gremlin Horn"},{"floor":26.0,"key":"Potion Belt"},{"floor":29.0,"key":"Mango"},{"floor":37.0,"key":"Emotion Chip"},{"floor":38.0,"key":"Bird Faced Urn"},{"floor":41.0,"key":"Toy Ornithopter"},{"floor":43.0,"key":"PreservedInsect"},{"floor":54.0,"key":"Boot"}],"event_choices":[{"damage_healed":0.0,"max_hp_gain":0.0,"max_hp_loss":7.0,"gold_gain":0.0,"event_name":"Golden Idol","player_choice":"Lose Max HP","floor":2.0,"gold_loss":0.0,"damage_taken":0.0,"relics_obtained":["Golden Idol"]},{"damage_healed":0.0,"max_hp_gain":0.0,"max_hp_loss":0.0,"gold_gain":0.0,"cards_transformed":["Strike_B"],"event_name":"Living Wall","player_choice":"Change","floor":4.0,"gold_loss":0.0,"damage_taken":0.0,"cards_obtained":["White Noise"]},{"cards_removed":["Darkness"],"damage_healed":14.0,"max_hp_gain":0.0,"max_hp_loss":0.0,"gold_gain":0.0,"event_name":"Bonfire Elementals","player_choice":"Offered Uncommon","floor":19.0,"gold_loss":0.0,"damage_taken":0.0},{"damage_healed":0.0,"max_hp_gain":0.0,"max_hp_loss":0.0,"gold_gain":0.0,"event_name":"The Mausoleum","player_choice":"Ignored","floor":31.0,"gold_loss":0.0,"damage_taken":0.0},{"damage_healed":0.0,"max_hp_gain":0.0,"max_hp_loss":0.0,"gold_gain":0.0,"event_name":"Mysterious Sphere","player_choice":"Fight","floor":37.0,"gold_loss":0.0,"damage_taken":0.0},{"damage_healed":0.0,"max_hp_gain":0.0,"max_hp_loss":0.0,"gold_gain":0.0,"event_name":"MindBloom","player_choice":"Fight","floor":38.0,"gold_loss":0.0,"damage_taken":0.0}],"is_beta":false,"boss_relics":[{"not_picked":["Sozu","Tiny House"],"picked":"Pandora\u0027s Box"},{"not_picked":["Inserter","Coffee Dripper"],"picked":"Runic Pyramid"}],"items_purged_floors":[5,20,36,47,48],"is_endless":false,"potions_floor_spawned":[3,10,13,16,18,21,25,28,37,42,44],"ascension_level":15}}