{"host":"hka8b3f4pkvnp4ei","time":1613283843,"event":{"mods":["BaseMod","Minty Spire (QoL Compilation)","Quick Restart","Replay The Spire","StSLib"],"gold_per_floor":[113,133,133,133,58,85,99,117,117,117,17,47,47,65,65,173,173,223,223,223,223,156,156,204,235,235,284,284,121,163,163,163,269,269,312,312,140,190,190,252,252,316,343,174,234,234,234],"floor_reached":46,"language":"ZHS","playtime":1682,"items_purged":["Defend_P","Strike_P","Strike_P"],"score":1214,"play_id":"5b0fbc82-2e5b-47f0-b604-db6071c634e4","local_time":"20210214142403","is_ascension_mode":true,"campfire_choices":[{"data":"Wish","floor":15.0,"key":"SMITH"},{"data":"TalkToTheHand","floor":23.0,"key":"SMITH"},{"floor":28.0,"key":"REST"},{"data":"Prostrate","floor":32.0,"key":"SMITH"},{"data":"Scrawl","floor":41.0,"key":"SMITH"}],"circlet_count":0,"master_deck":["AscendersBane","Strike_P","Defend_P+1","Eruption+1","Vigilance+1","FearNoEvil+1","ForeignInfluence","Steam","Wish+1","DevaForm+1","AbeCurse","Collect+1","TalkToTheHand+1","TalkToTheHand","Prostrate+1","Wallop","Scrawl+1","Indignation"],"relics":["PureWater","NeowsBlessing","Letter Opener","Replay:Purple Gloves","TungstenRod","Abe\u0027s Treasure","TeardropLocket","Question Card","Guide Book","Black Star","TheAbacus","Anchor","Ginger","Bronze Scales","Mercury Hourglass","Replay:PocketPolymizer","Pantograph","Chameleon Ring"],"acts_visited":["Exordium","TheCity","TheBeyond"],"potions_floor_usage":[],"damage_taken":[{"damage":0.0,"enemies":"Cultist","floor":1.0,"turns":1.0},{"damage":0.0,"enemies":"Small Slimes","floor":2.0,"turns":2.0},{"damage":0.0,"enemies":"3 Sentries","floor":6.0,"turns":1.0},{"damage":0.0,"enemies":"Jaw Worm","floor":7.0,"turns":4.0},{"damage":0.0,"enemies":"Large Slime","floor":8.0,"turns":2.0},{"damage":7.0,"enemies":"Lagavulin","floor":12.0,"turns":5.0},{"damage":1.0,"enemies":"Exordium Thugs","floor":14.0,"turns":3.0},{"damage":17.0,"enemies":"The Guardian","floor":16.0,"turns":7.0},{"damage":0.0,"enemies":"3 Byrds","floor":18.0,"turns":2.0},{"damage":9.0,"enemies":"Shell Parasite","floor":24.0,"turns":5.0},{"damage":29.0,"enemies":"Slavers","floor":25.0,"turns":6.0},{"damage":5.0,"enemies":"Snake Plant","floor":27.0,"turns":5.0},{"damage":0.0,"enemies":"Centurion and Healer","floor":30.0,"turns":6.0},{"damage":34.0,"enemies":"Champ","floor":33.0,"turns":9.0},{"damage":17.0,"enemies":"3 Shapes","floor":35.0,"turns":7.0},{"damage":1.0,"enemies":"Orb Walker","floor":38.0,"turns":3.0},{"damage":0.0,"enemies":"Nemesis","floor":40.0,"turns":9.0},{"damage":6.0,"enemies":"Giant Head","floor":42.0,"turns":5.0},{"damage":22.0,"enemies":"R_Hoarder","floor":45.0,"turns":10.0},{"damage":18,"enemies":"3 Darklings","floor":46,"turns":1}],"seed_played":"7055380849206058114","potions_obtained":[{"floor":6.0,"key":"EntropicBrew"},{"floor":8.0,"key":"Energy Potion"},{"floor":12.0,"key":"ColorlessPotion"},{"floor":14.0,"key":"DuplicationPotion"},{"floor":16.0,"key":"EntropicBrew"},{"floor":25.0,"key":"FearPotion"},{"floor":33.0,"key":"Block Potion"},{"floor":38.0,"key":"Languid Potion"},{"floor":40.0,"key":"Adrenaline Potion"},{"floor":45.0,"key":"Doom Potion"}],"is_trial":false,"path_per_floor":["M","M","?","?","$","E","M","M","T","?","$","E","?","M","R","B",null,"M","?","?","?","$","R","M","E","T","M","R","$","M","$","R","B",null,"M","?","$","M","T","E","R","E","T","$","E","M"],"character_chosen":"WATCHER","items_purchased":["TalkToTheHand","Guide Book","TheAbacus","Indignation"],"campfire_rested":1,"item_purchase_floors":[22,29,37,44],"current_hp_per_floor":[61,61,66,44,44,44,44,44,44,44,44,37,37,36,36,19,60,60,60,40,56,56,56,47,18,18,13,36,36,36,36,36,2,59,42,42,42,41,41,41,41,35,35,35,13,0,0],"gold":234,"neow_bonus":"THREE_ENEMY_KILL","is_daily":false,"chose_seed":false,"campfire_upgraded":4,"win_rate":0.0,"timestamp":1613283843,"path_taken":["M","M","?","?","$","E","M","M","T","?","?","E","?","M","R","BOSS","M","?","?","?","?","R","M","E","T","?","R","$","M","$","R","BOSS","M","?","$","M","?","E","R","E","T","$","E","M"],"items_purchased_type":["Card","Relic","Relic","Card"],"build_version":"2020-12-22","purchased_purges":3,"victory":false,"max_hp_per_floor":[68,68,73,73,73,73,73,73,73,73,73,73,73,73,73,73,73,73,73,78,78,78,78,78,78,78,78,78,78,78,78,78,78,78,78,78,78,78,78,78,78,78,78,78,78,78,78],"card_choices":[{"not_picked":["EmptyFist","Meditate","ClearTheMind"],"picked":"SKIP","floor":1.0},{"not_picked":["Replay:Hum","Halt","CrushJoints"],"picked":"SKIP","floor":2.0},{"not_picked":["Prostrate","FollowUp","Sanctity"],"picked":"SKIP","floor":6.0},{"not_picked":["Protect","MentalFortress"],"picked":"FearNoEvil","floor":7.0},{"not_picked":["ForeignInfluence","FollowUp","Evaluate"],"picked":"SKIP","floor":8.0},{"not_picked":["Vengeance","CutThroughFate","Protect"],"picked":"SKIP","floor":12.0},{"not_picked":["Conclude","FlyingSleeves"],"picked":"Wish","floor":14.0},{"not_picked":["Ragnarok","Alpha"],"picked":"DevaForm","floor":16.0},{"not_picked":["JustLucky","Halt"],"picked":"Collect+1","floor":18.0},{"not_picked":["BowlingBash","DeceiveReality"],"picked":"Prostrate","floor":24.0},{"not_picked":["ClearTheMind","CrushJoints","ThirdEye"],"picked":"SKIP","floor":25.0},{"not_picked":["ClearTheMind","PathToVictory","BowlingBash","FollowUp+1"],"picked":"SKIP","floor":27.0},{"not_picked":["Replay:ManipulateFuture","Protect","FollowUp"],"picked":"Wallop","floor":30.0},{"not_picked":["ConjureBlade","Blasphemy","Wish"],"picked":"Scrawl","floor":33.0},{"not_picked":["Replay:AtTheReady","FlurryOfBlows","Evaluate","FlyingSleeves"],"picked":"SKIP","floor":35.0},{"not_picked":["Protect","EmptyMind","ThirdEye","Collect"],"picked":"SKIP","floor":38.0},{"not_picked":["BattleHymn","Blasphemy","Replay:Battleflow","EmptyBody"],"picked":"SKIP","floor":40.0},{"not_picked":["Replay:Battleflow","CrushJoints","FlurryOfBlows+1","EmptyFist"],"picked":"SKIP","floor":42.0},{"not_picked":["FollowUp+1","Prostrate","ClearTheMind","Blasphemy"],"picked":"SKIP","floor":45.0}],"player_experience":480320,"relics_obtained":[{"floor":6.0,"key":"Letter Opener"},{"floor":9.0,"key":"Replay:Purple Gloves"},{"floor":12.0,"key":"TungstenRod"},{"floor":25.0,"key":"TeardropLocket"},{"floor":26.0,"key":"Question Card"},{"floor":39.0,"key":"Anchor"},{"floor":40.0,"key":"Ginger"},{"floor":40.0,"key":"Bronze Scales"},{"floor":42.0,"key":"Mercury Hourglass"},{"floor":42.0,"key":"Replay:PocketPolymizer"},{"floor":45.0,"key":"Pantograph"},{"floor":45.0,"key":"Chameleon Ring"}],"event_choices":[{"damage_healed":0.0,"max_hp_gain":5.0,"max_hp_loss":0.0,"gold_gain":0.0,"event_name":"Big Fish","player_choice":"Donut","floor":3.0,"gold_loss":0.0,"damage_taken":0.0},{"damage_healed":0.0,"max_hp_gain":0.0,"max_hp_loss":0.0,"gold_gain":0.0,"event_name":"Shining Light","player_choice":"Entered Light","floor":4.0,"gold_loss":0.0,"damage_taken":22.0,"cards_upgraded":["Vigilance","Defend_P"]},{"damage_healed":0.0,"max_hp_gain":0.0,"max_hp_loss":0.0,"gold_gain":0.0,"event_name":"Living Wall","player_choice":"Grow","floor":13.0,"gold_loss":0.0,"damage_taken":0.0,"cards_upgraded":["Eruption"]},{"damage_healed":0.0,"max_hp_gain":5.0,"max_hp_loss":0.0,"gold_gain":0.0,"event_name":"Forgotten Altar","player_choice":"Shed Blood","floor":20.0,"gold_loss":0.0,"damage_taken":26.0},{"damage_healed":16.0,"max_hp_gain":0.0,"max_hp_loss":0.0,"gold_gain":0.0,"event_name":"The Library","player_choice":"Heal","floor":21.0,"gold_loss":0.0,"damage_taken":0.0},{"cards_removed":["Defend_P"],"damage_healed":0.0,"max_hp_gain":0.0,"max_hp_loss":0.0,"gold_gain":0.0,"event_name":"Falling","player_choice":"Removed Skill","floor":36.0,"gold_loss":0.0,"damage_taken":0.0}],"is_beta":false,"boss_relics":[{"not_picked":["Kintsugi","Sozu"],"picked":"Abe\u0027s Treasure"},{"not_picked":["Tiny House","SlaversCollar"],"picked":"Black Star"}],"items_purged_floors":[5,11,44],"is_endless":false,"potions_floor_spawned":[6,8,12,14,16,25,33,38,40,45],"killed_by":"3 Darklings","ascension_level":20}}