{"host":"27c1zwn2rxlukojz","time":1613342507,"event":{"mods":["BaseMod","Filter the Spire","Minty Spire (QoL Compilation)","Relic Stats","StSLib"],"gold_per_floor":[115,135,135,135,37,72,72,72,72],"floor_reached":8,"language":"DEU","playtime":283,"items_purged":["Strike_G"],"score":95,"play_id":"e09d7e86-c856-4c74-95b4-9345c5d92f31","local_time":"20210214234147","is_ascension_mode":true,"campfire_choices":[{"data":"Eviscerate","floor":7,"key":"SMITH"}],"circlet_count":0,"master_deck":["AscendersBane","Strike_G+1","Strike_G","Strike_G","Defend_G","Defend_G","Defend_G","Defend_G","Defend_G","Survivor","Neutralize","Riddle With Holes","Underhanded Strike+1","Setup","Dagger Throw","Eviscerate+1"],"relics":["Snecko Eye","Smiling Mask"],"acts_visited":["Exordium"],"potions_floor_usage":[6],"damage_taken":[{"damage":4,"enemies":"Jaw Worm","floor":1,"turns":4},{"damage":0,"enemies":"2 Louse","floor":2,"turns":5},{"damage":22,"enemies":"Gremlin Nob","floor":6,"turns":4},{"damage":17,"enemies":"3 Sentries","floor":8,"turns":2}],"seed_played":"-9208471297478349093","potions_obtained":[{"floor":1,"key":"BlessingOfTheForge"}],"is_trial":false,"path_per_floor":["M","M","?","?","$","E","R","E"],"character_chosen":"THE_SILENT","items_purchased":["Dagger Throw"],"campfire_rested":0,"item_purchase_floors":[5],"current_hp_per_floor":[55,55,35,35,35,13,13,0,0],"gold":72,"neow_bonus":"BOSS_RELIC","is_daily":false,"chose_seed":false,"campfire_upgraded":1,"win_rate":0.0,"timestamp":1613342507,"path_taken":["M","M","?","?","?","E","R","E"],"items_purchased_type":["Card"],"build_version":"2020-12-22","purchased_purges":1,"victory":false,"max_hp_per_floor":[66,66,66,66,66,66,66,66,66],"relic_stats":{"counters":[4,15],"Snecko Eye":[26,19,34,24],"Smiling Mask":0,"obtain_stats":[{"Snecko Eye":0,"Smiling Mask":6,"Ring of the Snake":0},{"Snecko Eye":0,"Smiling Mask":3,"Ring of the Snake":0},{"Snecko Eye":0,"Smiling Mask":13,"Ring of the Snake":0}]},"card_choices":[{"not_picked":["Deadly Poison","Heel Hook"],"picked":"Riddle With Holes","floor":1},{"not_picked":["Dagger Throw","Skewer"],"picked":"Underhanded Strike","floor":2},{"not_picked":["Tactician","PiercingWail"],"picked":"Eviscerate","floor":6}],"player_experience":3978358,"relics_obtained":[{"floor":6,"key":"Smiling Mask"}],"event_choices":[{"damage_healed":0,"gold_gain":0,"player_choice":"Entered Light","damage_taken":20,"max_hp_gain":0,"max_hp_loss":0,"event_name":"Shining Light","floor":3,"gold_loss":0,"cards_upgraded":["Underhanded Strike","Strike_G"]},{"damage_healed":0,"gold_gain":0,"cards_transformed":["Strike_G"],"player_choice":"Change","damage_taken":0,"max_hp_gain":0,"max_hp_loss":0,"event_name":"Living Wall","floor":4,"gold_loss":0,"cards_obtained":["Setup"]}],"is_beta":false,"boss_relics":[],"items_purged_floors":[5],"is_endless":false,"potions_floor_spawned":[1],"killed_by":"3 Sentries","ascension_level":15}}