{"host":"am0cr9xwekqmrere","time":1613345801,"event":{"mods":["AchievementEnabler","Act Like it!","BaseMod","Better Altar","Better Match","Better Note","Better Sensory Stone","Better Skull","Better Third Choice","BetterRewards","Conspire","Downfall","Hubris","Infinite Spire","Minty Spire (QoL Compilation)","Rare Cards Sparkle","Spicy Shops","StSLib","Unceasing Turn Reminder"],"gold_per_floor":[115,23,23,38,55,55,86,86,166,178,207,223,241,243,243,351,351,373,158,183,1,7,7,40,40,40,40,61,77,77,97,97,202,252,264,264,293,193,236,236,281,281,306,81,81,81,93,93,93,195,195,195,49,84,111],"floor_reached":56,"language":"ENG","playtime":2112,"items_purged":[],"score":1250,"play_id":"43577808-a3aa-4470-b9ff-09aeca2f4f38","local_time":"20210214173641","is_ascension_mode":false,"campfire_choices":[{"data":"Phantasmal Killer","floor":6,"key":"SMITH"},{"data":"After Image","floor":8,"key":"SMITH"},{"floor":15,"key":"REST"},{"floor":23,"key":"REST"},{"floor":27,"key":"REST"},{"floor":32,"key":"REST"},{"data":"Setup","floor":40,"key":"SMITH"},{"floor":42,"key":"RECALL"},{"data":"infinitespire:UltimateForm","floor":46,"key":"SMITH"},{"floor":49,"key":"REST"},{"data":"infinitespire:SevenWalls","floor":52,"key":"SMITH"}],"circlet_count":0,"master_deck":["Strike_G","Strike_G","Strike_G","Defend_G+1","Defend_G","Defend_G","Defend_G","Defend_G","Survivor","Neutralize","Phantasmal Killer+1","Blade Dance","Flash of Steel","Quick Slash","Dagger Spray","After Image+1","Setup+1","Catalyst","Cloak And Dagger","infinitespire:UltimateForm+1","Corpse Explosion","Backflip+1","Cloak And Dagger","Backstab","Footwork","Cloak And Dagger","Cloak And Dagger","Bullet Time","Catalyst+1","Tactician","Deadly Poison+1","Unload","Dodge and Roll","infinitespire:Punishment","infinitespire:SevenWalls+1","Prepared+1","conspire:SpireCoStock","conspire:SpireCoStock","Calculated Gamble+1","Concentrate+1","Noxious Fumes","Dodge and Roll","Caltrops+1"],"relics":["Ring of the Snake","infinitespire:Midas Blood","Kunai","hubris:BottledRain","hubris:Backtick","hubris:MysteriousPyramids","OrangePellets","TheAbacus","MealTicket","Orichalcum","conspire:DeflatedDodgeball","Paper Crane","conspire:SpecialSausage","Tiny House","HoveringKite","infinitespire:BottledMercury","hexamod:Sixitude","sneckomod:BlankCard","TwistedFunnel","hubris:Icosahedron","Boot","Centennial Puzzle"],"acts_visited":["Exordium","TheCity","TheBeyond","TheEnding"],"potions_floor_usage":[5,11,16,20,31,31,39,50,55],"damage_taken":[{"damage":0,"enemies":"Cultist","floor":1,"turns":3},{"damage":0,"enemies":"Jaw Worm","floor":4,"turns":2},{"damage":0,"enemies":"2 Louse","floor":5,"turns":1},{"damage":8,"enemies":"Lagavulin","floor":7,"turns":4},{"damage":0,"enemies":"Looter","floor":10,"turns":2},{"damage":9,"enemies":"Gremlin Nob","floor":11,"turns":4},{"damage":1,"enemies":"Gremlin Gang","floor":12,"turns":4},{"damage":0,"enemies":"2 Fungi Beasts","floor":13,"turns":3},{"damage":24,"enemies":"The Guardian","floor":16,"turns":12},{"damage":1,"enemies":"Spheric Guardian","floor":18,"turns":6},{"damage":24,"enemies":"2 Thieves","floor":20,"turns":4},{"damage":20,"enemies":"Book of Stabbing","floor":24,"turns":8},{"damage":5,"enemies":"Snecko","floor":28,"turns":5},{"damage":4,"enemies":"Centurion and Healer","floor":29,"turns":7},{"damage":0,"enemies":"3 Cultists","floor":31,"turns":4},{"damage":6,"enemies":"Champ","floor":33,"turns":8},{"damage":0,"enemies":"Orb Walker","floor":35,"turns":5},{"damage":18,"enemies":"conspire:MimicChest","floor":37,"turns":7},{"damage":5,"enemies":"3 Darklings","floor":39,"turns":4},{"damage":6,"enemies":"4 Shapes","floor":41,"turns":6},{"damage":42,"enemies":"Writhing Mass","floor":47,"turns":3},{"damage":1,"enemies":"Awakened One","floor":50,"turns":13},{"damage":24,"enemies":"Shield and Spear","floor":54,"turns":6},{"damage":6,"enemies":"The Heart","floor":55,"turns":9}],"seed_played":"258476923556912620","potions_obtained":[{"floor":4,"key":"BlessingOfTheForge"},{"floor":7,"key":"SkillPotion"},{"floor":12,"key":"Poison Potion"},{"floor":16,"key":"sneckomod:MuddlingPotion"},{"floor":18,"key":"Energy Potion"},{"floor":29,"key":"hexamod:SoulburnPotion"},{"floor":31,"key":"sneckomod:MuddlingPotion"},{"floor":34,"key":"SteroidPotion"},{"floor":37,"key":"SpeedPotion"},{"floor":47,"key":"GamblersBrew"},{"floor":54,"key":"FearPotion"}],"is_trial":false,"path_per_floor":["M","$","?","M","M","R","E","R","T","M","E","M","M","?","R","B",null,"M","$","M","$","?","R","E","AVR","T","R","M","M","?","M","R","B",null,"M","AVR","?","?","M","R","M","R","T","$","?","R","M","?","R","B",null,"R","$","E","B",null],"character_chosen":"THE_SILENT","items_purchased":["Flash of Steel","OrangePellets","TheAbacus","Backstab","Footwork","Cloak And Dagger","Noxious Fumes","TwistedFunnel","Boot"],"campfire_rested":5,"item_purchase_floors":[2,19,19,21,21,21,44,44,53],"current_hp_per_floor":[70,70,70,70,70,70,62,62,62,62,53,52,52,34,55,31,70,69,69,45,45,10,31,11,11,11,32,27,23,23,23,44,38,75,75,75,57,57,52,52,46,46,46,61,61,61,19,19,41,40,75,75,75,51,45],"gold":111,"neow_bonus":"ONE_RANDOM_RARE_CARD","is_daily":false,"chose_seed":false,"campfire_upgraded":5,"win_rate":0.0,"timestamp":1613345801,"path_taken":["M","$","?","M","M","R","E","R","T","M","E","M","M","?","R","BOSS","M","$","M","$","?","R","E","AVR","T","R","?","M","?","M","R","BOSS","M","AVR","?","?","?","R","M","R","T","$","?","R","M","?","R","BOSS","R","$","E","BOSS"],"items_purchased_type":["Card","Relic","Relic","Card","Card","Card","Card","Relic","Relic"],"build_version":"2020-12-22","purchased_purges":0,"victory":true,"max_hp_per_floor":[70,70,70,70,70,70,70,70,70,70,70,70,70,70,70,70,70,70,70,70,70,70,70,70,70,70,70,70,70,70,70,70,70,75,75,75,75,75,75,75,75,75,75,75,75,75,75,75,75,75,75,75,75,75,75],"card_choices":[{"not_picked":["Bane","hubris:TrickCloak"],"picked":"Blade Dance","floor":1},{"not_picked":["Acrobatics","Slice"],"picked":"Quick Slash","floor":4},{"not_picked":["Sucker Punch","Prepared"],"picked":"Dagger Spray","floor":5},{"not_picked":["PiercingWail","Reflex"],"picked":"After Image","floor":7},{"not_picked":["Prepared","Bane","Heel Hook"],"picked":"SKIP","floor":10},{"not_picked":["conspire:DoublingDagger","Dagger Throw"],"picked":"Setup","floor":11},{"not_picked":["PiercingWail","hubris:Counter"],"picked":"Catalyst","floor":12},{"not_picked":["Caltrops","Blade Dance"],"picked":"Cloak And Dagger","floor":13},{"not_picked":["hubris:Rewind","infinitespire:FinalStrike"],"picked":"infinitespire:UltimateForm","floor":14},{"not_picked":["Glass Knife","Doppelganger"],"picked":"Corpse Explosion","floor":16},{"not_picked":["Acrobatics","Dagger Throw"],"picked":"Backflip+1","floor":18},{"not_picked":["Deflect+1","Bouncing Flask"],"picked":"Cloak And Dagger","floor":20},{"not_picked":["Masterful Stab","Slice"],"picked":"Cloak And Dagger","floor":24},{"not_picked":["Backflip","Slice"],"picked":"Bullet Time","floor":28},{"not_picked":["Eviscerate+1","Slice"],"picked":"Catalyst+1","floor":29},{"not_picked":["Well Laid Plans","Bane+1"],"picked":"Deadly Poison+1","floor":31},{"not_picked":["Wraith Form v2","Grand Finale"],"picked":"Unload","floor":33},{"not_picked":["Dagger Spray","Skewer"],"picked":"Dodge and Roll","floor":34},{"not_picked":["Sucker Punch+1","Underhanded Strike","Dagger Throw+1"],"picked":"SKIP","floor":35},{"not_picked":["Heel Hook","Sucker Punch+1"],"picked":"Prepared+1","floor":37},{"not_picked":["Prepared","Flechettes+1"],"picked":"Calculated Gamble+1","floor":39},{"not_picked":["Sucker Punch","Riddle With Holes"],"picked":"Concentrate+1","floor":41},{"not_picked":["Slice","Poisoned Stab+1"],"picked":"Dodge and Roll","floor":47},{"not_picked":["Tactician","Noxious Fumes+1"],"picked":"Caltrops+1","floor":54}],"player_experience":2787875,"relics_obtained":[{"floor":7,"key":"infinitespire:Midas Blood"},{"floor":9,"key":"Kunai"},{"floor":11,"key":"hubris:BottledRain"},{"floor":24,"key":"conspire:DeflatedDodgeball"},{"floor":37,"key":"hexamod:Sixitude"},{"floor":43,"key":"sneckomod:BlankCard"},{"floor":54,"key":"Centennial Puzzle"}],"event_choices":[{"damage_healed":0,"gold_gain":0,"player_choice":"Disagree","damage_taken":0,"max_hp_gain":0,"max_hp_loss":0,"event_name":"conspire:LoneGhost","floor":3,"gold_loss":0},{"damage_healed":0,"gold_gain":0,"player_choice":"RE RE ","damage_taken":39,"relics_obtained":["MealTicket","Orichalcum"],"max_hp_gain":0,"max_hp_loss":0,"event_name":"betterSkull:BetterSkull","floor":22,"gold_loss":0,"cards_upgraded":[]},{"damage_healed":0,"gold_gain":0,"cards_transformed":["Strike_G"],"player_choice":"Transformed","damage_taken":0,"max_hp_gain":0,"max_hp_loss":0,"event_name":"Transmorgrifier","floor":30,"gold_loss":0,"cards_obtained":["Tactician"]},{"damage_healed":0,"gold_gain":0,"player_choice":"Invest 2","damage_taken":0,"max_hp_gain":0,"max_hp_loss":0,"event_name":"conspire:Investor","floor":38,"gold_loss":0},{"cards_removed":["Strike_G"],"damage_healed":0,"gold_gain":0,"player_choice":"Removed Attack","damage_taken":0,"max_hp_gain":0,"max_hp_loss":0,"event_name":"Falling","floor":45,"gold_loss":0}],"is_beta":false,"boss_relics":[{"not_picked":["Ring of the Serpent","hubris:TerracottaHorce"],"picked":"hubris:Backtick"},{"not_picked":["Velvet Choker","Philosopher\u0027s Stone"],"picked":"Tiny House"}],"items_purged_floors":[],"is_endless":false,"potions_floor_spawned":[4,7,12,16,18,29,31,37,47,54],"ascension_level":0}}