{"host":"0unxf5n5bucfuoy7","time":1613335359,"event":{"mods":["Act Like it!","AlwaysNeverKeys","Aspiration","Astrologer","BaseMod","Beaked The Cultist","Better Altar","Better Match","Better Note","Better Sensory Stone","Better Third Choice","Better Vampires","Conspire","Custom Start","DeckTracker","Downfall","Elementarium","Friendly Minions","GifTheSpireLib","Hallownest","Hubris","Infinite Spire","Minty Spire (QoL Compilation)","Permanent Neow","Potionbrewer","Quick Restart","Random Character Button","Replay The Spire","Spikes Relics","StSLib","The Bug Knight","The Death Knight","The Exalted","The Hierophant","The Spell Scribe","Transform Curses","Virulent Crown","Wandering Minibosses"],"gold_per_floor":[116,116,116,116,116,158,197,228,228,264,283,283,98,138,138,247,247,298,298,330,376,2,2,41,79,147,206,255,287,331,384,384,505,505,569,569,389,389,444,444,479,43,43,94,145,191,247,291,291,367],"floor_reached":51,"language":"ENG","playtime":4307,"items_purged":[],"score":1427,"play_id":"c0961105-3d6d-4895-9e45-15f731f731bb","local_time":"20210214154239","daily_mods":["Draft","Heirloom","Flight","DeadlyEvents","Elite Swarm"],"is_ascension_mode":false,"campfire_choices":[{"data":"ReplayTheSpireMod:Book of Names","floor":12.0,"key":"SMITH"},{"data":"HollowMod:HuntersJournal","floor":12.0,"key":"SMITH"},{"data":"HollowMod:SlysStrikes","floor":15.0,"key":"SMITH"},{"data":"HollowMod:SoulEater","floor":15.0,"key":"SMITH"},{"data":"HollowMod:HerrahsAnger","floor":23.0,"key":"SMITH"},{"data":"HollowMod:MidwifesHunger","floor":23.0,"key":"SMITH"},{"floor":40.0,"key":"DIG"},{"floor":49,"key":"DIG"}],"circlet_count":0,"master_deck":["HollowMod:PerfectDash","HollowMod:DoubleDash","HollowMod:DesolateDive+1","HollowMod:CycloneSlash","HollowMod:GoodIntentions","HollowMod:CloakDash","HollowMod:CornifersMapStart","HollowMod:PureNailStrike","HollowMod:HuntersJournal+1","HollowMod:DashSlash+1","HollowMod:DoubleDash","HollowMod:CornifersMapStart","HollowMod:HowlingWraiths+1","HollowMod:SoulEater","HollowMod:SoulEater+1","HollowMod:PureNailStrike+1","infinitespire:Punishment","ReplayTheSpireMod:Book of Names+1","HollowMod:HornetsHelp","HollowMod:AwokenDreamNail","HollowMod:MidwifesHunger+1","HollowMod:HornetsHelp","HollowMod:GreatSlash","HollowMod:CycloneSlash","HollowMod:VengefulSpirit","HollowMod:SoulShaman","Dark Shackles","HollowMod:SlysStrikes+1","HollowMod:HerrahsAnger+1","HollowMod:LuriensSpire","HollowMod:SoulStrike","HollowMod:theNailsmith","HollowMod:MonomonsArchive+1","PlatinumSkin+1","HollowMod:SoulMaster+1","HollowMod:SoulMaster+1","HollowMod:Weaversong+1","HollowMod:Weaversong+1","HollowMod:MidwifesHunger+1","HollowMod:Weaversong+1","HollowMod:AwokenDreamNail+1","HollowMod:HerrahsAnger+1","HollowMod:ChannelNail+1","HollowMod:SlysStrikes+1","HollowMod:QuirrelsAssistance","HollowMod:MidwifesHunger+1","HollowMod:SoulVessel+1","HollowMod:SoulMaster+1","HollowMod:ZotesMagnificence+1","HollowMod:AwokenDreamNail+1","HollowMod:MonomonsArchive"],"relics":["HollowMod:VesselMask","replay:Trail_Library","CherryCoatedStake","hubris:Towel","Replay:Bandana","hubris:KleinBottle","DeathKnight:SindragosasSkull","Whetstone","Replay:Arrowhead","HollowMod:LumaflyLanternRelic","Guardian:GemstoneGun","Strawberry","Ice Cream","PreservedInsect","hubris:Backtick","Matryoshka","Happy Flower","Golden Egg","Boot","SpikesRelics:DaevaFist","infinitespire:BottledMercury","infinitespire:Broken Mirror","hexamod:BolsterEngine","Pantograph","conspire:TopHat","Durian","Bromod:ArcaneTrickery","beaked:MawFillet","Hallownest:StagBellRelic1","aspiration:StickyExplosives_weak","Shovel","Omamori","Replay:Mystery Machine","Replay:Wax Seal","infinitespire:Beetle Shell","TungstenRod","Art of War","wanderingMiniBosses:ThiefScarf","Bromod:ArcaneFury","Bag of Marbles","Bromod:ArcaneAegis","Eternal Feather","BlackRope"],"acts_visited":["Exordium","Hallownest:Greenpath","Hallownest:CityofTears"],"potions_floor_usage":[44],"damage_taken":[{"damage":1.0,"enemies":"Hallownest:2_Baldur","floor":1.0,"turns":3.0},{"damage":0.0,"enemies":"Hallownest:eliteVengeflyKing","floor":6.0,"turns":4.0},{"damage":0.0,"enemies":"Hallownest:eliteMossKnight","floor":7.0,"turns":8.0},{"damage":0.0,"enemies":"Hallownest:eliteVengeflyKing","floor":8.0,"turns":4.0},{"damage":0.0,"enemies":"Hallownest:eliteMossKnight","floor":10.0,"turns":4.0},{"damage":0.0,"enemies":"2_ Uuma","floor":11.0,"turns":2.0},{"damage":0.0,"enemies":"Hallownest:eliteVengeflyKing","floor":14.0,"turns":3.0},{"damage":1.0,"enemies":"Hallownest:BossBrokenVessel","floor":16.0,"turns":7.0},{"damage":0.0,"enemies":"Hallownest:3_Youths","floor":18.0,"turns":4.0},{"damage":0.0,"enemies":"Hallownest:Flukemon_and_Top","floor":20.0,"turns":3.0},{"damage":4.0,"enemies":"Hallownest:eliteSoulWarrior","floor":21.0,"turns":5.0},{"damage":0.0,"enemies":"Hallownest:Nosk","floor":24.0,"turns":6.0},{"damage":13.0,"enemies":"Hallownest:eliteSoulWarrior","floor":25.0,"turns":4.0},{"damage":0.0,"enemies":"Nightmare","floor":27.0,"turns":5.0},{"damage":0.0,"enemies":"Hallownest:eliteSoulWarrior","floor":28.0,"turns":3.0},{"damage":0.0,"enemies":"Hallownest:Nosk","floor":29.0,"turns":5.0},{"damage":0.0,"enemies":"Hallownest:eliteSoulWarrior","floor":30.0,"turns":3.0},{"damage":18.0,"enemies":"Hallownest:eliteWatcherKnight","floor":31.0,"turns":8.0},{"damage":17.0,"enemies":"Hallownest:BossGrimm","floor":33.0,"turns":7.0},{"damage":0.0,"enemies":"Hallownest:Shield_Heavy","floor":35.0,"turns":2.0},{"damage":0.0,"enemies":"Hallownest:StalkingDevout","floor":39.0,"turns":3.0},{"damage":1.0,"enemies":"Hallownest:eliteHiveKnight","floor":41.0,"turns":5.0},{"damage":33,"enemies":"Hallownest:3_Siblings","floor":44,"turns":4},{"damage":0,"enemies":"Hallownest:StalkingDevout","floor":45,"turns":4},{"damage":29,"enemies":"Hallownest:eliteHiveKnight","floor":47,"turns":4},{"damage":0,"enemies":"Hallownest:StalkingDevout","floor":48,"turns":4},{"damage":10,"enemies":"Hallownest:Radiance","floor":50,"turns":7}],"seed_played":"-3730566887779876741","potions_obtained":[{"floor":7.0,"key":"SteroidPotion"},{"floor":10.0,"key":"Block Potion"},{"floor":11.0,"key":"LifebloodPotion"},{"floor":16.0,"key":"potionbrewer:ToxicPotion"},{"floor":18.0,"key":"potionbrewer:AcidPotion"},{"floor":27.0,"key":"Energy Potion"},{"floor":29.0,"key":"potionbrewer:FreezingPotion"},{"floor":33.0,"key":"Block Potion"},{"floor":35.0,"key":"Flashbang"},{"floor":39.0,"key":"potionbrewer:BlacksmithPotion"},{"floor":41.0,"key":"SpeedPotion"},{"floor":47,"key":"potionbrewer:NoxiousPotion"}],"is_trial":true,"path_per_floor":["M","?","?","?","$","E","E","E","T","E","M","R","$","E","R","B",null,"M","?","M","E","$","R","E","E","T","NM","E","E","E","E","R","B",null,"M","?","?","T","E","R","E","$","T","M","E","T","E","E","R","B",null],"character_chosen":"THE_BUGKNIGHT","items_purchased":["Replay:Bandana","hubris:KleinBottle","DeathKnight:SindragosasSkull","Whetstone","HollowMod:VengefulSpirit","HollowMod:SoulShaman","Dark Shackles","Golden Egg","HollowMod:MonomonsArchive","PlatinumSkin","infinitespire:Beetle Shell","TungstenRod"],"campfire_rested":0,"item_purchase_floors":[5,5,5,5,13,13,13,22,22,22,42,42],"current_hp_per_floor":[74,74,74,57,2,5,8,10,17,19,21,21,21,23,23,29,82,82,82,82,78,78,78,78,65,65,65,65,65,70,52,78,70,87,87,87,87,87,87,87,86,86,86,53,60,60,31,34,64,77],"gold":367,"neow_bonus":"","is_daily":false,"chose_seed":false,"campfire_upgraded":6,"win_rate":0.0,"timestamp":1613335359,"path_taken":["M","?","?","?","?","E","E","?","T","E","?","R","?","?","R","BOSS","M","?","?","?","?","R","E","?","T","NM","?","?","?","E","R","BOSS","M","?","?","?","?","R","E","?","T","?","?","?","?","?","R","BOSS"],"items_purchased_type":["Relic","Relic","Relic","Relic","Card","Card","Card","Relic","Card","Card","Relic","Relic"],"build_version":"2020-12-22","purchased_purges":0,"victory":true,"max_hp_per_floor":[75,75,75,75,75,75,75,75,82,82,82,82,82,82,82,82,82,82,82,82,82,82,82,82,82,82,82,82,82,87,87,87,87,87,87,87,87,87,87,87,87,87,87,87,87,87,87,87,87,87],"card_choices":[{"not_picked":["HollowMod:DesolateDive","HollowMod:SharpenedNail"],"picked":"HollowMod:PerfectDash","floor":0.0},{"not_picked":["HollowMod:HeavyBlow","HollowMod:ShadowDash"],"picked":"HollowMod:DoubleDash","floor":0.0},{"not_picked":["HollowMod:SoulSplash","HollowMod:WraithStrike"],"picked":"HollowMod:DesolateDive","floor":0.0},{"not_picked":["HollowMod:VengefulVoid","HollowMod:SoulStrike"],"picked":"HollowMod:CycloneSlash","floor":0.0},{"not_picked":["HollowMod:ShadowDash","HollowMod:ChannelNail"],"picked":"HollowMod:GoodIntentions","floor":0.0},{"not_picked":["HollowMod:BlackTendrils","HollowMod:NewLittleFool"],"picked":"HollowMod:CloakDash","floor":0.0},{"not_picked":["HollowMod:MawleksShell","HollowMod:LifebloodCocoon"],"picked":"HollowMod:CornifersMapStart","floor":0.0},{"not_picked":["HollowMod:SiblingsShadow","HollowMod:SharpenedNail"],"picked":"HollowMod:PureNailStrike","floor":0.0},{"not_picked":["HollowMod:DoubleDash","HollowMod:CycloneSlash"],"picked":"HollowMod:HuntersJournal","floor":0.0},{"not_picked":["HollowMod:VengefulVoid","HollowMod:WraithStrike"],"picked":"HollowMod:DashSlash","floor":0.0},{"not_picked":["HollowMod:NewJinnsSoul","HollowMod:SharpenedNail"],"picked":"HollowMod:DoubleDash","floor":0.0},{"not_picked":["HollowMod:TaintedHusks","HollowMod:InfectedAttack"],"picked":"HollowMod:CornifersMapStart","floor":0.0},{"not_picked":["HollowMod:ChannelNail","HollowMod:GoodIntentions"],"picked":"HollowMod:HowlingWraiths","floor":0.0},{"not_picked":["HollowMod:HowlingWraiths","HollowMod:CoiledNail"],"picked":"HollowMod:SoulEater","floor":0.0},{"not_picked":["HollowMod:VengefulVoid","HollowMod:WraithStrike"],"picked":"HollowMod:SoulEater","floor":0.0},{"not_picked":["HollowMod:TaintedHusks","HollowMod:InfectedCysts"],"picked":"HollowMod:PureNailStrike","floor":1.0},{"not_picked":["infinitespire:DeathsTouch","ReplayTheSpireMod:Black Plague"],"picked":"infinitespire:Punishment","floor":4.0},{"not_picked":["infinitespire:UltimateForm","infinitespire:Execution"],"picked":"ReplayTheSpireMod:Book of Names","floor":5.0},{"not_picked":["HollowMod:ZotesMagnificence","HollowMod:HerrahsAnger"],"picked":"HollowMod:HornetsHelp","floor":6.0},{"not_picked":["HollowMod:HornetsHelp","HollowMod:ElderbugsWisdom"],"picked":"HollowMod:AwokenDreamNail","floor":7.0},{"not_picked":["HollowMod:HerrahsAnger","HollowMod:PaleKingsBlessing"],"picked":"HollowMod:MidwifesHunger","floor":8.0},{"not_picked":["HollowMod:WhiteLadysBlessing","HollowMod:MidwifesHunger"],"picked":"HollowMod:HornetsHelp","floor":10.0},{"not_picked":["HollowMod:RecoilStrike","HollowMod:CloakDash"],"picked":"HollowMod:GreatSlash","floor":11.0},{"not_picked":["HollowMod:SoulMaster","HollowMod:WhiteLadysBlessing"],"picked":"HollowMod:SlysStrikes","floor":14.0},{"not_picked":["HollowMod:theNailsmith","HollowMod:SoulMaster"],"picked":"HollowMod:HerrahsAnger","floor":16.0},{"not_picked":["HollowMod:NewGlowingWomb","HollowMod:SiblingsSouls+1"],"picked":"HollowMod:LuriensSpire","floor":18.0},{"not_picked":["HollowMod:InfectedCysts","HollowMod:WhiteLadysBlessing"],"picked":"HollowMod:SoulStrike","floor":20.0},{"not_picked":["HollowMod:PaleKingsBlessing","HollowMod:ElderbugsWisdom"],"picked":"HollowMod:theNailsmith","floor":21.0},{"not_picked":["HollowMod:theNailsmith","HollowMod:ZotesMagnificence"],"picked":"HollowMod:SoulMaster","floor":24.0},{"not_picked":["HollowMod:theNailsmith","HollowMod:RadiancesLament"],"picked":"HollowMod:SoulMaster","floor":25.0},{"not_picked":["HollowMod:PaleKingsBlessing","HollowMod:VoidDash"],"picked":"HollowMod:Weaversong","floor":27.0},{"not_picked":["HollowMod:Hiveblood","HollowMod:LifebloodCore"],"picked":"HollowMod:Weaversong","floor":28.0},{"not_picked":["HollowMod:VoidDash","HollowMod:HornetsHelp"],"picked":"HollowMod:MidwifesHunger","floor":29.0},{"not_picked":["HollowMod:ZotesMagnificence","HollowMod:NewInfectedGuardian"],"picked":"HollowMod:Weaversong","floor":30.0},{"not_picked":["HollowMod:theNailsmith","HollowMod:ZotesMagnificence"],"picked":"HollowMod:AwokenDreamNail","floor":31.0},{"not_picked":["HollowMod:NewInfectedGuardian","HollowMod:PaleKingsBlessing"],"picked":"HollowMod:HerrahsAnger","floor":33.0},{"not_picked":["HollowMod:InfectedAttack+1","HollowMod:CornifersMapStart+1"],"picked":"HollowMod:ChannelNail+1","floor":35.0},{"not_picked":["HollowMod:HerrahsAnger","HollowMod:Hiveblood"],"picked":"HollowMod:SlysStrikes","floor":39.0},{"not_picked":["HollowMod:AwokenDreamNail","HollowMod:SoulMaster"],"picked":"HollowMod:MidwifesHunger","floor":41.0},{"not_picked":["HollowMod:SoulSplash+1","HollowMod:NewJinnsSoul+1"],"picked":"HollowMod:SoulVessel+1","floor":44},{"not_picked":["HollowMod:NewInfectedGuardian","HollowMod:RadiancesLament"],"picked":"HollowMod:SoulMaster","floor":45},{"not_picked":["HollowMod:PaleKingsBlessing","HollowMod:SoulMaster"],"picked":"HollowMod:ZotesMagnificence","floor":47},{"not_picked":["HollowMod:theNailsmith","HollowMod:RadiancesLament"],"picked":"HollowMod:AwokenDreamNail","floor":48}],"player_experience":130326,"relics_obtained":[{"floor":6.0,"key":"Replay:Arrowhead"},{"floor":7.0,"key":"HollowMod:LumaflyLanternRelic"},{"floor":8.0,"key":"Guardian:GemstoneGun"},{"floor":9.0,"key":"Strawberry"},{"floor":10.0,"key":"Ice Cream"},{"floor":14.0,"key":"PreservedInsect"},{"floor":21.0,"key":"Happy Flower"},{"floor":24.0,"key":"Boot"},{"floor":25.0,"key":"SpikesRelics:DaevaFist"},{"floor":26.0,"key":"infinitespire:BottledMercury"},{"floor":26.0,"key":"infinitespire:Broken Mirror"},{"floor":27.0,"key":"hexamod:BolsterEngine"},{"floor":28.0,"key":"Pantograph"},{"floor":29.0,"key":"conspire:TopHat"},{"floor":30.0,"key":"Durian"},{"floor":31.0,"key":"Bromod:ArcaneTrickery"},{"floor":38.0,"key":"aspiration:StickyExplosives_weak"},{"floor":38.0,"key":"Shovel"},{"floor":39.0,"key":"Omamori"},{"floor":40.0,"key":"Replay:Mystery Machine"},{"floor":41.0,"key":"Replay:Wax Seal"},{"floor":43.0,"key":"Art of War"},{"floor":44,"key":"wanderingMiniBosses:ThiefScarf"},{"floor":45,"key":"Bromod:ArcaneFury"},{"floor":46,"key":"Bag of Marbles"},{"floor":47,"key":"Bromod:ArcaneAegis"},{"floor":48,"key":"Eternal Feather"},{"floor":49,"key":"BlackRope"}],"event_choices":[{"damage_healed":0.0,"max_hp_gain":0.0,"max_hp_loss":0.0,"gold_gain":0.0,"event_name":"conspire:Investor","player_choice":"Leave","floor":36.0,"gold_loss":0.0,"damage_taken":0.0}],"is_beta":false,"boss_relics":[{"not_picked":["Kintsugi","hubris:VirtuousBlindfold"],"picked":"hubris:Backtick"},{"not_picked":["HollowMod:VoidIdolRelic","Replay:Drink Me"],"picked":"beaked:MawFillet"}],"items_purged_floors":[],"is_endless":false,"potions_floor_spawned":[7,10,11,16,18,27,29,33,35,39,41,47],"ascension_level":0}}