{"host":"bpnwh7vpv9k3tssc","time":1613325414,"event":{"mods":["BaseMod","Colored Map","Colored Powertips","Curses Come First","Highlight Path","Minty Spire (QoL Compilation)","Quick Restart","Random Character Button","Relic Sorter","StSLib"],"gold_per_floor":[109,109,109,34,51,79,79,112,112,144,156,188,109,165,165,165,165],"floor_reached":16,"language":"ENG","playtime":453,"items_purged":["Defend_R"],"score":272,"play_id":"0d69643d-b6e5-48a7-a5c6-bf12f3b53bdc","local_time":"20210214185654","is_ascension_mode":true,"campfire_choices":[{"data":"Spot Weakness","floor":7,"key":"SMITH"},{"floor":15,"key":"REST"}],"circlet_count":0,"master_deck":["AscendersBane","Strike_R","Strike_R","Strike_R","Strike_R","Defend_R","Defend_R","Defend_R","Bash","Shrug It Off","Spot Weakness+1","Twin Strike","Burning Pact","Pommel Strike","Heavy Blade","Havoc+1","True Grit+1","Armaments+1","Rampage"],"relics":["Burning Blood","NeowsBlessing","Sundial","Strawberry","White Beast Statue","The Courier","Toxic Egg 2","MealTicket"],"acts_visited":["Exordium"],"potions_floor_usage":[10,12,16,16],"damage_taken":[{"damage":0,"enemies":"Small Slimes","floor":1,"turns":1},{"damage":0,"enemies":"Jaw Worm","floor":5,"turns":1},{"damage":0,"enemies":"Gremlin Nob","floor":6,"turns":1},{"damage":35,"enemies":"Lagavulin","floor":8,"turns":6},{"damage":22,"enemies":"3 Sentries","floor":10,"turns":6},{"damage":6,"enemies":"Cultist","floor":11,"turns":3},{"damage":24,"enemies":"Gremlin Nob","floor":12,"turns":4},{"damage":22,"enemies":"3 Sentries","floor":14,"turns":7},{"damage":43,"enemies":"Hexaghost","floor":16,"turns":9}],"seed_played":"2079371740228811266","potions_obtained":[{"floor":5,"key":"DistilledChaos"},{"floor":6,"key":"Ancient Potion"},{"floor":10,"key":"SmokeBomb"},{"floor":11,"key":"Regen Potion"},{"floor":12,"key":"BlessingOfTheForge"}],"is_trial":false,"path_per_floor":["M","?","?","$","M","E","R","E","T","E","M","E","$","?","R","B"],"character_chosen":"IRONCLAD","items_purchased":["True Grit+1","Armaments+1"],"campfire_rested":1,"item_purchase_floors":[13,13],"current_hp_per_floor":[74,74,67,67,73,75,75,53,53,37,37,31,31,15,39,0,0],"gold":165,"neow_bonus":"THREE_ENEMY_KILL","is_daily":false,"chose_seed":false,"campfire_upgraded":1,"win_rate":0.0,"timestamp":1613325414,"path_taken":["M","?","?","?","M","E","R","E","T","E","?","E","$","?","R","BOSS"],"items_purchased_type":["Card","Card"],"build_version":"2020-12-22","purchased_purges":1,"victory":false,"max_hp_per_floor":[75,75,75,75,75,75,75,82,82,82,82,82,82,82,82,82,82],"card_choices":[{"not_picked":["Warcry","Armaments"],"picked":"Shrug It Off","floor":1},{"not_picked":["Heavy Blade","Perfected Strike"],"picked":"Spot Weakness","floor":5},{"not_picked":["Bludgeon","Havoc"],"picked":"Twin Strike","floor":6},{"not_picked":["Second Wind","Iron Wave"],"picked":"Burning Pact","floor":8},{"not_picked":["Clash","Clothesline"],"picked":"Pommel Strike","floor":10},{"not_picked":["Perfected Strike","Iron Wave"],"picked":"Heavy Blade","floor":11},{"not_picked":["Immolate","Pommel Strike"],"picked":"Havoc+1","floor":12},{"not_picked":["Cleave","Clothesline"],"picked":"Rampage","floor":14}],"player_experience":391614,"relics_obtained":[{"floor":6,"key":"Sundial"},{"floor":8,"key":"Strawberry"},{"floor":9,"key":"White Beast Statue"},{"floor":10,"key":"The Courier"},{"floor":12,"key":"Toxic Egg 2"}],"event_choices":[{"damage_healed":0,"gold_gain":0,"player_choice":"Leave","damage_taken":0,"max_hp_gain":0,"max_hp_loss":0,"event_name":"The Cleric","floor":2,"gold_loss":0},{"cards_removed":["Strike_R"],"damage_healed":0,"gold_gain":0,"player_choice":"Card Removal","damage_taken":7,"max_hp_gain":0,"max_hp_loss":0,"event_name":"Golden Wing","floor":3,"gold_loss":0},{"damage_healed":0,"gold_gain":0,"player_choice":"Searched \u00272\u0027 times","damage_taken":0,"relics_obtained":["MealTicket"],"max_hp_gain":0,"max_hp_loss":0,"event_name":"Dead Adventurer","floor":14,"gold_loss":0}],"is_beta":false,"boss_relics":[],"items_purged_floors":[4],"is_endless":false,"potions_floor_spawned":[5,6,10,11,12,14],"killed_by":"Hexaghost","ascension_level":16}}