{"host":"w7pthw6r6331n954","time":1613342566,"event":{"mods":["AchievementEnabler","Act Like it!","BaseMod","BetterRewards","Colored Map","Colored Powertips","Custom Start","Downfall","Hallownest","Hermit","Jorbs\u0027s Wanderer Trilogy","Minty Spire (QoL Compilation)","Replay The Spire","Shop Mod","StSLib","SuperFastMode"],"gold_per_floor":[118,118,144,144,109,146,146,146,146],"floor_reached":8,"language":"ENG","playtime":378,"items_purged":[],"score":68,"play_id":"993b0a62-c2ab-423d-afc7-ab9b4a22b110","local_time":"20210214174246","is_ascension_mode":true,"campfire_choices":[{"floor":7,"key":"REST"}],"circlet_count":0,"master_deck":["Strike_B","Strike_B","Strike_B","Strike_B","Defend_B","Defend_B+1","Defend_B+1","Defend_B","Zap","Dualcast+1","Gash+1","Panic Button","Beam Cell","Reprogram","Doom and Gloom"],"relics":["Cracked Core","MerchantsRug","CeramicFish","War Paint"],"acts_visited":["Exordium"],"potions_floor_usage":[],"damage_taken":[{"damage":8,"enemies":"Small Slimes","floor":1,"turns":3},{"damage":2,"enemies":"2 Louse","floor":3,"turns":2},{"damage":48,"enemies":"Lagavulin","floor":6,"turns":6},{"damage":35,"enemies":"3 Sentries","floor":8,"turns":5}],"seed_played":"-5245081675474901701","potions_obtained":[{"floor":6,"key":"Languid Potion"}],"is_trial":false,"path_per_floor":["M","?","M","?","?","E","R","E"],"character_chosen":"DEFECT","items_purchased":["MerchantsRug","CeramicFish","Gash","Panic Button"],"campfire_rested":1,"item_purchase_floors":[0,0,0,0],"current_hp_per_floor":[54,39,37,37,55,7,29,0,0],"gold":146,"neow_bonus":"","is_daily":false,"chose_seed":false,"campfire_upgraded":0,"win_rate":0.0,"timestamp":1613342566,"path_taken":["M","?","M","?","?","E","R","E"],"items_purchased_type":["Relic","Relic","Card","Card"],"build_version":"2020-12-22","purchased_purges":0,"victory":false,"max_hp_per_floor":[75,75,75,75,75,75,75,75,75],"card_choices":[{"not_picked":["Coolheaded","Leap"],"picked":"Beam Cell","floor":1},{"not_picked":["Steam","BasicCrystalCard"],"picked":"Reprogram","floor":3},{"not_picked":["Sunder","ReplayTheSpireMod:Reroute Power"],"picked":"Doom and Gloom","floor":6}],"player_experience":1252695,"relics_obtained":[{"floor":6,"key":"War Paint"}],"event_choices":[{"damage_healed":0,"gold_gain":0,"player_choice":"Entered Light","damage_taken":15,"max_hp_gain":0,"max_hp_loss":0,"event_name":"Shining Light","floor":2,"gold_loss":0,"cards_upgraded":["Defend_B","Gash"]},{"damage_healed":0,"gold_gain":0,"player_choice":"Ignored","damage_taken":0,"max_hp_gain":0,"max_hp_loss":0,"event_name":"Golden Wing","floor":4,"gold_loss":0},{"damage_healed":18,"gold_gain":0,"player_choice":"Healed","damage_taken":0,"max_hp_gain":0,"max_hp_loss":0,"event_name":"The Cleric","floor":5,"gold_loss":35}],"is_beta":false,"boss_relics":[],"items_purged_floors":[],"is_endless":false,"potions_floor_spawned":[6],"killed_by":"3 Sentries","ascension_level":5}}