{"host":"j85m7jj09j2pgi00","time":1613286807,"event":{"mods":["AchievementEnabler","Aspiration","BaseMod","Beaked The Cultist","BetterRewards","Colored Map","Colored Powertips","Conspire","Defuse TimeMaze Blight","Downfall","Energized Spire","Friendly Minions","GifTheSpireLib","Googly Eyes","Gremlin Mod","Halation","Highlight Path","Hubris","Infinite Spire","Marisa????????","Minty Spire (QoL Compilation)","Quick Restart","RatMod","Relic Sorter","Replay The Spire","Somnambulant","StSLib","Stuff the Spire","SuperFastMode","The Blackbeard","The Bug Knight","The Construct","The Disciple","The Hierophant","The Jungle","The Mystic","The Necromancer","The Servant 0.9.4","Trackpad","UnlockEverythingMod"],"gold_per_floor":[109,109,119,179,179,179,207,227,227,227,227],"floor_reached":10,"language":"ENG","playtime":197,"items_purged":[],"score":91,"play_id":"472ad877-3d80-4e14-84c7-62d0c3cb581c","local_time":"20210214011327","is_ascension_mode":false,"campfire_choices":[{"data":"mysticmod:Dedication","floor":6,"key":"SMITH"}],"circlet_count":0,"master_deck":["mysticmod:Strike_Mystic","mysticmod:Strike_Mystic","mysticmod:Strike_Mystic","mysticmod:Defend_Mystic","mysticmod:Defend_Mystic","mysticmod:Defend_Mystic","mysticmod:Defend_Mystic","mysticmod:ArcaneDodge","mysticmod:ShockingGrasp","mysticmod:Dedication+1","mysticmod:BulkUp","mysticmod:EnergizedRift","mysticmod:RapidCaster","mysticmod:TomeOfSpells"],"relics":["mysticmod:SpellBook","NeowsBlessing","Replay:Bottled Flurry","trackpad:DisasterInABottle"],"acts_visited":["Exordium"],"potions_floor_usage":[7,10],"damage_taken":[{"damage":0,"enemies":"Jaw Worm","floor":1,"turns":1},{"damage":0,"enemies":"Cultist","floor":3,"turns":1},{"damage":0,"enemies":"Lagavulin","floor":7,"turns":2},{"damage":0,"enemies":"2 Louse","floor":8,"turns":1},{"damage":40,"enemies":"Gremlin Nob","floor":10,"turns":5}],"seed_played":"-1576563332602391919","potions_obtained":[{"floor":1,"key":"Block Potion"},{"floor":5,"key":"Milkshake"},{"floor":5,"key":"SpeedPotion"},{"floor":7,"key":"PowerPotion"}],"is_trial":false,"path_per_floor":["M","?","M","?","?","R","E","M","T","E"],"character_chosen":"MYSTIC_CLASS","items_purchased":[],"campfire_rested":0,"item_purchase_floors":[],"current_hp_per_floor":[77,77,77,47,47,47,47,47,47,7,7],"gold":227,"neow_bonus":"THREE_ENEMY_KILL","is_daily":false,"chose_seed":false,"campfire_upgraded":1,"win_rate":0.0,"timestamp":1613286807,"path_taken":["M","?","?","?","?","R","E","?","T","E"],"items_purchased_type":[],"build_version":"2020-12-22","purchased_purges":0,"victory":false,"max_hp_per_floor":[77,77,77,77,77,77,77,77,77,77,77],"card_choices":[{"not_picked":["mysticmod:Probe","mysticmod:ComponentsPouch","mysticmod:FiveFootStep"],"picked":"SKIP","floor":1},{"not_picked":["mysticmod:Probe","mysticmod:KeenEdge"],"picked":"mysticmod:Dedication","floor":3},{"not_picked":["mysticmod:PowerAttack","mysticmod:FloatingDisk"],"picked":"mysticmod:BulkUp","floor":4},{"not_picked":["mysticmod:KeenEdge","mysticmod:Doublecast"],"picked":"mysticmod:EnergizedRift","floor":4},{"not_picked":["mysticmod:SpellCombat","mysticmod:PureInstinct"],"picked":"mysticmod:RapidCaster","floor":7},{"not_picked":["mysticmod:MightyMagic","mysticmod:Fireball"],"picked":"mysticmod:TomeOfSpells","floor":8}],"player_experience":1663270,"relics_obtained":[{"floor":4,"key":"Replay:Bottled Flurry"},{"floor":7,"key":"trackpad:DisasterInABottle"}],"event_choices":[{"cards_removed":["mysticmod:Strike_Mystic"],"damage_healed":0,"gold_gain":0,"player_choice":"Offered Basic","damage_taken":0,"max_hp_gain":0,"max_hp_loss":0,"event_name":"Bonfire Elementals","floor":2,"gold_loss":0},{"damage_healed":0,"gold_gain":0,"player_choice":"Got Potions","damage_taken":0,"max_hp_gain":0,"max_hp_loss":0,"event_name":"Lab","floor":5,"gold_loss":0}],"is_beta":false,"boss_relics":[],"items_purged_floors":[],"is_endless":false,"potions_floor_spawned":[1,7,8],"killed_by":"Gremlin Nob","ascension_level":0}}