{"host":"2m78pqva0leqn903","time":1613261312,"event":{"mods":["BaseMod","Minty Spire (QoL Compilation)","StSLib","TestMod"],"gold_per_floor":[121,46,46,67,85,116,133,163,240,240,274,11,46,46,46,133,133,153,153,172,214,245,287,162,195,267,305,305,195,195,224,224,315,315,348,384,784,813,813,855,876,884,884],"floor_reached":42,"language":"ZHS","playtime":2282,"items_purged":["Strike_G","Strike_G","Strike_G"],"score":1278,"play_id":"d0a76486-cb48-4f17-b882-7f322579a637","local_time":"20210214080832","is_ascension_mode":true,"campfire_choices":[{"data":"Venomology","floor":10.0,"key":"SMITH"},{"data":"Bouncing Flask","floor":15.0,"key":"SMITH"},{"data":"Footwork","floor":28,"key":"SMITH"},{"data":"Neutralize","floor":30,"key":"SMITH"},{"data":"Survivor","floor":32,"key":"SMITH"}],"circlet_count":0,"master_deck":["AscendersBane","Strike_G","Strike_G","Defend_G","Defend_G","Defend_G","Survivor+1","Neutralize+1","Footwork+1","Bouncing Flask+1","Venomology+1","Deflect+1","Backstab+1","Deadly Poison+1","Catalyst"],"relics":["Ring of the Snake","testmod-DeterminationOfClimber","Pear","StoneCalendar","Happy Flower","Ornamental Fan","testmod-DragonStarHat","Snake Skull","Omamori","FaceOfCleric","testmod-StringDisintegrator","Red Mask","Bottled Tornado","White Beast Statue","Sundial","Gremlin Horn","Cursed Key","InkBottle"],"acts_visited":["Exordium","TheCity","TheBeyond"],"potions_floor_usage":[20,21,22,23,23,23,25,27,31,33,33,35,35,35,36,38,38,40,40,41,42,42,42],"damage_taken":[{"damage":5.0,"enemies":"Cultist","floor":1.0,"turns":5.0},{"damage":2.0,"enemies":"Small Slimes","floor":4.0,"turns":5.0},{"damage":3.0,"enemies":"2 Louse","floor":5.0,"turns":3.0},{"damage":3.0,"enemies":"Lagavulin","floor":6.0,"turns":6.0},{"damage":9.0,"enemies":"2 Fungi Beasts","floor":7.0,"turns":3.0},{"damage":3.0,"enemies":"Gremlin Nob","floor":8.0,"turns":3.0},{"damage":0.0,"enemies":"Lagavulin","floor":11.0,"turns":6.0},{"damage":6.0,"enemies":"3 Sentries","floor":13.0,"turns":7.0},{"damage":4.0,"enemies":"The Guardian","floor":16.0,"turns":6.0},{"damage":0.0,"enemies":"2 Thieves","floor":18.0,"turns":4.0},{"damage":0,"enemies":"Spheric Guardian","floor":20,"turns":3},{"damage":8,"enemies":"Masked Bandits","floor":21,"turns":4},{"damage":0,"enemies":"Centurion and Healer","floor":22,"turns":7},{"damage":5,"enemies":"Gremlin Leader","floor":23,"turns":7},{"damage":17,"enemies":"Slavers","floor":25,"turns":7},{"damage":0,"enemies":"Book of Stabbing","floor":27,"turns":4},{"damage":0,"enemies":"Snake Plant","floor":31,"turns":3},{"damage":10,"enemies":"Collector","floor":33,"turns":7},{"damage":11,"enemies":"3 Shapes","floor":35,"turns":3},{"damage":0,"enemies":"3 Darklings","floor":36,"turns":6},{"damage":11,"enemies":"Jaw Worm Horde","floor":38,"turns":3},{"damage":0,"enemies":"Giant Head","floor":40,"turns":5},{"damage":1,"enemies":"4 Shapes","floor":41,"turns":3},{"damage":103,"enemies":"Reptomancer","floor":42,"turns":3}],"seed_played":"927199721545057119","potions_obtained":[{"floor":1.0,"key":"Fire Potion"},{"floor":11.0,"key":"Explosive Potion"},{"floor":13.0,"key":"testmod-TimePotion"},{"floor":18.0,"key":"Regen Potion"},{"floor":23,"key":"Explosive Potion"},{"floor":27,"key":"GamblersBrew"},{"floor":31,"key":"DistilledChaos"},{"floor":33,"key":"EntropicBrew"},{"floor":36,"key":"Weak Potion"},{"floor":38,"key":"testmod-TestPotion"},{"floor":40,"key":"LiquidMemories"}],"is_trial":false,"path_per_floor":["M","$","?","M","M","E","M","E","T","R","E","$","E","?","R","B",null,"M","?","M","?","M","E","$","E","T","E","R","?","R","M","R","B",null,"M","M","?","M","?","E","M","E"],"character_chosen":"THE_SILENT","items_purchased":["Snake Skull"],"campfire_rested":0,"item_purchase_floors":[12],"current_hp_per_floor":[62,62,72,71,71,74,68,67,67,67,74,74,73,73,73,83,83,84,84,85,80,87,88,88,76,76,86,86,86,86,91,91,85,90,84,94,94,88,88,96,97,0,0],"gold":884,"neow_bonus":"TEN_PERCENT_HP_BONUS","is_daily":false,"chose_seed":false,"campfire_upgraded":5,"win_rate":0.0,"timestamp":1613261312,"path_taken":["M","$","?","M","M","E","M","E","T","R","E","?","E","?","R","BOSS","M","?","M","?","M","E","$","E","T","E","R","?","R","?","R","BOSS","M","M","?","M","?","E","?","E"],"items_purchased_type":["Relic"],"build_version":"2020-12-22","purchased_purges":3,"victory":false,"max_hp_per_floor":[72,72,82,82,82,82,82,82,82,82,82,82,82,82,82,83,83,84,84,85,86,87,88,88,89,89,90,90,90,90,91,91,92,92,93,94,94,95,95,96,97,97,97],"card_choices":[{"not_picked":["Sucker Punch","Dodge and Roll"],"picked":"Footwork","floor":1.0},{"not_picked":["Dagger Spray","Endless Agony"],"picked":"Bouncing Flask","floor":4.0},{"not_picked":["Masterful Stab","Dodge and Roll","Blade Dance"],"picked":"SKIP","floor":5.0},{"not_picked":["Underhanded Strike","Outmaneuver"],"picked":"Venomology","floor":6.0},{"not_picked":["Dodge and Roll","PiercingWail","Glass Knife"],"picked":"SKIP","floor":7.0},{"not_picked":["Terror","Bane","Slice"],"picked":"SKIP","floor":8.0},{"not_picked":["Finisher","Accuracy","Backflip"],"picked":"SKIP","floor":11.0},{"not_picked":["Unload","Bane","Dagger Throw"],"picked":"SKIP","floor":13.0},{"not_picked":["Quick Slash","Backflip+1"],"picked":"Deflect","floor":18.0},{"not_picked":["Dodge and Roll+1","Blade Dance+1","Setup"],"picked":"SKIP","floor":20},{"not_picked":["Finisher","Cloak And Dagger","Flying Knee"],"picked":"SKIP","floor":22},{"not_picked":["Eviscerate+1","Unload","Acrobatics"],"picked":"SKIP","floor":23},{"not_picked":["All Out Attack+1","Slice","Accuracy"],"picked":"SKIP","floor":25},{"not_picked":["Sucker Punch","Dagger Throw","Dodge and Roll+1"],"picked":"SKIP","floor":27},{"not_picked":["Acrobatics","Cloak And Dagger","Dodge and Roll"],"picked":"SKIP","floor":31},{"not_picked":["Accuracy","Underhanded Strike"],"picked":"Backstab+1","floor":35},{"not_picked":["Dagger Throw","Flying Knee"],"picked":"Deadly Poison+1","floor":36},{"not_picked":["Acrobatics","Backflip+1","Blade Dance"],"picked":"SKIP","floor":38},{"not_picked":["Outmaneuver","Setup","Deadly Poison"],"picked":"SKIP","floor":40},{"not_picked":["Flying Knee","Outmaneuver","Bullet Time"],"picked":"SKIP","floor":41}],"player_experience":916363,"relics_obtained":[{"floor":3.0,"key":"Pear"},{"floor":6.0,"key":"StoneCalendar"},{"floor":8.0,"key":"Happy Flower"},{"floor":9.0,"key":"Ornamental Fan"},{"floor":11.0,"key":"testmod-DragonStarHat"},{"floor":13.0,"key":"Omamori"},{"floor":21,"key":"Red Mask"},{"floor":23,"key":"Bottled Tornado"},{"floor":25,"key":"White Beast Statue"},{"floor":26,"key":"Sundial"},{"floor":27,"key":"Gremlin Horn"},{"floor":40,"key":"InkBottle"}],"event_choices":[{"damage_healed":0.0,"max_hp_gain":0.0,"max_hp_loss":0.0,"gold_gain":0.0,"event_name":"Wheel of Change","player_choice":"Relic","floor":3.0,"gold_loss":0.0,"damage_taken":0.0},{"damage_healed":0.0,"max_hp_gain":0.0,"max_hp_loss":0.0,"gold_gain":0.0,"event_name":"FaceTrader","player_choice":"Trade","floor":14.0,"gold_loss":0.0,"damage_taken":0.0,"relics_obtained":["FaceOfCleric"]},{"damage_healed":17,"gold_gain":0,"player_choice":"Heal","damage_taken":0,"max_hp_gain":0,"max_hp_loss":0,"event_name":"The Library","floor":19,"gold_loss":0},{"damage_healed":0,"gold_gain":0,"player_choice":"Fought Bandits","damage_taken":0,"max_hp_gain":0,"max_hp_loss":0,"event_name":"Masked Bandits","floor":21,"gold_loss":0},{"cards_removed":["Defend_G"],"damage_healed":0,"gold_gain":0,"player_choice":"Upgrade and Remove","damage_taken":0,"max_hp_gain":0,"max_hp_loss":0,"event_name":"Designer","floor":29,"gold_loss":110,"cards_upgraded":["Deflect"]},{"damage_healed":0,"gold_gain":400,"player_choice":"Sell","damage_taken":0,"max_hp_gain":0,"max_hp_loss":0,"event_name":"¶÷ÂåË¹µÄÅÌ×Ó","floor":37,"relics_lost":["testmod-TestBox"],"gold_loss":0},{"damage_healed":0,"gold_gain":0,"cards_transformed":["Defend_G"],"player_choice":"Transformed","damage_taken":0,"max_hp_gain":0,"max_hp_loss":0,"event_name":"Transmorgrifier","floor":39,"gold_loss":0,"cards_obtained":["Catalyst"]}],"is_beta":false,"boss_relics":[{"not_picked":["testmod-Temperance","Runic Pyramid"],"picked":"testmod-StringDisintegrator"},{"not_picked":["testmod-KeyOfTheVoid","Fusion Hammer"],"picked":"Cursed Key"}],"items_purged_floors":[2,12,24],"is_endless":false,"potions_floor_spawned":[1,7,11,13,18,21,23,27,31,33,35,36,38,40,41],"killed_by":"Reptomancer","ascension_level":20}}