{"host":"qy1e0kd24tpj3i2m","time":1613336751,"event":{"mods":["Act Like it!","BaseMod","Better Skull","Better Vampires","Colored Map","Colored Powertips","Custom Start","Faster Ascension Climbing","Friendly Minions","GifTheSpireLib","Gremlin Skip","Highlight Path","Minty Spire (QoL Compilation)","Permanent Neow","Poor People Problems","Quick Restart","Red Circlet Mod","Relic Filter Mod","Relic Sorter","Reorder Act Four","SacredBarkPlus","Shop Mod","StSLib","SuperFastMode","Transform Curses","没有小屋子和绿帽子啦"],"gold_per_floor":[110,260,270,34,34,65,65,92,167,177,252,252,279,32,32,106,106,117,19,19,19,69,69,69,69,69,84,84,84,109,124,124,124,124],"floor_reached":33,"language":"ZHS","playtime":773,"items_purged":["Doubt"],"score":604,"play_id":"15a37270-221e-4db9-aae2-910a07979506","local_time":"20210215060551","is_ascension_mode":true,"campfire_choices":[{"data":"Apotheosis","floor":7.0,"key":"SMITH"},{"floor":12.0,"key":"RECALL"},{"floor":15.0,"key":"REST"},{"floor":23.0,"key":"REST"},{"floor":25.0,"key":"REST"},{"data":"Dark Embrace","floor":29.0,"key":"SMITH"},{"data":"Burning Pact","floor":32.0,"key":"SMITH"}],"circlet_count":0,"master_deck":["AscendersBane","Strike_R","Strike_R","Strike_R","Strike_R","Strike_R","Defend_R","Defend_R","Defend_R","Defend_R","Bash","Flex","Shrug It Off","Apotheosis+1","Dark Embrace+1","Sever Soul","Flex","Entrench","Reaper","Body Slam+1","Bandage Up","Shame","Writhe","Whirlwind","Burning Pact+1"],"relics":["Burning Blood","NeowsBlessing","Oddly Smooth Stone","Sundial","StrikeDummy","Tiny Chest","SlaversCollar","Red Skull","Centennial Puzzle","Ginger","Nunchaku","Bag of Marbles"],"acts_visited":["Exordium","TheCity"],"potions_floor_usage":[33],"damage_taken":[{"damage":0.0,"enemies":"Jaw Worm","floor":1.0,"turns":1.0},{"damage":0.0,"enemies":"Cultist","floor":3.0,"turns":1.0},{"damage":0.0,"enemies":"Lagavulin","floor":6.0,"turns":1.0},{"damage":23.0,"enemies":"3 Sentries","floor":8.0,"turns":11.0},{"damage":5.0,"enemies":"Small Slimes","floor":10.0,"turns":4.0},{"damage":32.0,"enemies":"Gremlin Nob","floor":13.0,"turns":4.0},{"damage":33.0,"enemies":"The Guardian","floor":16.0,"turns":11.0},{"damage":58.0,"enemies":"Shell Parasite","floor":18.0,"turns":8.0},{"damage":15.0,"enemies":"Spheric Guardian","floor":27.0,"turns":4.0},{"damage":0.0,"enemies":"Book of Stabbing","floor":28.0,"turns":1.0},{"damage":39.0,"enemies":"Snecko","floor":31.0,"turns":6.0},{"damage":35,"enemies":"Collector","floor":33,"turns":5}],"seed_played":"5600497808676479570","potions_obtained":[{"floor":3.0,"key":"SkillPotion"},{"floor":6.0,"key":"FearPotion"},{"floor":10.0,"key":"DistilledChaos"},{"floor":16.0,"key":"BloodPotion"},{"floor":18.0,"key":"EntropicBrew"},{"floor":31.0,"key":"Swift Potion"}],"is_trial":false,"path_per_floor":["M","?","M","$","?","E","R","E","T","M","?","R","E","$","R","B",null,"M","$","?","?","?","R","T","R","T","M","E","R","T","M","R","B"],"character_chosen":"IRONCLAD","items_purchased":["Apotheosis","Dark Embrace","Tiny Chest","Bandage Up"],"campfire_rested":3,"item_purchase_floors":[4,4,14,19],"current_hp_per_floor":[74,74,75,75,75,75,75,58,58,59,48,48,22,22,44,17,61,24,24,24,24,17,39,39,61,61,56,70,70,70,50,50,30,30],"gold":124,"neow_bonus":"THREE_ENEMY_KILL","is_daily":false,"chose_seed":false,"campfire_upgraded":3,"win_rate":0.0,"timestamp":1613336751,"path_taken":["M","?","M","$","?","E","R","E","T","?","?","R","E","?","R","BOSS","M","$","?","?","?","R","?","R","T","M","E","R","?","?","R","BOSS"],"items_purchased_type":["Card","Card","Relic","Card"],"build_version":"2020-12-22","purchased_purges":1,"victory":false,"max_hp_per_floor":[75,75,75,75,75,75,75,75,75,75,75,75,75,75,75,75,75,75,75,75,75,75,75,75,75,75,75,75,75,75,75,75,75,75],"card_choices":[{"not_picked":["Havoc","Headbutt"],"picked":"Flex","floor":1.0},{"not_picked":["Wild Strike","Iron Wave"],"picked":"Shrug It Off","floor":3.0},{"not_picked":["Dark Embrace","Intimidate"],"picked":"Sever Soul","floor":6.0},{"not_picked":["Clothesline","Clash"],"picked":"Flex","floor":8.0},{"not_picked":["Sentinel","Wild Strike"],"picked":"Entrench","floor":10.0},{"not_picked":["Combust","Twin Strike","Havoc"],"picked":"SKIP","floor":13.0},{"not_picked":["Feed","Fiend Fire"],"picked":"Reaper","floor":16.0},{"not_picked":["Dark Embrace","Clothesline"],"picked":"Body Slam+1","floor":18.0},{"not_picked":["Spot Weakness","Headbutt"],"picked":"Whirlwind","floor":27.0},{"not_picked":["True Grit","Sword Boomerang"],"picked":"Burning Pact","floor":31.0}],"player_experience":1040201,"relics_obtained":[{"floor":6.0,"key":"Oddly Smooth Stone"},{"floor":8.0,"key":"Sundial"},{"floor":13.0,"key":"StrikeDummy"},{"floor":24.0,"key":"Ginger"},{"floor":26.0,"key":"Nunchaku"},{"floor":30.0,"key":"Bag of Marbles"}],"event_choices":[{"damage_healed":0.0,"max_hp_gain":0.0,"max_hp_loss":0.0,"gold_gain":150.0,"event_name":"Liars Game","player_choice":"AGREE","floor":2.0,"gold_loss":0.0,"damage_taken":0.0,"cards_obtained":["Doubt"]},{"damage_healed":0.0,"max_hp_gain":0.0,"max_hp_loss":0.0,"gold_gain":75.0,"event_name":"World of Goop","player_choice":"Gather Gold","floor":11.0,"gold_loss":0.0,"damage_taken":11.0},{"damage_healed":0.0,"max_hp_gain":0.0,"max_hp_loss":0.0,"gold_gain":0.0,"event_name":"Addict","player_choice":"Stole Relic","floor":20.0,"gold_loss":0.0,"damage_taken":0.0,"relics_obtained":["Red Skull"],"cards_obtained":["Shame"]},{"damage_healed":0.0,"max_hp_gain":0.0,"max_hp_loss":0.0,"gold_gain":0.0,"event_name":"The Mausoleum","player_choice":"Opened","floor":21.0,"gold_loss":0.0,"damage_taken":0.0,"relics_obtained":["Centennial Puzzle"],"cards_obtained":["Writhe"]},{"damage_healed":0.0,"max_hp_gain":0.0,"max_hp_loss":0.0,"gold_gain":50.0,"event_name":"FaceTrader","player_choice":"Touch","floor":22.0,"gold_loss":0.0,"damage_taken":7.0}],"is_beta":false,"boss_relics":[{"not_picked":["Runic Pyramid","Philosopher\u0027s Stone"],"picked":"SlaversCollar"}],"items_purged_floors":[14],"is_endless":false,"potions_floor_spawned":[3,6,10,16,18,31],"killed_by":"Collector","ascension_level":20}}