{"host":"b5jaqh8y266k2cz4","time":1613274593,"event":{"mods":["AchievementEnabler","Aspiration","BaseMod","Colored Powertips","Conspire","Dio Mod","Downfall","Googly Eyes","Hermit","Highlight Path","Hubris","Infinite Spire","MarisaÅiñ∂âJÅ@ñÇóùçπÅj","Mimic Mod","Minty Spire (QoL Compilation)","Quick Restart","Replay The Spire","Spikes Relics","StSLib","Synergy Search","Td1madao Mod","The Animator","The Cursed","The Jungle","The Necromancer","The Servant 0.9.4","The Wild Card","slay the spire mod where everything is the same but ironclad has a cowboy hat"],"gold_per_floor":[116,116,130,130,149,183,200,200,200],"floor_reached":8,"language":"ENG","playtime":415,"items_purged":[],"score":75,"play_id":"553ceed0-6b07-4e01-a5ca-f51e2b356d9b","local_time":"20210213224953","is_ascension_mode":true,"campfire_choices":[],"circlet_count":0,"master_deck":["theWildCard:BasicStrike","theWildCard:BasicStrike","theWildCard:BasicStrike","theWildCard:BasicStrike","theWildCard:BasicDefend","theWildCard:BasicDefend","theWildCard:BasicDefend","theWildCard:BasicDefend","theWildCard:CallToAdventure","theWildCard:Arsene","theWildCard:AllOutAttack","theWildCard:PowerOfTheArcana","theWildCard:SeveringSlash","theWildCard:ArcaneArts","theWildCard:MaskChange","theWildCard:ArcaneArts"],"relics":["theWildCard:VelvetContract","hubris:MysteriousPyramids","infinitespire:Golems Mask"],"acts_visited":["Exordium"],"potions_floor_usage":[8,8],"damage_taken":[{"damage":0,"enemies":"Cultist","floor":1,"turns":4},{"damage":0,"enemies":"Jaw Worm","floor":3,"turns":3},{"damage":3,"enemies":"2 Louse","floor":5,"turns":4},{"damage":26,"enemies":"3 Sentries","floor":6,"turns":13},{"damage":0,"enemies":"Exordium Wildlife","floor":7,"turns":3},{"damage":18,"enemies":"Gremlin Nob","floor":8,"turns":4}],"seed_played":"4108237430292232648","potions_obtained":[{"floor":5,"key":"Guardian:BlockOnCardUsePotion"},{"floor":7,"key":"Strength Potion"}],"is_trial":false,"path_per_floor":["M","?","M","?","M","E","M","E"],"character_chosen":"THE_WILD_CARD","items_purchased":[],"campfire_rested":0,"item_purchase_floors":[],"current_hp_per_floor":[54,47,47,47,44,18,18,0,0],"gold":200,"neow_bonus":"ONE_RANDOM_RARE_CARD","is_daily":false,"chose_seed":false,"campfire_upgraded":0,"win_rate":0.0,"timestamp":1613274593,"path_taken":["M","?","M","?","?","E","M","E"],"items_purchased_type":[],"build_version":"2020-12-22","purchased_purges":0,"victory":false,"max_hp_per_floor":[60,60,60,60,60,60,60,60,60],"card_choices":[{"not_picked":["theWildCard:MaskChange","theWildCard:PaleRider"],"picked":"theWildCard:PowerOfTheArcana","floor":1},{"not_picked":["theWildCard:ArchaicAssault","theWildCard:ArcaneArts"],"picked":"theWildCard:SeveringSlash","floor":3},{"not_picked":["theWildCard:TheUniverse","theWildCard:StingingStrike"],"picked":"theWildCard:ArcaneArts","floor":5},{"not_picked":["theWildCard:EnergizedStroke","theWildCard:StingingStrike"],"picked":"theWildCard:MaskChange","floor":6},{"not_picked":["theWildCard:Michael","theWildCard:SacrificialStroke"],"picked":"theWildCard:ArcaneArts","floor":7}],"player_experience":382914,"relics_obtained":[{"floor":6,"key":"infinitespire:Golems Mask"}],"event_choices":[{"damage_healed":0,"gold_gain":0,"player_choice":"Success","damage_taken":7,"relics_obtained":["hubris:MysteriousPyramids"],"max_hp_gain":0,"max_hp_loss":0,"event_name":"Scrap Ooze","floor":2,"gold_loss":0},{"damage_healed":0,"gold_gain":0,"player_choice":"Bought 0 Potions","damage_taken":0,"max_hp_gain":0,"max_hp_loss":0,"event_name":"The Woman in Blue","floor":4,"gold_loss":0}],"is_beta":false,"boss_relics":[],"items_purged_floors":[],"is_endless":false,"potions_floor_spawned":[5,7],"killed_by":"Gremlin Nob","ascension_level":6}}