{"host":"bgyhjzqafgkxdxsh","time":1613275201,"event":{"mods":["BaseMod","Colored Map","Minty Spire (QoL Compilation)","Relic Stats","StSLib","everything is the same but u backflip on backflip"],"gold_per_floor":[119,138,63,63,111,151,181,193,229,241,253,300,312,337,349,361,361],"floor_reached":16,"language":"ENG","playtime":639,"items_purged":["Strike_G"],"score":189,"play_id":"352895b1-7123-4ed9-90fd-1452c0dd0300","local_time":"20210214140001","is_ascension_mode":true,"campfire_choices":[{"floor":11,"key":"REST"},{"floor":13,"key":"REST"},{"data":"Prepared","floor":15,"key":"SMITH"}],"circlet_count":0,"master_deck":["AscendersBane","Strike_G","Strike_G","Strike_G","Strike_G","Defend_G+1","Defend_G","Defend_G","Defend_G","Defend_G","Survivor+1","Neutralize","Eviscerate","Deadly Poison","Expertise","Envenom","Prepared+1","Blade Dance","Blur"],"relics":["Ring of the Snake","MawBank","Darkstone Periapt","Bag of Preparation"],"acts_visited":["Exordium"],"potions_floor_usage":[12],"damage_taken":[{"damage":0,"enemies":"Small Slimes","floor":1,"turns":5},{"damage":0,"enemies":"Jaw Worm","floor":2,"turns":4},{"damage":36,"enemies":"3 Sentries","floor":6,"turns":13},{"damage":0,"enemies":"2 Louse","floor":7,"turns":3},{"damage":14,"enemies":"Lagavulin","floor":12,"turns":8},{"damage":0,"enemies":"Exordium Wildlife","floor":14,"turns":4},{"damage":28,"enemies":"The Guardian","floor":16,"turns":9}],"seed_played":"-6543541813905378007","potions_obtained":[{"floor":2,"key":"Dexterity Potion"},{"floor":7,"key":"FearPotion"},{"floor":14,"key":"Weak Potion"}],"is_trial":false,"path_per_floor":["M","M","$","?","T","E","M","$","T","?","R","E","R","M","R","B"],"character_chosen":"THE_SILENT","items_purchased":[],"campfire_rested":2,"item_purchase_floors":[],"current_hp_per_floor":[59,59,59,39,39,3,3,3,3,3,22,8,27,27,27,0,0],"gold":361,"neow_bonus":"THREE_CARDS","is_daily":false,"chose_seed":false,"campfire_upgraded":1,"win_rate":0.0,"timestamp":1613275201,"path_taken":["M","M","$","?","?","E","M","?","T","?","R","E","R","M","R","BOSS"],"items_purchased_type":[],"build_version":"2020-12-22","purchased_purges":1,"victory":false,"max_hp_per_floor":[66,66,66,66,66,66,66,66,66,66,66,66,66,66,66,66,66],"relic_stats":{"Darkstone Periapt":0,"counters":[7,46],"Bag of Preparation":[4],"MawBank":132,"obtain_stats":[{"Darkstone Periapt":6,"Bag of Preparation":12,"MawBank":5,"Ring of the Snake":0},{"Darkstone Periapt":3,"Bag of Preparation":5,"MawBank":2,"Ring of the Snake":0},{"Darkstone Periapt":22,"Bag of Preparation":33,"MawBank":9,"Ring of the Snake":0}],"Ring of the Snake":[14]},"card_choices":[{"not_picked":["Sucker Punch","Bane"],"picked":"Eviscerate","floor":0},{"not_picked":["Flying Knee","Sucker Punch"],"picked":"Deadly Poison","floor":1},{"not_picked":["Eviscerate","Dodge and Roll"],"picked":"Expertise","floor":2},{"not_picked":["Dagger Spray","PiercingWail"],"picked":"Envenom","floor":6},{"not_picked":["Backstab","Setup"],"picked":"Prepared","floor":7},{"not_picked":["All Out Attack","Crippling Poison"],"picked":"Blade Dance","floor":12},{"not_picked":["Noxious Fumes","Deadly Poison"],"picked":"Blur","floor":14}],"player_experience":523980,"relics_obtained":[{"floor":5,"key":"MawBank"},{"floor":6,"key":"Darkstone Periapt"},{"floor":12,"key":"Bag of Preparation"}],"event_choices":[{"damage_healed":0,"gold_gain":0,"player_choice":"Entered Light","damage_taken":20,"max_hp_gain":0,"max_hp_loss":0,"event_name":"Shining Light","floor":4,"gold_loss":0,"cards_upgraded":["Survivor","Defend_G"]},{"damage_healed":0,"gold_gain":0,"player_choice":"Fled","damage_taken":0,"max_hp_gain":0,"max_hp_loss":0,"event_name":"Scrap Ooze","floor":10,"gold_loss":0}],"is_beta":false,"boss_relics":[],"items_purged_floors":[3],"is_endless":false,"potions_floor_spawned":[2,7,14],"killed_by":"The Guardian","ascension_level":15}}