{"host":"ctlqibkg0sskiu65","time":1613323862,"event":{"mods":["AchievementEnabler","Aspiration","Astrologer","BaseMod","Better Third Choice","BetterRewards","Colored Map","Colored Powertips","Conspire","Curses Come First","Fiend Mod","Infinite Spire","Minty Spire (QoL Compilation)","Potionbrewer","Quick Restart","Reliquary","Replay The Spire","Robot Space Explorer","Shade Mod","Shop Mod","StSLib","The Blackbeard","The Bladedancer","The Cursed","The Death Knight","The Hierophant","The Jungle","The Kombatant","The Necromancer","The Poker Player","The Servant 0.9.4","TheBandit","Wide Potions","thorton"],"gold_per_floor":[118,136,156,156,170,170,170,182,182,28,28,57,75,0,0,77,77,87,87,87,103,3,3,3],"floor_reached":23,"language":"ENG","playtime":930,"items_purged":["Injury","Strike_G"],"score":682,"play_id":"a8ddca93-275c-404e-9186-f92873dd322b","local_time":"20210214113102","is_ascension_mode":true,"campfire_choices":[{"data":"Blade Dance","floor":6.0,"key":"SMITH"},{"data":"Noxious Fumes","floor":11.0,"key":"SMITH"},{"data":"Poisoned Stab","floor":15.0,"key":"SMITH"}],"circlet_count":0,"master_deck":["AscendersBane","Strike_G","Strike_G","Strike_G","Defend_G","Defend_G","Defend_G","Defend_G","Defend_G","Survivor+1","Neutralize+1","Quick Slash","Poisoned Stab+1","Blade Dance+1","Dagger Spray+1","Noxious Fumes+1","Poisoned Stab+1","Bane+1","ReplayTheSpireMod:Necrosis+1"],"relics":["Ring of the Snake","infinitespire:Lychee Nut","Molten Egg 2","reliquary:RadioactivePellet","Chameleon Ring","HornCleat","HoveringKite"],"acts_visited":["Exordium","TheCity"],"potions_floor_usage":[23,23],"damage_taken":[{"damage":9.0,"enemies":"Cultist","floor":1.0,"turns":6.0},{"damage":0.0,"enemies":"2 Louse","floor":2.0,"turns":3.0},{"damage":4.0,"enemies":"Jaw Worm","floor":3.0,"turns":3.0},{"damage":11.0,"enemies":"Red Slaver","floor":5.0,"turns":4.0},{"damage":3.0,"enemies":"Looter","floor":8.0,"turns":2.0},{"damage":8.0,"enemies":"Gremlin Nob","floor":12.0,"turns":3.0},{"damage":2.0,"enemies":"Exordium Wildlife","floor":13.0,"turns":4.0},{"damage":0.0,"enemies":"Slime Boss","floor":16.0,"turns":6.0},{"damage":6,"enemies":"3 Byrds","floor":18,"turns":5},{"damage":18,"enemies":"Shell Parasite","floor":21,"turns":4},{"damage":18,"enemies":"Gremlin Leader","floor":23,"turns":4}],"seed_played":"-862207140746436549","potions_obtained":[{"floor":3.0,"key":"SpeedPotion"},{"floor":5.0,"key":"Adrenaline Potion"},{"floor":12.0,"key":"Explosive Potion"},{"floor":16.0,"key":"Toxic Potion"},{"floor":18,"key":"potionbrewer:CleansingPotion"}],"is_trial":false,"path_per_floor":["M","M","M","?","M","R","T","M","T","$","R","E","M","?","R","B",null,"M","?","?","M","$","E"],"character_chosen":"THE_SILENT","items_purchased":["Noxious Fumes"],"campfire_rested":0,"item_purchase_floors":[10],"current_hp_per_floor":[40,45,46,46,41,41,41,43,43,43,43,40,44,44,44,49,49,46,24,24,12,12,0,0],"gold":3,"neow_bonus":"","is_daily":false,"chose_seed":false,"campfire_upgraded":3,"win_rate":0.0,"timestamp":1613323862,"path_taken":["M","M","?","?","M","R","?","M","T","$","R","E","?","?","R","BOSS","M","?","?","M","$","E"],"items_purchased_type":["Card"],"build_version":"2020-12-22","purchased_purges":2,"victory":false,"max_hp_per_floor":[49,49,49,49,49,49,49,49,49,49,49,49,49,49,49,49,49,49,49,49,49,49,49,49],"card_choices":[{"not_picked":["Backflip","Prepared"],"picked":"Quick Slash","floor":1.0},{"not_picked":["Choke","Underhanded Strike"],"picked":"Poisoned Stab","floor":2.0},{"not_picked":["PiercingWail","Flying Knee"],"picked":"Blade Dance","floor":3.0},{"not_picked":["Escape Plan","conspire:DoublingDagger"],"picked":"Dagger Spray+1","floor":5.0},{"not_picked":["Flying Knee+1","Eviscerate+1","Dash+1"],"picked":"SKIP","floor":8.0},{"not_picked":["Prepared","Dagger Throw+1"],"picked":"Poisoned Stab+1","floor":12.0},{"not_picked":["Storm of Steel","Blade Dance"],"picked":"Bane+1","floor":13.0},{"not_picked":["A Thousand Cuts","ReplayTheSpireMod:From All Sides+1"],"picked":"ReplayTheSpireMod:Necrosis","floor":16.0},{"not_picked":["Slice+1","Quick Slash+1","Backflip"],"picked":"SKIP","floor":18},{"not_picked":["Escape Plan","Blade Dance","Dash+1"],"picked":"SKIP","floor":21}],"player_experience":303537,"relics_obtained":[{"floor":7.0,"key":"reliquary:RadioactivePellet"},{"floor":9.0,"key":"Chameleon Ring"},{"floor":12.0,"key":"HornCleat"}],"event_choices":[{"cards_removed":["Strike_G"],"damage_healed":0.0,"max_hp_gain":0.0,"max_hp_loss":0.0,"gold_gain":0.0,"event_name":"The Cleric","player_choice":"Card Removal","floor":14.0,"gold_loss":75.0,"damage_taken":0.0},{"damage_healed":0,"gold_gain":0,"player_choice":"Ignored","damage_taken":0,"max_hp_gain":0,"max_hp_loss":0,"event_name":"Vampires","floor":20,"gold_loss":0}],"is_beta":false,"boss_relics":[{"not_picked":["Fiend:Scarf","aspiration:RitualDagger"],"picked":"HoveringKite"}],"items_purged_floors":[10,22],"is_endless":false,"potions_floor_spawned":[3,5,12,16,18],"killed_by":"Gremlin Leader","ascension_level":20}}