{"host":"g75gtovmj0ine2rf","time":1613295814,"event":{"mods":["2.2 Compatiblity","AchievementEnabler","Act Like it!","Arknights","Aspiration","Astrologer","Bard","BaseMod","Better Match","BetterRewards","Bossed Relics","CapriCore","Challenge The Spire","ChefMod","Clockwork Mod","Colored Map","Conspire","Elementarium","Energized Spire","Friendly Minions","Gensokyo","Halation","Hallownest","Hermit","HexUI Lib","Highlight Path","Hubris","Infinite Spire","Jedi Mod","Lobotomy","Menagerie","Minty Spire (QoL Compilation)","Puzzle Mod","Quick Restart","Rare Cards Sparkle","Relic Stats","Replay The Spire","Robot Space Explorer","Shade Mod","Shop Mod","Spicy Shops","StSLib","SuperFastMode","The Construct","The Cursed","The Dragon Tamer","The Juggle","The Jungle","The Marked","The Runesmith","The Showman","The Witch","TheBandit","TheFirefly","TheSwordswoman","TheVacant","TheVelvet","Transform Curses","Wandering Minibosses","thorton"],"gold_per_floor":[113,113,156,176,192,192,204,238,261,290,290,42,59,168,168,270,270,292,313,313,313,313,313,354,378,404,416,416],"floor_reached":27,"language":"ENG","playtime":1907,"items_purged":[],"score":268,"play_id":"c9391fc2-8e2a-4041-b0aa-9509a20f77c4","local_time":"20210214204334","is_ascension_mode":false,"campfire_choices":[{"floor":6.0,"key":"REST"},{"floor":11.0,"key":"REST"},{"data":"Athame","floor":15.0,"key":"SMITH"},{"floor":23.0,"key":"REST"}],"circlet_count":0,"master_deck":["Strike_Witch","Strike_Witch","Strike_Witch","Strike_Witch","Defend_Witch","Defend_Witch","Defend_Witch","Defend_Witch","Hexguard","ZombieSpit+1","infinitespire:Collect","Puncture","Malady","Schadenfreude","Schadenfreude","Athame+1","Foresight","UnnaturalEnergy","BloodSabbath","hubris:Greed","Atonement+1","hubris:Greed","TwistedMind"],"relics":["BlackCat","Pet Ghost","infinitespire:Broken Mirror","conspire:TopHat","Prayer Wheel","Singing Bowl","aspiration:MobileForge","hubris:Icosahedron","Matryoshka","MawBank","Nunchaku"],"acts_visited":["Exordium","Hallownest:Greenpath"],"potions_floor_usage":[],"damage_taken":[{"damage":1.0,"enemies":"Hallownest:2_Baldur","floor":1.0,"turns":5.0},{"damage":24.0,"enemies":"conspire:MimicChest","floor":3.0,"turns":7.0},{"damage":0.0,"enemies":"Hallownest:2_MossCreeps","floor":4.0,"turns":4.0},{"damage":0.0,"enemies":"2_ Uuma","floor":5.0,"turns":8.0},{"damage":0.0,"enemies":"Hallownest:Guard_and_Warrior","floor":7.0,"turns":5.0},{"damage":0.0,"enemies":"Hallownest:eliteMossKnight","floor":8.0,"turns":4.0},{"damage":23.0,"enemies":"Hallownest:eliteVengeflyKing","floor":10.0,"turns":7.0},{"damage":14.0,"enemies":"Hallownest:1_Ooma_and_2_Uuma","floor":13.0,"turns":8.0},{"damage":0.0,"enemies":"Hallownest:Wandering_and_Horned","floor":14.0,"turns":7.0},{"damage":18.0,"enemies":"Hallownest:BossFalseKnight","floor":16.0,"turns":7.0},{"damage":0.0,"enemies":"Elementarium:2_ELEMENTALS","floor":18.0,"turns":3.0},{"damage":7.0,"enemies":"Elementarium:MUD_AND_TAR_GOLEMS","floor":19.0,"turns":6.0},{"damage":9.0,"enemies":"Elementarium:FIRE_NOBILITY","floor":24.0,"turns":7.0},{"damage":19.0,"enemies":"Elementarium:RubyGolem","floor":25.0,"turns":5.0},{"damage":0,"enemies":"Elementarium:3_ELEMENTALS","floor":27,"turns":1}],"seed_played":"1948005239265082998","potions_obtained":[{"floor":4.0,"key":"ColorlessPotion"},{"floor":7.0,"key":"AttackPotion"},{"floor":8.0,"key":"AttackPotion"},{"floor":13.0,"key":"BlessingOfTheForge"},{"floor":16.0,"key":"ColorlessPotion"},{"floor":18.0,"key":"FearPotion"},{"floor":19.0,"key":"Adrenaline Potion"}],"is_trial":false,"path_per_floor":["M","?","?","M","M","R","M","E","T","E","R","$","M","M","R_BF","B",null,"M","M","?","?","?","R","E","M","T","M"],"character_chosen":"WITCH","items_purchased":["Singing Bowl"],"campfire_rested":3,"item_purchase_floors":[12],"current_hp_per_floor":[66,49,25,25,25,45,45,45,45,22,42,42,30,30,30,12,34,36,31,20,20,16,28,21,6,6,6,6],"gold":416,"neow_bonus":"UPGRADE_CARD","is_daily":false,"chose_seed":false,"campfire_upgraded":1,"win_rate":0.0,"timestamp":1613295814,"path_taken":["M","?","?","?","?","R","M","E","T","E","R","?","M","M","R_BF","BOSS","M","?","?","?","?","R","E","M","T","M"],"items_purchased_type":["Relic"],"build_version":"2020-12-22","purchased_purges":0,"victory":false,"max_hp_per_floor":[67,67,67,67,67,67,67,67,67,67,67,67,69,69,69,69,34,36,38,38,38,43,43,45,49,49,49,49],"relic_stats":{"Nunchaku":[0],"Singing Bowl":12,"counters":[15,84],"Prayer Wheel":5,"MawBank":12,"obtain_stats":[{"Nunchaku":26,"hubris:Icosahedron":21,"Matryoshka":24,"Singing Bowl":12,"infinitespire:Broken Mirror":8,"aspiration:MobileForge":20,"Prayer Wheel":10,"halation:Prosthetics":17,"MawBank":26,"BlackCat":0,"Pet Ghost":3,"conspire:TopHat":9},{"Nunchaku":14,"hubris:Icosahedron":12,"Matryoshka":13,"Singing Bowl":7,"infinitespire:Broken Mirror":6,"aspiration:MobileForge":12,"Prayer Wheel":7,"halation:Prosthetics":10,"MawBank":14,"BlackCat":0,"Pet Ghost":2,"conspire:TopHat":6},{"Nunchaku":83,"hubris:Icosahedron":71,"Matryoshka":78,"Singing Bowl":40,"infinitespire:Broken Mirror":33,"aspiration:MobileForge":71,"Prayer Wheel":40,"halation:Prosthetics":62,"MawBank":83,"BlackCat":0,"Pet Ghost":12,"conspire:TopHat":33}]},"card_choices":[{"not_picked":["Broomstick","SaltCircle","Bewitch"],"picked":"SKIP","floor":1.0},{"not_picked":["infinitespire:Menacing","ReplayTheSpireMod:??????????????????????"],"picked":"infinitespire:Collect","floor":2.0},{"not_picked":["Bewitch","BlackShield"],"picked":"Puncture","floor":4.0},{"not_picked":["MercuryWand","Atonement","Bewitch"],"picked":"SKIP","floor":5.0},{"not_picked":["MementoMori","GhoulTouch"],"picked":"Malady","floor":7.0},{"not_picked":["SoulBarrier","Athame"],"picked":"Schadenfreude","floor":8.0},{"not_picked":["Malady","SummonToadFamiliar"],"picked":"Schadenfreude","floor":10.0},{"not_picked":["Decrepify","RiteOfWinter","Harmlessness"],"picked":"Singing Bowl","floor":13.0},{"not_picked":["DoomBlade","MementoMori"],"picked":"Athame","floor":13.0},{"not_picked":["BalefulWard","SkullFlask"],"picked":"Foresight","floor":14.0},{"not_picked":["SummonCatFamiliar","BlackShield"],"picked":"UnnaturalEnergy","floor":14.0},{"not_picked":["EternalThirst","TrollsBlood"],"picked":"BloodSabbath","floor":16.0},{"not_picked":["Demonfyre+1","PainBolt"],"picked":"Atonement+1","floor":18.0},{"not_picked":["SummonRatFamiliar","BleedOut","Demonfyre+1"],"picked":"Singing Bowl","floor":18.0},{"not_picked":["WretchedNails","SoulBarrier","Bewitch+1"],"picked":"Singing Bowl","floor":19.0},{"not_picked":["Harmlessness","Demonfyre"],"picked":"TwistedMind","floor":19.0},{"not_picked":["Atonement","RoilingBarrier","GnarledBody"],"picked":"Singing Bowl","floor":24.0},{"not_picked":["Demonfyre","BalefulWard","KarmaDrain"],"picked":"Singing Bowl","floor":25.0},{"not_picked":["LivingBomb","SkullFlask+1","SaltCircle+1"],"picked":"Singing Bowl","floor":25.0}],"player_experience":1429600,"relics_obtained":[{"floor":3.0,"key":"Pet Ghost"},{"floor":8.0,"key":"infinitespire:Broken Mirror"},{"floor":9.0,"key":"conspire:TopHat"},{"floor":10.0,"key":"Prayer Wheel"},{"floor":24.0,"key":"Matryoshka"},{"floor":26.0,"key":"MawBank"},{"floor":26.0,"key":"Nunchaku"}],"event_choices":[{"damage_healed":0.0,"max_hp_gain":0.0,"max_hp_loss":0.0,"gold_gain":0.0,"event_name":"Elementarium:GreatTreasure","player_choice":"Offer","floor":20.0,"relics_lost":["halation:Prosthetics"],"gold_loss":0.0,"damage_taken":0.0,"relics_obtained":["aspiration:MobileForge"]},{"damage_healed":0.0,"max_hp_gain":5.0,"max_hp_loss":0.0,"gold_gain":0.0,"event_name":"Elementarium:RadiantAltar","player_choice":"Sacrifice","floor":22.0,"gold_loss":0.0,"damage_taken":9.0}],"is_beta":false,"boss_relics":[{"not_picked":["Runic Dome","thethorton:CrushedCigarette"],"picked":"halation:Prosthetics"}],"items_purged_floors":[],"is_endless":false,"potions_floor_spawned":[4,7,8,13,16,18,19],"killed_by":"Elementarium:3_ELEMENTALS","ascension_level":0}}