{"host":"w1oepxiubw3kc9u8","time":1613297879,"event":{"mods":["BaseMod","Minty Spire (QoL Compilation)","Quick Restart","StSLib","SuperFastMode"],"gold_per_floor":[113,129,149,149,169,169,500,518,545,573,584,602,634,634,634,736,736,747,760,788,808,723,723,749,749,776,791,181,199,214,114,114,218,218,228,239,239,255,255,255,282,282,282,307,307,323,350,360,360,360,360],"floor_reached":50,"language":"ZHS","playtime":8009,"items_purged":["Strike_R","Defend_R"],"score":682,"play_id":"f3750867-e1a8-4280-adb0-af86b2812351","local_time":"20210214191759","is_ascension_mode":true,"campfire_choices":[{"data":"Armaments","floor":6.0,"key":"SMITH"},{"data":"Warcry","floor":15.0,"key":"SMITH"},{"data":"Offering","floor":23.0,"key":"SMITH"},{"data":"Defend_R","floor":32.0,"key":"PURGE"},{"data":"Double Tap","floor":40.0,"key":"SMITH"},{"data":"Defend_R+1","floor":42.0,"key":"PURGE"},{"floor":49.0,"key":"REST"}],"circlet_count":0,"master_deck":["Intimidate","Warcry+1","Armaments+1","Headbutt","Impervious+1","Offering+1","Fire Breathing+1","Offering+1","Berserk+1","Immolate+1","Impatience","Double Tap+1","Master of Strategy"],"relics":["Burning Blood","TungstenRod","Old Coin","Bag of Marbles","Nunchaku","Bag of Preparation","Astrolabe","Red Mask","Toy Ornithopter","Kunai","War Paint","Peace Pipe","Brimstone","SlaversCollar","Torii","Letter Opener","Sundial","InkBottle"],"acts_visited":[],"potions_floor_usage":[],"damage_taken":[{"damage":0.0,"enemies":"2 Louse","floor":1.0,"turns":4.0},{"damage":0.0,"enemies":"Cultist","floor":2.0,"turns":4.0},{"damage":4.0,"enemies":"Small Slimes","floor":3.0,"turns":4.0},{"damage":6.0,"enemies":"Looter","floor":5.0,"turns":4.0},{"damage":33.0,"enemies":"3 Sentries","floor":7.0,"turns":9.0},{"damage":5.0,"enemies":"Large Slime","floor":8.0,"turns":10.0},{"damage":21.0,"enemies":"Gremlin Nob","floor":10.0,"turns":4.0},{"damage":0.0,"enemies":"3 Louse","floor":11.0,"turns":4.0},{"damage":7.0,"enemies":"Red Slaver","floor":12.0,"turns":4.0},{"damage":11.0,"enemies":"3 Sentries","floor":13.0,"turns":10.0},{"damage":11.0,"enemies":"Slime Boss","floor":16.0,"turns":9.0},{"damage":11.0,"enemies":"3 Byrds","floor":18.0,"turns":5.0},{"damage":14.0,"enemies":"Chosen","floor":19.0,"turns":4.0},{"damage":10.0,"enemies":"Masked Bandits","floor":20.0,"turns":3.0},{"damage":12.0,"enemies":"Shelled Parasite and Fungi","floor":21.0,"turns":11.0},{"damage":19.0,"enemies":"Book of Stabbing","floor":24.0,"turns":4.0},{"damage":5.0,"enemies":"3 Cultists","floor":27.0,"turns":3.0},{"damage":10.0,"enemies":"Snecko","floor":29.0,"turns":1.0},{"damage":5.0,"enemies":"Snake Plant","floor":30.0,"turns":2.0},{"damage":44.0,"enemies":"Champ","floor":33.0,"turns":5.0},{"damage":12.0,"enemies":"Orb Walker","floor":35.0,"turns":2.0},{"damage":5.0,"enemies":"3 Darklings","floor":36.0,"turns":2.0},{"damage":5.0,"enemies":"Spire Growth","floor":38.0,"turns":3.0},{"damage":23.0,"enemies":"Giant Head","floor":41.0,"turns":4.0},{"damage":10.0,"enemies":"Reptomancer","floor":44.0,"turns":1.0},{"damage":29.0,"enemies":"Transient","floor":46.0,"turns":5.0},{"damage":13.0,"enemies":"Giant Head","floor":47.0,"turns":3.0},{"damage":0.0,"enemies":"Sphere and 2 Shapes","floor":48.0,"turns":1.0},{"damage":53,"enemies":"Awakened One","floor":50,"turns":5}],"seed_played":"442123560866404941","potions_obtained":[{"floor":1.0,"key":"Weak Potion"},{"floor":3.0,"key":"CultistPotion"},{"floor":13.0,"key":"Fire Potion"},{"floor":16.0,"key":"Energy Potion"},{"floor":19.0,"key":"GamblersBrew"},{"floor":27.0,"key":"ColorlessPotion"},{"floor":29.0,"key":"PowerPotion"},{"floor":33.0,"key":"FairyPotion"},{"floor":35.0,"key":"PowerPotion"}],"is_trial":false,"path_per_floor":["M","M","M","?","M","R","E","M","T","E","M","M","E","?","R","B",null,"M","M","?","M","?","R","E","?","T","M","$","M","M","$","R","B",null,"M","M","?","M","?","R","E","R","T","E","?","M","E","M","R","B"],"character_chosen":"IRONCLAD","items_purchased":["Impatience","Peace Pipe","Brimstone"],"campfire_rested":1,"item_purchase_floors":[28,28,28],"current_hp_per_floor":[62,68,70,70,70,70,43,44,44,29,35,34,29,29,29,24,80,75,67,63,57,57,57,44,44,44,45,45,41,47,47,47,14,80,74,75,75,76,76,76,59,59,59,55,55,32,25,31,55,2,2],"gold":360,"neow_bonus":"ONE_RARE_RELIC","is_daily":false,"chose_seed":false,"campfire_upgraded":4,"win_rate":0.0,"timestamp":1613297879,"path_taken":["M","M","M","?","M","R","E","M","T","E","?","M","E","?","R","BOSS","M","M","?","M","?","R","E","?","T","M","$","M","M","$","R","BOSS","M","M","?","M","?","R","E","R","T","E","?","M","E","M","R","BOSS"],"items_purchased_type":["Card","Relic","Relic"],"build_version":"2020-12-22","purchased_purges":2,"victory":false,"max_hp_per_floor":[80,80,80,80,80,80,80,80,80,80,80,80,80,80,80,80,80,80,80,80,80,80,80,80,80,80,80,80,80,80,80,80,80,80,80,80,80,80,80,80,80,80,80,80,80,80,80,80,80,80,80],"card_choices":[{"not_picked":["Ghostly Armor","Clothesline"],"picked":"Intimidate","floor":1.0},{"not_picked":["Wild Strike","Anger"],"picked":"Warcry","floor":2.0},{"not_picked":["Dual Wield","Wild Strike","Rage"],"picked":"SKIP","floor":3.0},{"not_picked":["Warcry","Perfected Strike"],"picked":"Armaments","floor":5.0},{"not_picked":["Twin Strike","Disarm","Flex"],"picked":"SKIP","floor":7.0},{"not_picked":["Body Slam","Anger"],"picked":"Headbutt","floor":8.0},{"not_picked":["Clothesline","Power Through"],"picked":"Impervious","floor":10.0},{"not_picked":["True Grit","Ghostly Armor","Searing Blow"],"picked":"SKIP","floor":11.0},{"not_picked":["Reckless Charge","Wild Strike","Inflame"],"picked":"SKIP","floor":12.0},{"not_picked":["Pommel Strike","Infernal Blade","Havoc"],"picked":"SKIP","floor":13.0},{"not_picked":["Feed","Demon Form"],"picked":"Offering","floor":16.0},{"not_picked":["Thunderclap","Heavy Blade","Sword Boomerang"],"picked":"SKIP","floor":18.0},{"not_picked":["Rupture","Armaments","Flex"],"picked":"SKIP","floor":19.0},{"not_picked":["Iron Wave","Rupture"],"picked":"Immolate","floor":21.0},{"not_picked":["Metallicize","Rampage+1","Entrench"],"picked":"SKIP","floor":24.0},{"not_picked":["Dropkick","Twin Strike","Anger"],"picked":"SKIP","floor":27.0},{"not_picked":["Disarm+1","Inflame+1","Metallicize"],"picked":"SKIP","floor":29.0},{"not_picked":["Wild Strike","Cleave","Metallicize"],"picked":"SKIP","floor":30.0},{"not_picked":["Impervious","Feed"],"picked":"Double Tap","floor":33.0},{"not_picked":["Warcry","Headbutt+1","Sentinel+1"],"picked":"SKIP","floor":35.0},{"not_picked":["Anger","Dual Wield+1","Havoc+1"],"picked":"SKIP","floor":36.0},{"not_picked":["Pommel Strike","Intimidate+1","Dual Wield"],"picked":"SKIP","floor":38.0},{"not_picked":["Thinking Ahead","Panacea"],"picked":"Master of Strategy","floor":39.0},{"not_picked":["Havoc+1","Flex","Inflame+1"],"picked":"SKIP","floor":41.0},{"not_picked":["True Grit+1","Shrug It Off","Battle Trance+1"],"picked":"SKIP","floor":44.0},{"not_picked":["Intimidate+1","Power Through+1","Wild Strike"],"picked":"SKIP","floor":46.0},{"not_picked":["Hemokinesis","Combust+1","Reckless Charge+1"],"picked":"SKIP","floor":47.0},{"not_picked":["Anger+1","Whirlwind","Bloodletting+1"],"picked":"SKIP","floor":48.0}],"player_experience":69810,"relics_obtained":[{"floor":7.0,"key":"Old Coin"},{"floor":9.0,"key":"Bag of Marbles"},{"floor":10.0,"key":"Nunchaku"},{"floor":13.0,"key":"Bag of Preparation"},{"floor":20.0,"key":"Red Mask"},{"floor":24.0,"key":"Kunai"},{"floor":26.0,"key":"War Paint"},{"floor":41.0,"key":"Torii"},{"floor":43.0,"key":"Letter Opener"},{"floor":44.0,"key":"Sundial"},{"floor":47.0,"key":"InkBottle"}],"event_choices":[{"cards_removed":["Defend_R"],"damage_healed":0.0,"max_hp_gain":0.0,"max_hp_loss":0.0,"gold_gain":0.0,"event_name":"Bonfire Elementals","player_choice":"Offered Basic","floor":4.0,"gold_loss":0.0,"damage_taken":0.0},{"damage_healed":0.0,"max_hp_gain":0.0,"max_hp_loss":0.0,"gold_gain":0.0,"event_name":"Liars Game","player_choice":"Ignored","floor":14.0,"gold_loss":0.0,"damage_taken":0.0},{"damage_healed":0.0,"max_hp_gain":0.0,"max_hp_loss":0.0,"gold_gain":0.0,"event_name":"Masked Bandits","player_choice":"Fought Bandits","floor":20.0,"gold_loss":0.0,"damage_taken":0.0},{"damage_healed":0.0,"max_hp_gain":0.0,"max_hp_loss":0.0,"gold_gain":0.0,"event_name":"Addict","player_choice":"Obtained Relic","floor":22.0,"gold_loss":85.0,"damage_taken":0.0,"relics_obtained":["Toy Ornithopter"]},{"cards_removed":["Strike_R"],"damage_healed":0.0,"max_hp_gain":0.0,"max_hp_loss":0.0,"gold_gain":0.0,"event_name":"Back to Basics","player_choice":"Elegance","floor":25.0,"gold_loss":0.0,"damage_taken":0.0},{"cards_removed":["Bash"],"damage_healed":0.0,"max_hp_gain":0.0,"max_hp_loss":0.0,"gold_gain":0.0,"event_name":"Falling","player_choice":"Removed Attack","floor":37.0,"gold_loss":0.0,"damage_taken":0.0},{"damage_healed":0.0,"max_hp_gain":0.0,"max_hp_loss":0.0,"gold_gain":0.0,"event_name":"SensoryStone","player_choice":"Memory 1","floor":39.0,"gold_loss":0.0,"damage_taken":0.0},{"damage_healed":0.0,"max_hp_gain":0.0,"max_hp_loss":0.0,"gold_gain":0.0,"event_name":"Accursed Blacksmith","player_choice":"Forge","floor":45.0,"gold_loss":0.0,"damage_taken":0.0,"cards_upgraded":["Immolate"]}],"is_beta":false,"boss_relics":[{"not_picked":["Runic Dome","Ectoplasm"],"picked":"Astrolabe"},{"not_picked":["Velvet Choker","Philosopher\u0027s Stone"],"picked":"SlaversCollar"}],"items_purged_floors":[28,31],"is_endless":false,"potions_floor_spawned":[1,3,13,16,19,27,29,33,35,41,44],"killed_by":"Awakened One","ascension_level":1}}