{"host":"36t3qd3wjvajtu1z","time":1613281251,"event":{"mods":["2.2 Compatiblity","AchievementEnabler","BaseMod","Bestiary","Block Reminder","Colored Powertips","Curses Come First","Highlight Path","Minty Spire (QoL Compilation)","Permanent Neow","Quick Restart","Random Character Button","Rare Cards Sparkle","Relic Stats","Slay-I","StSLib","Unknown Chances"],"gold_per_floor":[115,115,131,146,160,160,186,186,186,32,46,46,59,94,94,199,199,214,214,228,244,244,244,272,17,17,17,17],"floor_reached":27,"language":"ENG","playtime":1146,"items_purged":["Zap"],"score":415,"play_id":"d34eaa93-f00f-4bf8-b23c-1f30155cfde8","local_time":"20210213214051","is_ascension_mode":true,"campfire_choices":[{"data":"Reprogram","floor":6.0,"key":"SMITH"},{"data":"Streamline","floor":8,"key":"SMITH"},{"data":"Fusion","floor":15,"key":"SMITH"},{"floor":23,"key":"REST"}],"circlet_count":0,"master_deck":["AscendersBane","Strike_B","Strike_B+1","Strike_B+1","Strike_B","Defend_B","Defend_B","Defend_B","Defend_B","Dualcast","Streamline+1","Conserve Battery","Ball Lightning","Reprogram+1","Fusion+1","Beam Cell","Steam","Melter","Echo Form","Gash","Aggregate","All For One","Streamline+1","Beam Cell","Turbo","Meteor Strike","Leap"],"relics":["Cracked Core","Mango","Unceasing Top","Ice Cream","Lizard Tail","Philosopher\u0027s Stone","Nilry\u0027s Codex","Meat on the Bone","Anchor","Ornamental Fan"],"acts_visited":["Exordium","TheCity"],"potions_floor_usage":[7,14,21],"damage_taken":[{"damage":0.0,"enemies":"Small Slimes","floor":1.0,"turns":3.0},{"damage":0.0,"enemies":"2 Louse","floor":3.0,"turns":1.0},{"damage":1.0,"enemies":"Cultist","floor":4.0,"turns":3.0},{"damage":1.0,"enemies":"Exordium Wildlife","floor":5.0,"turns":3.0},{"damage":10,"enemies":"Lagavulin","floor":7,"turns":6},{"damage":2,"enemies":"2 Fungi Beasts","floor":11,"turns":4},{"damage":28,"enemies":"Lots of Slimes","floor":13,"turns":5},{"damage":0,"enemies":"Gremlin Nob","floor":14,"turns":2},{"damage":16,"enemies":"Hexaghost","floor":16,"turns":8},{"damage":21,"enemies":"Shell Parasite","floor":18,"turns":5},{"damage":14,"enemies":"Chosen","floor":20,"turns":4},{"damage":44,"enemies":"Snake Plant","floor":21,"turns":4},{"damage":75,"enemies":"Gremlin Leader","floor":24,"turns":6},{"damage":12,"enemies":"Book of Stabbing","floor":27,"turns":3}],"seed_played":"-545958470525857645","potions_obtained":[{"floor":4.0,"key":"EssenceOfSteel"},{"floor":11,"key":"FearPotion"},{"floor":13,"key":"AttackPotion"},{"floor":21,"key":"FocusPotion"},{"floor":24,"key":"PotionOfCapacity"}],"is_trial":false,"path_per_floor":["M","?","M","M","M","R","E","R","T","$","M","?","M","E","R","B",null,"M","?","M","M","?","R","E","$","T","E"],"character_chosen":"DEFECT","items_purchased":["Beam Cell","Steam","Melter","Anchor","Leap"],"campfire_rested":1,"item_purchase_floors":[10,10,10,25,25],"current_hp_per_floor":[82,66,66,65,64,64,54,54,54,54,52,57,29,29,29,13,69,48,87,73,29,13,39,10,10,10,0,0],"gold":17,"neow_bonus":"ONE_RARE_RELIC","is_daily":false,"chose_seed":false,"campfire_upgraded":3,"win_rate":0.0,"timestamp":1613281251,"path_taken":["M","?","M","M","M","R","E","R","T","$","M","?","M","E","R","BOSS","M","?","?","M","?","R","E","$","T","E"],"items_purchased_type":["Card","Card","Card","Relic","Card"],"build_version":"2020-12-22","purchased_purges":1,"victory":false,"max_hp_per_floor":[82,82,82,82,82,82,82,82,82,82,82,87,87,87,87,87,87,87,87,87,87,87,87,87,87,87,87,87],"relic_stats":{"Lizard Tail":43,"counters":[14,57],"Ornamental Fan":[0],"obtain_stats":[{"Ice Cream":9,"Lizard Tail":14,"Anchor":25,"Nilry\u0027s Codex":22,"Ornamental Fan":26,"Mango":0,"Philosopher\u0027s Stone":17,"Cracked Core":0,"Unceasing Top":7,"Meat on the Bone":24},{"Ice Cream":5,"Lizard Tail":8,"Anchor":13,"Nilry\u0027s Codex":12,"Ornamental Fan":13,"Mango":0,"Philosopher\u0027s Stone":9,"Cracked Core":0,"Unceasing Top":5,"Meat on the Bone":13},{"Ice Cream":16,"Lizard Tail":27,"Anchor":54,"Nilry\u0027s Codex":48,"Ornamental Fan":54,"Mango":0,"Philosopher\u0027s Stone":35,"Cracked Core":0,"Unceasing Top":16,"Meat on the Bone":54}],"Unceasing Top":[30],"Meat on the Bone":0},"card_choices":[{"not_picked":["Barrage","Redo"],"picked":"Streamline","floor":1.0},{"not_picked":["Aggregate","Barrage"],"picked":"Conserve Battery","floor":3.0},{"not_picked":["Compile Driver","Leap"],"picked":"Ball Lightning","floor":4.0},{"not_picked":["Gash","Undo"],"picked":"Reprogram","floor":5.0},{"not_picked":["Conserve Battery","Turbo"],"picked":"Fusion","floor":7},{"not_picked":["Chill","Hologram"],"picked":"Echo Form","floor":11},{"not_picked":["Go for the Eyes","White Noise"],"picked":"Gash","floor":13},{"not_picked":["Turbo","Barrage"],"picked":"Aggregate","floor":14},{"not_picked":["Amplify","Core Surge"],"picked":"All For One","floor":16},{"not_picked":["Leap","Barrage"],"picked":"Streamline+1","floor":18},{"not_picked":["Barrage","Lockon"],"picked":"Beam Cell","floor":20},{"not_picked":["Compile Driver","Stack+1"],"picked":"Turbo","floor":21},{"not_picked":["White Noise","Turbo"],"picked":"Meteor Strike","floor":24}],"player_experience":524309,"relics_obtained":[{"floor":7,"key":"Unceasing Top"},{"floor":9,"key":"Ice Cream"},{"floor":14,"key":"Lizard Tail"},{"floor":22,"key":"Nilry\u0027s Codex"},{"floor":24,"key":"Meat on the Bone"},{"floor":26,"key":"Ornamental Fan"}],"event_choices":[{"damage_healed":0.0,"max_hp_gain":0.0,"max_hp_loss":0.0,"gold_gain":0.0,"event_name":"Shining Light","player_choice":"Entered Light","floor":2.0,"gold_loss":0.0,"damage_taken":16.0,"cards_upgraded":["Strike_B","Strike_B"]},{"damage_healed":0,"gold_gain":0,"player_choice":"Donut","damage_taken":0,"max_hp_gain":5,"max_hp_loss":0,"event_name":"Big Fish","floor":12,"gold_loss":0},{"damage_healed":39,"gold_gain":0,"player_choice":"Full Heal","damage_taken":0,"max_hp_gain":0,"max_hp_loss":0,"event_name":"Wheel of Change","floor":19,"gold_loss":0},{"damage_healed":0,"gold_gain":0,"player_choice":"Obtained Book","damage_taken":16,"max_hp_gain":0,"max_hp_loss":0,"event_name":"Cursed Tome","floor":22,"gold_loss":0}],"is_beta":false,"boss_relics":[{"not_picked":["SacredBark","Ectoplasm"],"picked":"Philosopher\u0027s Stone"}],"items_purged_floors":[25],"is_endless":false,"potions_floor_spawned":[4,11,13,21,24],"killed_by":"Book of Stabbing","ascension_level":11}}