{"host":"b6kqr6ulwax9qd8q","time":1613267212,"event":{"mods":["BaseMod","Minty Spire (QoL Compilation)"],"gold_per_floor":[113,128,50,61,61,61,95,95,119,194,235,249,249,267,267,391,391,405,424,111,134,152,186,186,224,224,262,177,177,177],"floor_reached":29,"language":"ENG","playtime":2401,"items_purged":[],"score":396,"play_id":"d1920f66-4747-4513-9386-3d4f76ba5a89","local_time":"20210213204652","is_ascension_mode":true,"campfire_choices":[{"data":"Entrench","floor":6.0,"key":"SMITH"},{"data":"Body Slam","floor":8.0,"key":"SMITH"},{"data":"Shockwave","floor":15.0,"key":"SMITH"},{"floor":24.0,"key":"REST"}],"circlet_count":0,"master_deck":["Strike_R","Strike_R","Strike_R","Strike_R","Strike_R","Defend_R","Defend_R","Defend_R","Defend_R","Bash","Spot Weakness","Shockwave+1","Metallicize","Entrench+1","Body Slam+1","Immolate","Ghostly Armor","Demon Form","CurseOfTheBell","Ghostly Armor+1","Second Wind+1","Bandage Up+1","Evolve+1","Offering+1","Fiend Fire","Rage+1"],"relics":["Burning Blood","NeowsBlessing","Golden Idol","Bronze Scales","Orichalcum","Self Forming Clay","Calling Bell","Toy Ornithopter","Toxic Egg 2","Dead Branch","Frozen Eye","Bag of Marbles","Art of War","HornCleat","Anchor","Omamori"],"acts_visited":["Exordium","TheCity"],"potions_floor_usage":[],"damage_taken":[{"damage":0.0,"enemies":"Cultist","floor":1.0,"turns":1.0},{"damage":0.0,"enemies":"2 Louse","floor":2.0,"turns":1.0},{"damage":0.0,"enemies":"Jaw Worm","floor":4.0,"turns":1.0},{"damage":40.0,"enemies":"Lagavulin","floor":7.0,"turns":9.0},{"damage":17.0,"enemies":"3 Sentries","floor":11.0,"turns":8.0},{"damage":8.0,"enemies":"Exordium Thugs","floor":12.0,"turns":3.0},{"damage":4.0,"enemies":"Large Slime","floor":14.0,"turns":5.0},{"damage":43.0,"enemies":"Slime Boss","floor":16.0,"turns":11.0},{"damage":30.0,"enemies":"Shell Parasite","floor":18.0,"turns":5.0},{"damage":18.0,"enemies":"2 Thieves","floor":19.0,"turns":4.0},{"damage":14.0,"enemies":"Centurion and Healer","floor":21.0,"turns":6.0},{"damage":16.0,"enemies":"Shelled Parasite and Fungi","floor":22.0,"turns":5.0},{"damage":42.0,"enemies":"Gremlin Leader","floor":23.0,"turns":6.0},{"damage":21.0,"enemies":"Slavers","floor":25.0,"turns":5.0},{"damage":32.0,"enemies":"Book of Stabbing","floor":27.0,"turns":6.0},{"damage":33,"enemies":"Gremlin Leader","floor":29,"turns":3}],"seed_played":"-9095804049377103765","potions_obtained":[{"floor":4.0,"key":"EssenceOfSteel"},{"floor":7.0,"key":"SteroidPotion"},{"floor":11.0,"key":"LiquidMemories"},{"floor":14.0,"key":"ElixirPotion"},{"floor":18.0,"key":"Weak Potion"},{"floor":19.0,"key":"Energy Potion"}],"is_trial":false,"path_per_floor":["M","M","$","M","?","R","E","R","T","?","E","M","?","M","R","B",null,"M","M","$","M","M","E","R","E","T","E","?","E"],"character_chosen":"IRONCLAD","items_purchased":["Metallicize","Second Wind+1","Frozen Eye","Bandage Up+1"],"campfire_rested":1,"item_purchase_floors":[3,20,20,20],"current_hp_per_floor":[78,80,80,80,74,74,40,40,40,29,18,16,74,74,74,37,65,41,29,29,32,28,8,30,27,27,7,7,0,0],"gold":177,"neow_bonus":"THREE_ENEMY_KILL","is_daily":false,"chose_seed":false,"campfire_upgraded":3,"win_rate":0.0,"timestamp":1613267212,"path_taken":["M","?","?","M","?","R","E","R","T","?","E","M","?","M","R","BOSS","M","M","$","M","M","E","R","E","T","E","?","E"],"items_purchased_type":["Card","Card","Relic","Card"],"build_version":"2020-12-22","purchased_purges":0,"victory":false,"max_hp_per_floor":[80,80,80,80,74,74,74,74,74,74,74,74,74,74,74,74,74,74,74,74,74,74,74,74,74,74,74,74,74,74],"card_choices":[{"not_picked":["Iron Wave","Headbutt"],"picked":"Spot Weakness","floor":1.0},{"not_picked":["Intimidate","Cleave"],"picked":"Shockwave","floor":2.0},{"not_picked":["Clash","Intimidate"],"picked":"Entrench","floor":4.0},{"not_picked":["Reckless Charge","Perfected Strike"],"picked":"Body Slam","floor":7.0},{"not_picked":["Cleave","Headbutt"],"picked":"Immolate","floor":11.0},{"not_picked":["Clothesline","True Grit"],"picked":"Inflame","floor":12.0},{"not_picked":["Anger","Havoc"],"picked":"Ghostly Armor","floor":14.0},{"not_picked":["Exhume","Limit Break"],"picked":"Demon Form","floor":16.0},{"not_picked":["Cleave+1","Wild Strike","Clash+1"],"picked":"SKIP","floor":18.0},{"not_picked":["Headbutt+1","Flex+1"],"picked":"Ghostly Armor+1","floor":19.0},{"not_picked":["Demon Form","Clash"],"picked":"Evolve+1","floor":21.0},{"not_picked":["Clothesline+1","Hemokinesis","Dual Wield+1"],"picked":"SKIP","floor":22.0},{"not_picked":["Carnage","Shrug It Off+1"],"picked":"Offering+1","floor":23.0},{"not_picked":["Searing Blow","Power Through+1"],"picked":"Fiend Fire","floor":25.0},{"not_picked":["Anger","Twin Strike+1"],"picked":"Rage+1","floor":27.0}],"player_experience":585888,"relics_obtained":[{"floor":7.0,"key":"Bronze Scales"},{"floor":9.0,"key":"Orichalcum"},{"floor":11.0,"key":"Self Forming Clay"},{"floor":17.0,"key":"Toy Ornithopter"},{"floor":17.0,"key":"Toxic Egg 2"},{"floor":17.0,"key":"Dead Branch"},{"floor":23.0,"key":"Bag of Marbles"},{"floor":25.0,"key":"Art of War"},{"floor":26.0,"key":"HornCleat"},{"floor":27.0,"key":"Anchor"}],"event_choices":[{"damage_healed":0.0,"max_hp_gain":0.0,"max_hp_loss":6.0,"gold_gain":0.0,"event_name":"Golden Idol","player_choice":"Lose Max HP","floor":5.0,"gold_loss":0.0,"damage_taken":0.0,"relics_obtained":["Golden Idol"]},{"damage_healed":0.0,"max_hp_gain":0.0,"max_hp_loss":0.0,"gold_gain":75.0,"event_name":"World of Goop","player_choice":"Gather Gold","floor":10.0,"gold_loss":0.0,"damage_taken":11.0},{"cards_removed":["Inflame"],"damage_healed":58.0,"max_hp_gain":0.0,"max_hp_loss":0.0,"gold_gain":0.0,"event_name":"Bonfire Elementals","player_choice":"Offered Uncommon","floor":13.0,"gold_loss":0.0,"damage_taken":0.0},{"damage_healed":0,"gold_gain":0,"player_choice":"Obtained Relic","damage_taken":0,"relics_obtained":["Omamori"],"max_hp_gain":0,"max_hp_loss":0,"event_name":"Addict","floor":28,"gold_loss":85}],"is_beta":false,"boss_relics":[{"not_picked":["Runic Dome","Empty Cage"],"picked":"Calling Bell"}],"items_purged_floors":[],"is_endless":false,"potions_floor_spawned":[4,7,11,14,18,19],"killed_by":"Gremlin Leader","ascension_level":7}}