{"host":"prxrhpgaxnj4om9r","time":1613308176,"event":{"mods":["AchievementEnabler","BaseMod","Colored Map","DeckTracker","Minty Spire (QoL Compilation)"],"gold_per_floor":[114,289,289,289,365,394,394,413,437,449,476,488,517,544,556,666,678,709,736,748,775,787,799,828,854,866,220,220,234,234,250,250,250,250],"floor_reached":33,"language":"KOR","playtime":1155,"items_purged":["Strike_R"],"score":328,"play_id":"261fe345-cb68-4fb7-8586-179b7ada5777","local_time":"20210214220936","is_ascension_mode":true,"campfire_choices":[{"data":"Searing Blow","floor":7,"key":"SMITH"},{"data":"Searing Blow+1","floor":10,"key":"SMITH"},{"data":"Searing Blow+2","floor":12,"key":"SMITH"},{"data":"Searing Blow+3","floor":15,"key":"SMITH"},{"floor":23,"key":"REST"},{"data":"Apotheosis","floor":32,"key":"SMITH"}],"circlet_count":0,"master_deck":["Strike_R","Strike_R+1","Strike_R+1","Strike_R","Defend_R","Defend_R","Defend_R","Defend_R","Bash","Evolve","Searing Blow+4","Wild Strike","Battle Trance","Pummel","Immolate","Reckless Charge","Bloodletting+1","Infernal Blade+1","Rampage","Apotheosis+1","Infernal Blade+1","Infernal Blade+1","Uppercut+1"],"relics":["Burning Blood","NeowsBlessing","Blue Candle","Matryoshka","MawBank","Orichalcum","Busted Crown","Spirit Poop","Strawberry","Eternal Feather","Pantograph","Bag of Marbles","Paper Frog"],"acts_visited":["Exordium","TheCity"],"potions_floor_usage":[13,14,25,31,33],"damage_taken":[{"damage":0,"enemies":"Small Slimes","floor":1,"turns":1},{"damage":0,"enemies":"Lagavulin","floor":6,"turns":1},{"damage":0,"enemies":"2 Louse","floor":8,"turns":1},{"damage":6,"enemies":"Jaw Worm","floor":11,"turns":2},{"damage":6,"enemies":"Large Slime","floor":13,"turns":4},{"damage":5,"enemies":"Lots of Slimes","floor":14,"turns":4},{"damage":58,"enemies":"Hexaghost","floor":16,"turns":9},{"damage":14,"enemies":"Chosen","floor":18,"turns":5},{"damage":21,"enemies":"3 Byrds","floor":19,"turns":5},{"damage":32,"enemies":"Snake Plant","floor":21,"turns":4},{"damage":31,"enemies":"Centurion and Healer","floor":24,"turns":5},{"damage":23,"enemies":"Snecko","floor":25,"turns":4},{"damage":6,"enemies":"Cultist and Chosen","floor":29,"turns":3},{"damage":0,"enemies":"Snake Plant","floor":31,"turns":2},{"damage":80,"enemies":"Champ","floor":33,"turns":6}],"seed_played":"-5144397201168510064","potions_obtained":[{"floor":8,"key":"Ancient Potion"},{"floor":11,"key":"SteroidPotion"},{"floor":13,"key":"Energy Potion"},{"floor":18,"key":"Dexterity Potion"},{"floor":25,"key":"CultistPotion"},{"floor":29,"key":"Swift Potion"}],"is_trial":false,"path_per_floor":["M","?","?","?","T","E","R","M","T","R","M","R","M","M","R","B",null,"M","M","?","M","?","R","M","M","T","$","T","M","?","M","R","B"],"character_chosen":"IRONCLAD","items_purchased":["Pantograph","Bag of Marbles","Apotheosis"],"campfire_rested":1,"item_purchase_floors":[27,27,27],"current_hp_per_floor":[80,80,85,68,68,74,74,80,80,80,80,80,80,81,81,29,85,77,62,62,36,36,61,36,19,26,26,26,26,26,32,44,0,0],"gold":250,"neow_bonus":"THREE_ENEMY_KILL","is_daily":false,"chose_seed":false,"campfire_upgraded":5,"win_rate":0.0,"timestamp":1613308176,"path_taken":["M","?","?","?","?","E","R","M","T","R","M","R","?","M","R","BOSS","M","M","?","?","?","R","M","M","T","$","?","M","?","M","R","BOSS"],"items_purchased_type":["Relic","Relic","Card"],"build_version":"2020-12-22","purchased_purges":1,"victory":false,"max_hp_per_floor":[80,80,85,85,85,85,85,85,85,85,85,85,85,85,85,85,85,85,85,85,85,85,85,85,85,92,92,92,92,92,92,92,92,92],"card_choices":[{"not_picked":["Flex","Sentinel"],"picked":"Evolve","floor":1},{"not_picked":["Metallicize","Heavy Blade"],"picked":"Searing Blow","floor":6},{"not_picked":["Headbutt","Thunderclap"],"picked":"Wild Strike","floor":8},{"not_picked":["True Grit","Carnage"],"picked":"Battle Trance","floor":11},{"not_picked":["Wild Strike","Headbutt","Havoc"],"picked":"SKIP","floor":13},{"not_picked":["Metallicize","Sword Boomerang"],"picked":"Pummel","floor":14},{"not_picked":["Reaper","Impervious"],"picked":"Immolate","floor":16},{"not_picked":[],"picked":"Reckless Charge","floor":18},{"not_picked":[],"picked":"Bloodletting+1","floor":19},{"not_picked":[],"picked":"Infernal Blade","floor":21},{"not_picked":["Battle Trance"],"picked":"SKIP","floor":24},{"not_picked":[],"picked":"Rampage","floor":25},{"not_picked":[],"picked":"Infernal Blade+1","floor":29},{"not_picked":[],"picked":"Uppercut+1","floor":31}],"player_experience":450988,"relics_obtained":[{"floor":5,"key":"Blue Candle"},{"floor":6,"key":"Matryoshka"},{"floor":9,"key":"MawBank"},{"floor":9,"key":"Orichalcum"},{"floor":26,"key":"Strawberry"},{"floor":26,"key":"Eternal Feather"},{"floor":28,"key":"Paper Frog"}],"event_choices":[{"damage_healed":0,"gold_gain":175,"player_choice":"AGREE","damage_taken":0,"max_hp_gain":0,"max_hp_loss":0,"event_name":"Liars Game","floor":2,"gold_loss":0,"cards_obtained":["Doubt"]},{"damage_healed":0,"gold_gain":0,"player_choice":"Donut","damage_taken":0,"max_hp_gain":5,"max_hp_loss":0,"event_name":"Big Fish","floor":3,"gold_loss":0},{"damage_healed":0,"gold_gain":0,"player_choice":"Entered Light","damage_taken":17,"max_hp_gain":0,"max_hp_loss":0,"event_name":"Shining Light","floor":4,"gold_loss":0,"cards_upgraded":["Strike_R","Strike_R"]},{"cards_removed":["Doubt"],"damage_healed":0,"gold_gain":0,"player_choice":"Offered Curse","damage_taken":0,"relics_obtained":["Spirit Poop"],"max_hp_gain":0,"max_hp_loss":0,"event_name":"Bonfire Elementals","floor":20,"gold_loss":0},{"damage_healed":0,"gold_gain":0,"player_choice":"Forge","damage_taken":0,"max_hp_gain":0,"max_hp_loss":0,"event_name":"Accursed Blacksmith","floor":22,"gold_loss":0,"cards_upgraded":["Infernal Blade"]},{"damage_healed":0,"gold_gain":0,"player_choice":"Copied","damage_taken":0,"max_hp_gain":0,"max_hp_loss":0,"event_name":"Duplicator","floor":30,"gold_loss":0,"cards_obtained":["Infernal Blade"]}],"is_beta":false,"boss_relics":[{"not_picked":["Tiny House","Philosopher\u0027s Stone"],"picked":"Busted Crown"}],"items_purged_floors":[27],"is_endless":false,"potions_floor_spawned":[8,11,13,18,25,29],"killed_by":"Champ","ascension_level":4}}