{"host":"2pffx5rqbod9ds0c","time":1613346271,"event":{"mods":["BaseMod","Better Altar","Better Match","Better Note","Better Sensory Stone","Better Skull","Better Third Choice","Bossed Relics","Custom Start","Hubris","MarisaÅiñ∂âJÅ@ñÇóùçπÅj","Minty Spire (QoL Compilation)","Quick Restart","Relic Stats","Spicy Shops","StSLib"],"gold_per_floor":[112,112,133,133,133,166,166,197,242,242,242,242,281,301,301,301,301],"floor_reached":16,"language":"ENG","playtime":338,"items_purged":[],"score":382,"play_id":"eaf93bf4-e9cd-4d44-8317-6ab5565f0cd7","local_time":"20210214154431","is_ascension_mode":true,"campfire_choices":[{"data":"DoubleSpark","floor":7.0,"key":"SMITH"},{"data":"MasterSpark","floor":12.0,"key":"SMITH"},{"data":"ShootingEcho","floor":15,"key":"SMITH"}],"circlet_count":0,"master_deck":["AscendersBane","Strike_MRS","Strike_MRS","Strike_MRS","Strike_MRS","Defend_MRS","Defend_MRS","Defend_MRS","Defend_MRS","MasterSpark+1","UpSweep","DoubleSpark+1","BlazeAway+1","ShootingEcho+1"],"relics":["MiniHakkero","NeowsBlessing","Golden Idol","hubris:Towel","Boot","hubris:Zylophone","Bag of Preparation","Du-Vu Doll","PreservedInsect"],"acts_visited":["Exordium"],"potions_floor_usage":[],"damage_taken":[{"damage":0.0,"enemies":"Small Slimes","floor":1.0,"turns":1.0},{"damage":0.0,"enemies":"2 Louse","floor":3.0,"turns":1.0},{"damage":0.0,"enemies":"Lagavulin","floor":6.0,"turns":2.0},{"damage":31.0,"enemies":"Gremlin Nob","floor":8.0,"turns":4.0},{"damage":0,"enemies":"Lagavulin","floor":13,"turns":3},{"damage":0,"enemies":"Cultist","floor":14,"turns":2},{"damage":18,"enemies":"Slime Boss","floor":16,"turns":4}],"seed_played":"-9111575114887405922","potions_obtained":[{"floor":6.0,"key":"BottledSpark"},{"floor":8.0,"key":"DuplicationPotion"}],"is_trial":false,"path_per_floor":["M","?","M","?","?","E","R","E","T","?","T","R","E","M","R","B"],"character_chosen":"MARISA","items_purchased":[],"campfire_rested":0,"item_purchase_floors":[],"current_hp_per_floor":[63,39,39,44,44,44,44,13,13,13,13,13,13,13,13,0,0],"gold":301,"neow_bonus":"THREE_ENEMY_KILL","is_daily":false,"chose_seed":false,"campfire_upgraded":3,"win_rate":0.0,"timestamp":1613346271,"path_taken":["M","?","M","?","?","E","R","E","T","?","?","R","E","M","R","BOSS"],"items_purchased_type":[],"build_version":"2020-12-22","purchased_purges":0,"victory":false,"max_hp_per_floor":[70,70,70,75,75,75,75,75,75,75,75,75,75,75,75,75,75],"relic_stats":{"counters":[7,17],"Golden Idol":29,"PreservedInsect":0,"Bag of Preparation":[6],"Boot":[2],"obtain_stats":[{"hubris:Zylophone":8,"Du-Vu Doll":11,"NeowsBlessing":0,"Golden Idol":2,"PreservedInsect":13,"Bag of Preparation":9,"MiniHakkero":0,"hubris:Towel":5,"Boot":6},{"hubris:Zylophone":4,"Du-Vu Doll":4,"NeowsBlessing":0,"Golden Idol":1,"PreservedInsect":5,"Bag of Preparation":4,"MiniHakkero":0,"hubris:Towel":2,"Boot":3},{"hubris:Zylophone":8,"Du-Vu Doll":8,"NeowsBlessing":0,"Golden Idol":1,"PreservedInsect":11,"Bag of Preparation":8,"MiniHakkero":0,"hubris:Towel":2,"Boot":4}]},"card_choices":[{"not_picked":["Acceleration","UnstableBomb","GrandCross"],"picked":"SKIP","floor":1.0},{"not_picked":["MilkyWay","IllusionStar","EventHorizon"],"picked":"SKIP","floor":3.0},{"not_picked":["DragonMeteor","AlicesGift"],"picked":"DoubleSpark","floor":6.0},{"not_picked":["MysteriousBeam","GravityBeat"],"picked":"BlazeAway","floor":8.0},{"not_picked":["PowerUp","DoubleSpark"],"picked":"ShootingEcho","floor":13},{"not_picked":["WitchOfGreed","6A","PowerUp"],"picked":"SKIP","floor":14}],"player_experience":864197,"relics_obtained":[{"floor":6.0,"key":"Boot"},{"floor":8.0,"key":"hubris:Zylophone"},{"floor":9.0,"key":"Bag of Preparation"},{"floor":11.0,"key":"Du-Vu Doll"},{"floor":13,"key":"PreservedInsect"}],"event_choices":[{"damage_healed":0.0,"max_hp_gain":0.0,"max_hp_loss":0.0,"gold_gain":0.0,"event_name":"Golden Idol","player_choice":"Take Damage","floor":2.0,"gold_loss":0.0,"damage_taken":24.0,"relics_obtained":["Golden Idol"]},{"damage_healed":0.0,"max_hp_gain":5.0,"max_hp_loss":0.0,"gold_gain":0.0,"event_name":"Big Fish","player_choice":"Donut","floor":4.0,"gold_loss":0.0,"damage_taken":0.0},{"damage_healed":0.0,"max_hp_gain":0.0,"max_hp_loss":0.0,"gold_gain":0.0,"event_name":"Living Wall","player_choice":"Grow","floor":10.0,"gold_loss":0.0,"damage_taken":0.0,"cards_upgraded":["BlazeAway"]}],"is_beta":false,"boss_relics":[],"items_purged_floors":[],"is_endless":false,"potions_floor_spawned":[6,8,14],"killed_by":"Slime Boss","ascension_level":20}}