{"host":"218bpbmw7wi1tsbm","time":1613295482,"event":{"mods":["BaseMod","Lobotomy","LobotomyExtend","Minty Spire (QoL Compilation)","Prisma Mod","Quick Restart","Rare Cards Sparkle","StSLib"],"gold_per_floor":[116,116,127,144,158,192,206,206,206,220,139,139,139,152,152,249,249,265,265,265,265],"floor_reached":20,"language":"JPN","playtime":1351,"items_purged":[],"score":201,"play_id":"4d8db0fb-c3ee-4519-aeb2-77b67d2a4b55","local_time":"20210214183802","is_ascension_mode":false,"campfire_choices":[{"data":"Defend_R","floor":8,"key":"SMITH"},{"data":"Inflame","floor":13,"key":"SMITH"},{"data":"Immolate","floor":15,"key":"SMITH"}],"circlet_count":0,"master_deck":["Strike_R","Strike_R","Strike_R","Strike_R","Strike_R","Defend_R+1","Defend_R","Defend_R+1","Defend_R+1","Bash","DespairKnight","Burning Pact","Scorched","Inflame+1","PunishingBird","Spot Weakness","BeautyBeast","Cleave","Heavy Blade","Parasite","MeatLantern","Pummel","Rudolta","Immolate+1","Dark Shackles","Variant","Flame Barrier","CherryBlossoms","Limit Break","Yin","Armaments+1"],"relics":["Burning Blood","CogitoBucket","LetterFromLob","FaceOfCleric","Strawberry","BackwardClock","War Paint","MagicBullet_r","Mark of Pain","Amita_r","Pen Nib"],"acts_visited":["Exordium","TheCity"],"potions_floor_usage":[16,20,20],"damage_taken":[{"damage":8,"enemies":"Jaw Worm","floor":1,"turns":4},{"damage":1,"enemies":"Cultist","floor":3,"turns":4},{"damage":0,"enemies":"2 Louse","floor":4,"turns":1},{"damage":3,"enemies":"Large Slime","floor":5,"turns":5},{"damage":15,"enemies":"3 Sentries","floor":6,"turns":4},{"damage":33,"enemies":"Gremlin Gang","floor":7,"turns":3},{"damage":11,"enemies":"Lots of Slimes","floor":10,"turns":4},{"damage":0,"enemies":"Looter","floor":14,"turns":2},{"damage":47,"enemies":"Slime Boss","floor":16,"turns":10},{"damage":76,"enemies":"3 Byrds","floor":18,"turns":7},{"damage":45,"enemies":"Chosen","floor":20,"turns":6}],"seed_played":"3000515761278632713","potions_obtained":[{"floor":4,"key":"Energy Potion"},{"floor":6,"key":"BloodPotion"},{"floor":14,"key":"FairyPotion"},{"floor":16,"key":"SneckoOil"},{"floor":18,"key":"Weak Potion"}],"is_trial":false,"path_per_floor":["M","?","M","M","M","E","M","R","T","M","$","?","R","M","R","B",null,"M","?","M"],"character_chosen":"IRONCLAD","items_purchased":["Dark Shackles"],"campfire_rested":0,"item_purchase_floors":[11],"current_hp_per_floor":[78,78,81,82,83,82,56,56,56,56,56,56,56,63,63,31,95,26,26,0,0],"gold":265,"neow_bonus":"","is_daily":false,"chose_seed":false,"campfire_upgraded":3,"win_rate":0.0,"timestamp":1613295482,"path_taken":["M","?","M","M","M","E","?","R","T","M","$","?","R","M","R","BOSS","M","?","?"],"items_purchased_type":["Card"],"build_version":"2020-12-22","purchased_purges":0,"victory":false,"max_hp_per_floor":[80,80,81,82,83,91,92,92,92,93,93,93,93,94,94,95,95,96,96,101,101],"card_choices":[{"not_picked":["FairyFestival","WallGazer"],"picked":"DespairKnight","floor":1},{"not_picked":["Clash","Sword Boomerang"],"picked":"Burning Pact","floor":1},{"not_picked":["LongBird","QueenBee"],"picked":"Scorched","floor":3},{"not_picked":["Fire Breathing","Battle Trance"],"picked":"Inflame","floor":3},{"not_picked":["NothingThere","WhitesApple"],"picked":"PunishingBird","floor":4},{"not_picked":["Intimidate","Sever Soul"],"picked":"Spot Weakness","floor":4},{"not_picked":["UniverseFragment","VoidDream"],"picked":"BeautyBeast","floor":5},{"not_picked":["Clash","Headbutt"],"picked":"Cleave","floor":5},{"not_picked":["Murderer","WallGazer"],"picked":"WhitesApple","floor":6},{"not_picked":["Perfected Strike","Body Slam"],"picked":"Heavy Blade","floor":6},{"not_picked":["Scarecrow","SpiderBud"],"picked":"MeatLantern","floor":7},{"not_picked":["Anger","Blood for Blood"],"picked":"Pummel","floor":7},{"not_picked":["GalaxyChild","Laetitia"],"picked":"Rudolta","floor":10},{"not_picked":["Battle Trance","Thunderclap"],"picked":"Immolate","floor":10},{"not_picked":["NakedNest","OldLady"],"picked":"Variant","floor":14},{"not_picked":["Havoc","Armaments"],"picked":"Flame Barrier","floor":14},{"not_picked":["CrumblingArmor","ShyLook"],"picked":"CherryBlossoms","floor":16},{"not_picked":["Berserk","Juggernaut"],"picked":"Limit Break","floor":16},{"not_picked":["PlagueDoctor","MHz"],"picked":"Yin","floor":18},{"not_picked":["Body Slam+1","Blood for Blood+1"],"picked":"Armaments+1","floor":18}],"player_experience":622699,"relics_obtained":[{"floor":1,"key":"LetterFromLob"},{"floor":6,"key":"Strawberry"},{"floor":9,"key":"War Paint"}],"event_choices":[{"damage_healed":0,"gold_gain":0,"player_choice":"Trade","damage_taken":0,"relics_obtained":["FaceOfCleric"],"max_hp_gain":0,"max_hp_loss":0,"event_name":"FaceTrader","floor":2,"gold_loss":0},{"damage_healed":0,"gold_gain":0,"player_choice":"Gave Potion","damage_taken":0,"relics_obtained":["Pen Nib"],"max_hp_gain":0,"max_hp_loss":0,"event_name":"WeMeetAgain","floor":19,"gold_loss":0}],"is_beta":false,"boss_relics":[{"not_picked":["Ectoplasm","Tiny House"],"picked":"Mark of Pain"}],"items_purged_floors":[],"is_endless":false,"potions_floor_spawned":[4,6,14,16,18],"killed_by":"Chosen","ascension_level":0}}