{"host":"0rxdudjy6rylha1k","time":1613317003,"event":{"mods":["Aspiration","BaseMod","Colored Map","Colored Powertips","Downfall","Highlight Path","Hubris","Minty Spire (QoL Compilation)","StSLib"],"gold_per_floor":[99,99,549,549,549,449,449,36,36,36,64,79,79,106,117,212,212,12,12,26,43,43,56,108,135,45,56,256,288,288,288,308,408,408,408,428,442,442,442,442,488,488,525,525,77,97,97,119,132,132,132,132],"floor_reached":50,"language":"ENG","playtime":5183,"items_purged":["downfall:Icky","downfall:Icky"],"score":780,"play_id":"40cc271b-a3d1-4a4f-a34a-687ade3ec318","local_time":"20210214083643","is_ascension_mode":true,"campfire_choices":[{"floor":1,"key":"RECALL"},{"data":"hexamod:ShieldOfDarkness","floor":6,"key":"SMITH"},{"data":"hexamod:Incineration","floor":10,"key":"SMITH"},{"data":"hexamod:BurningTouch","floor":13,"key":"SMITH"},{"data":"hexamod:Incineration","floor":18,"key":"SMITH"},{"floor":30,"key":"REST"},{"data":"hexamod:WildfireWeapon","floor":35,"key":"SMITH"},{"data":"expansioncontent:Chronoboost","floor":40,"key":"SMITH"},{"data":"hexamod:SoulSteal","floor":42,"key":"SMITH"},{"floor":44,"key":"REST"},{"data":"expansioncontent:QuickStudy","floor":47,"key":"SMITH"}],"circlet_count":0,"master_deck":["hexamod:Strike","hexamod:Strike","hexamod:Strike","hexamod:Strike","hexamod:Defend","hexamod:Defend","hexamod:Defend","hexamod:Defend","hexamod:Sear","hexamod:Float","hexamod:BurningTouch+1","hexamod:ShieldOfDarkness+1","hexamod:Incineration+1","hexamod:FirstSeal","hexamod:FourthSeal","hexamod:Incineration+1","hexamod:EmpoweredFlame","hexamod:GhostflameInferno","hexamod:ThermalTransfer+1","hexamod:HeatMetal","hexamod:ApocalypseNow","hexamod:GhostOfSpireFuture","hexamod:NightmareGuise+1","hexamod:SoulSteal+1","hexamod:EtherealExpedition+1","hexamod:EmpoweredFlame","hexamod:WildfireWeapon+1","hexamod:GhostflameBarrier","hexamod:RainOfEmbers+1","expansioncontent:Chronoboost+1","hexamod:InspiringFlames","expansioncontent:QuickStudy+1","hexamod:RadiantFlame+1","hexamod:NightmareGuise+1"],"relics":["hexamod:SpiritBrand","downfall:HeartsMalice","downfall:HeartBlessingRed","Letter Opener","Chemical X","hexamod:SoulOfChaos","White Beast Statue","sneckomod:SneckoTalon","downfall:HeartBlessingGreen","downfall:HeartBlessingBlue","Nilry\u0027s Codex","Anchor","Oddly Smooth Stone","hexamod:MatchstickCase","SlaversCollar","Blue Candle","CeramicFish","sneckomod:BlankCard","Lantern"],"acts_visited":["Exordium","TheCity","TheBeyond"],"potions_floor_usage":[12,14,15,16,16,16,16,16,20,20,20,20,20,20,21,21,23,25,25,26,27,27,28,29,33,33,36,36,37,43,43,46,46,46,48,49,50,50,50],"damage_taken":[{"damage":0,"enemies":"Jaw Worm","floor":2,"turns":1},{"damage":0,"enemies":"2 Louse","floor":5,"turns":1},{"damage":0,"enemies":"downfall:FleeingMerchant","floor":8,"turns":1},{"damage":8,"enemies":"Gremlin Nob","floor":11,"turns":3},{"damage":0,"enemies":"Small Slimes","floor":12,"turns":3},{"damage":1,"enemies":"Lagavulin","floor":14,"turns":10},{"damage":19,"enemies":"Exordium Thugs","floor":15,"turns":4},{"damage":15,"enemies":"IC_STATUS_ARCHETYPE","floor":16,"turns":6},{"damage":0,"enemies":"Chosen","floor":19,"turns":1},{"damage":0,"enemies":"3 Byrds","floor":20,"turns":3},{"damage":16,"enemies":"Snake Plant","floor":21,"turns":3},{"damage":0,"enemies":"Snecko","floor":23,"turns":5},{"damage":29,"enemies":"Slavers","floor":25,"turns":5},{"damage":0,"enemies":"downfall:FleeingMerchant","floor":26,"turns":4},{"damage":0,"enemies":"Shelled Parasite and Fungi","floor":27,"turns":5},{"damage":12,"enemies":"Shelled Parasite and Fungi","floor":28,"turns":5},{"damage":11,"enemies":"Book of Stabbing","floor":29,"turns":5},{"damage":6,"enemies":"Snake Plant","floor":32,"turns":4},{"damage":46,"enemies":"DF_ARCHETYPE_CLAW","floor":33,"turns":6},{"damage":3,"enemies":"3 Shapes","floor":36,"turns":5},{"damage":0,"enemies":"Orb Walker","floor":37,"turns":5},{"damage":101,"enemies":"Giant Head","floor":43,"turns":9},{"damage":1,"enemies":"downfall:FleeingMerchant","floor":45,"turns":4},{"damage":4,"enemies":"Spire Growth","floor":46,"turns":5},{"damage":38,"enemies":"Jaw Worm Horde","floor":48,"turns":4},{"damage":18,"enemies":"Maw","floor":49,"turns":6},{"damage":47,"enemies":"SI_POISON_ARCHETYPE","floor":50,"turns":5}],"seed_played":"-89928999307594138","potions_obtained":[{"floor":11,"key":"Block Potion"},{"floor":12,"key":"sneckomod:MuddlingPotion"},{"floor":14,"key":"champ:CounterPotion"},{"floor":15,"key":"EntropicBrew"},{"floor":15,"key":"champ:CounterPotion"},{"floor":16,"key":"Swift Potion"},{"floor":16,"key":"EntropicBrew"},{"floor":19,"key":"champ:CounterPotion"},{"floor":20,"key":"Ancient Potion"},{"floor":20,"key":"SneckoOil"},{"floor":21,"key":"Weak Potion"},{"floor":23,"key":"champ:CounterPotion"},{"floor":23,"key":"GamblersBrew"},{"floor":25,"key":"Weak Potion"},{"floor":26,"key":"hexamod:DoubleChargePotion"},{"floor":26,"key":"hexamod:InfernoChargePotion"},{"floor":27,"key":"SteroidPotion"},{"floor":27,"key":"Guardian:BlockOnCardUsePotion"},{"floor":29,"key":"Strength Potion"},{"floor":32,"key":"hexamod:EctoCoolerPotion"},{"floor":33,"key":"SpeedPotion"},{"floor":33,"key":"SteroidPotion"},{"floor":36,"key":"sneckomod:MuddlingPotion"},{"floor":36,"key":"ColorlessPotion"},{"floor":37,"key":"FairyPotion"},{"floor":37,"key":"sneckomod:MuddlingPotion"},{"floor":43,"key":"PowerPotion"},{"floor":43,"key":"AttackPotion"},{"floor":45,"key":"BlessingOfTheForge"},{"floor":46,"key":"PowerPotion"},{"floor":48,"key":"DuplicationPotion"},{"floor":48,"key":"hexamod:EctoCoolerPotion"},{"floor":49,"key":"SpeedPotion"},{"floor":49,"key":"Weak Potion"}],"is_trial":false,"path_per_floor":["R","M","?","?","M","R","T","$","?","R","E","M","R","E","M","B",null,"R","M","M","M","?","M","T","E","$","M","?","E","R","?","M","B",null,"R","M","M","?","?","R","T","R","E","R","$","M","R","M","M","B"],"character_chosen":"THE_SPIRIT","items_purchased":["Letter Opener","Chemical X","expansioncontent:QuickStudy","Lantern"],"campfire_rested":2,"item_purchase_floors":[8,8,45,45],"current_hp_per_floor":[63,63,63,63,63,63,63,63,63,63,55,55,55,61,49,41,63,73,73,80,71,55,62,62,33,40,47,42,38,62,62,63,24,66,66,70,77,72,72,72,72,72,31,55,61,64,64,33,22,0,0,0],"gold":132,"neow_bonus":"THREE_ENEMY_KILL","is_daily":false,"chose_seed":false,"campfire_upgraded":8,"win_rate":0.0,"timestamp":1613317003,"path_taken":["R","M","?","?","M","R","T","$","?","R","E","?","R","E","M","BOSS","R","M","M","M","?","M","T","E","$","M","?","E","R","?","M","BOSS","R","M","M","?","?","R","T","R","E","R","?","M","R","M","M","BOSS"],"items_purchased_type":["Relic","Relic","Card","Relic"],"build_version":"2020-12-22","purchased_purges":2,"victory":false,"max_hp_per_floor":[70,70,70,70,70,70,70,70,70,70,70,70,70,70,70,70,70,80,80,80,80,80,80,80,80,80,80,80,80,80,80,80,80,80,80,80,80,80,80,80,80,80,80,80,80,80,80,80,80,80,80,80],"card_choices":[{"not_picked":["hexamod:GhostShield","hexamod:NightmareStrike"],"picked":"hexamod:BurningTouch","floor":2},{"not_picked":["hexamod:BurningTouch","hexamod:PhantomFireball"],"picked":"hexamod:ShieldOfDarkness","floor":5},{"not_picked":["hexamod:SwordOfDarkness","hexamod:GhostShield"],"picked":"hexamod:Incineration","floor":8},{"not_picked":["hexamod:GhostShield","hexamod:CatchUp"],"picked":"hexamod:FirstSeal","floor":11},{"not_picked":["hexamod:GhostShield","hexamod:InspiringFlames"],"picked":"hexamod:FourthSeal","floor":12},{"not_picked":["hexamod:NightmareGuise","hexamod:HeatCrush"],"picked":"hexamod:Incineration","floor":14},{"not_picked":["hexamod:ThermalTransfer","hexamod:RetreatToShadows"],"picked":"hexamod:EmpoweredFlame","floor":15},{"not_picked":["hexamod:UnleashSpirits","hexamod:UnlimitedPower"],"picked":"hexamod:GhostflameInferno","floor":16},{"not_picked":["hexamod:SpectersWail","hexamod:SpectralAdrenaline"],"picked":"hexamod:ThermalTransfer+1","floor":19},{"not_picked":["hexamod:NightmareGuise+1","hexamod:SwordOfDarkness"],"picked":"hexamod:HeatMetal","floor":20},{"not_picked":["hexamod:HeatMetal","hexamod:SpectralAdrenaline","hexamod:SwordOfDarkness"],"picked":"SKIP","floor":21},{"not_picked":["hexamod:BurningTouch","hexamod:GhostLash"],"picked":"hexamod:ApocalypseNow","floor":23},{"not_picked":["hexamod:HeatMetal","hexamod:GhostOfSpirePast"],"picked":"hexamod:GhostOfSpireFuture","floor":25},{"not_picked":["hexamod:NightmareStrike","hexamod:FlamesFromBeyond"],"picked":"hexamod:NightmareGuise+1","floor":26},{"not_picked":["hexamod:Incineration","hexamod:GhostShield"],"picked":"hexamod:SoulSteal","floor":27},{"not_picked":["hexamod:AdvancingGuard","hexamod:GhostShield"],"picked":"hexamod:EtherealExpedition+1","floor":29},{"not_picked":["hexamod:PowerFromBeyond+1","hexamod:Toasty"],"picked":"hexamod:EmpoweredFlame","floor":32},{"not_picked":["hexamod:SixthSeal","hexamod:TimeOfNeed"],"picked":"hexamod:WildfireWeapon","floor":33},{"not_picked":["hexamod:ShieldOfDarkness+1","hexamod:FlamesFromBeyond"],"picked":"hexamod:GhostflameBarrier","floor":36},{"not_picked":["hexamod:ExtraCrispy+1","hexamod:NightmareStrike+1"],"picked":"hexamod:RainOfEmbers+1","floor":37},{"not_picked":["expansioncontent:PolyBeam","expansioncontent:GuardianWhirl"],"picked":"expansioncontent:Chronoboost","floor":39},{"not_picked":["hexamod:AdvancingGuard+1","hexamod:ExtraCrispy+1"],"picked":"hexamod:InspiringFlames","floor":43},{"not_picked":["hexamod:Incineration+1","hexamod:EmpoweredFlame+1","hexamod:EtherealExpedition+1"],"picked":"SKIP","floor":45},{"not_picked":["hexamod:InspiringFlames+1","hexamod:FlamesFromBeyond"],"picked":"hexamod:RadiantFlame+1","floor":46},{"not_picked":["hexamod:SpectralSpark+1","hexamod:BacktrackSmack+1"],"picked":"hexamod:NightmareGuise+1","floor":48},{"not_picked":["hexamod:FlamesFromBeyond+1","hexamod:InspiringFlames+1","hexamod:NightmareGuise+1"],"picked":"SKIP","floor":49}],"player_experience":2932251,"relics_obtained":[{"floor":11,"key":"hexamod:SoulOfChaos"},{"floor":14,"key":"White Beast Statue"},{"floor":22,"key":"Nilry\u0027s Codex"},{"floor":24,"key":"Anchor"},{"floor":25,"key":"Oddly Smooth Stone"},{"floor":29,"key":"hexamod:MatchstickCase"},{"floor":41,"key":"CeramicFish"},{"floor":43,"key":"sneckomod:BlankCard"}],"event_choices":[{"cards_removed":["downfall:Icky"],"damage_healed":0,"gold_gain":0,"player_choice":"Card Removal","damage_taken":0,"max_hp_gain":0,"max_hp_loss":0,"event_name":"The Cleric","floor":9,"gold_loss":0}],"is_beta":false,"boss_relics":[{"not_picked":["hubris:CrackedHourglass","aspiration:SilentSkillbook"],"picked":"sneckomod:SneckoTalon"},{"not_picked":["hubris:TerracottaHorce","Pandora\u0027s Box"],"picked":"SlaversCollar"}],"items_purged_floors":[26,45],"is_endless":false,"potions_floor_spawned":[11,12,15,16,19,20,21,23,25,26,27,28,29,32,33,36,37,43,45,46,48,49],"killed_by":"SI_POISON_ARCHETYPE","ascension_level":8}}