{"host":"ifvrsrzj00f2ebkn","time":1613281229,"event":{"mods":["BaseMod","Colored Map","Colored Powertips","Minty Spire (QoL Compilation)","Random Character Button","StSLib"],"gold_per_floor":[19,19,30,30,50,50,68,100,151,151,170,69,86,105,105,205,205,222,147,147,161,25,25,35,35,62,80,113,113,130,142,142,238,238,251,263,263,275,294,294,305,305,305,305,305,305],"floor_reached":45,"language":"ENG","playtime":5854,"items_purged":["Strike_R","Strike_R"],"score":421,"play_id":"14ec8ba1-8984-4845-8b19-95b6f2f658bf","local_time":"20210214134029","is_ascension_mode":false,"campfire_choices":[{"data":"Immolate","floor":6,"key":"SMITH"},{"data":"Defend_R","floor":15,"key":"SMITH"},{"data":"Immolate","floor":23,"key":"SMITH"},{"floor":29,"key":"REST"},{"floor":32,"key":"REST"},{"data":"Inflame","floor":40,"key":"SMITH"},{"data":"Defend_R","floor":42,"key":"SMITH"},{"data":"Offering","floor":44,"key":"SMITH"}],"circlet_count":0,"master_deck":["Strike_R","Strike_R","Defend_R","Defend_R+1","Defend_R+1","Defend_R","Immolate+1","Rampage","Hemokinesis","Offering+1","Headbutt","Immolate+1","Inflame+1","Immolate+1"],"relics":["Burning Blood","Mercury Hourglass","Toy Ornithopter","Potion Belt","SlaversCollar","Nunchaku","Happy Flower","Red Mask","Sozu","Shuriken"],"acts_visited":["Exordium","TheCity","TheBeyond"],"potions_floor_usage":[8,16,18,27,31,33],"damage_taken":[{"damage":2,"enemies":"Small Slimes","floor":1,"turns":4},{"damage":0,"enemies":"2 Louse","floor":3,"turns":1},{"damage":5,"enemies":"Jaw Worm","floor":5,"turns":4},{"damage":14,"enemies":"3 Louse","floor":7,"turns":3},{"damage":20,"enemies":"Lagavulin","floor":8,"turns":5},{"damage":0,"enemies":"Gremlin Gang","floor":11,"turns":1},{"damage":5,"enemies":"Looter","floor":13,"turns":2},{"damage":0,"enemies":"Large Slime","floor":14,"turns":2},{"damage":54,"enemies":"The Guardian","floor":16,"turns":6},{"damage":31,"enemies":"Shell Parasite","floor":18,"turns":5},{"damage":2,"enemies":"Chosen","floor":21,"turns":3},{"damage":20,"enemies":"Centurion and Healer","floor":24,"turns":3},{"damage":21,"enemies":"Snake Plant","floor":27,"turns":3},{"damage":0,"enemies":"Masked Bandits","floor":28,"turns":2},{"damage":26,"enemies":"Shelled Parasite and Fungi","floor":30,"turns":5},{"damage":13,"enemies":"Centurion and Healer","floor":31,"turns":3},{"damage":81,"enemies":"Champ","floor":33,"turns":8},{"damage":18,"enemies":"3 Darklings","floor":35,"turns":3},{"damage":3,"enemies":"Orb Walker","floor":36,"turns":3},{"damage":0,"enemies":"3 Darklings","floor":38,"turns":1},{"damage":3,"enemies":"Sphere and 2 Shapes","floor":39,"turns":3},{"damage":6,"enemies":"Jaw Worm Horde","floor":41,"turns":2},{"damage":111,"enemies":"Giant Head","floor":45,"turns":7}],"seed_played":"-4091667072388728463","potions_obtained":[{"floor":5,"key":"Fire Potion"},{"floor":8,"key":"Swift Potion"},{"floor":13,"key":"AttackPotion"},{"floor":24,"key":"FearPotion"},{"floor":30,"key":"GamblersBrew"},{"floor":31,"key":"CultistPotion"}],"is_trial":false,"path_per_floor":["M","?","M","?","M","R","M","E","T","?","M","$","M","M","R","B",null,"M","?","?","M","$","R","M","?","T","M","?","R","M","M","R","B",null,"M","M","?","M","M","R","M","R","T","R","E"],"character_chosen":"IRONCLAD","items_purchased":["Headbutt","Inflame"],"campfire_rested":2,"item_purchase_floors":[12,22],"current_hp_per_floor":[80,80,80,85,85,85,77,63,63,56,62,62,63,69,69,26,85,65,65,65,69,69,69,55,55,55,45,51,76,56,54,79,9,85,73,76,76,82,85,85,85,85,85,85,0,0],"gold":305,"neow_bonus":"THREE_RARE_CARDS","is_daily":false,"chose_seed":false,"campfire_upgraded":6,"win_rate":0.0,"timestamp":1613281229,"path_taken":["M","?","M","?","M","R","M","E","T","?","M","$","M","M","R","BOSS","M","?","?","M","$","R","?","?","T","M","?","R","M","M","R","BOSS","M","M","?","M","?","R","M","R","T","R","E"],"items_purchased_type":["Card","Card"],"build_version":"2020-12-22","purchased_purges":2,"victory":false,"max_hp_per_floor":[80,80,80,85,85,85,85,85,85,85,85,85,85,85,85,85,85,85,85,85,85,85,85,85,85,85,85,85,85,85,85,85,85,85,85,85,85,85,85,85,85,85,85,85,85,85],"card_choices":[{"not_picked":["Demon Form","Impervious"],"picked":"Immolate","floor":0},{"not_picked":["Heavy Blade","Warcry"],"picked":"Rampage","floor":1},{"not_picked":["Clash","Bloodletting"],"picked":"Hemokinesis","floor":3},{"not_picked":["Iron Wave","Bloodletting","Wild Strike"],"picked":"SKIP","floor":5},{"not_picked":["Iron Wave","Bloodletting","Wild Strike"],"picked":"SKIP","floor":5},{"not_picked":["Armaments","Flex","Rage"],"picked":"SKIP","floor":7},{"not_picked":["Armaments","True Grit"],"picked":"Offering","floor":8},{"not_picked":["Dark Embrace","Thunderclap","True Grit"],"picked":"SKIP","floor":11},{"not_picked":["Blood for Blood","Body Slam","Pommel Strike"],"picked":"SKIP","floor":13},{"not_picked":["Blood for Blood","Body Slam","Pommel Strike"],"picked":"SKIP","floor":13},{"not_picked":["Warcry","Body Slam","Iron Wave"],"picked":"SKIP","floor":14},{"not_picked":["Double Tap","Fiend Fire"],"picked":"Immolate","floor":16},{"not_picked":["Headbutt+1","Combust+1","Body Slam+1"],"picked":"SKIP","floor":18},{"not_picked":["Entrench","Twin Strike+1","Intimidate"],"picked":"SKIP","floor":21},{"not_picked":["Shrug It Off","Body Slam+1","Sword Boomerang"],"picked":"SKIP","floor":24},{"not_picked":["Pommel Strike","Clothesline","Twin Strike"],"picked":"SKIP","floor":27},{"not_picked":["Second Wind+1","Intimidate","Headbutt"],"picked":"SKIP","floor":30},{"not_picked":["Clothesline+1","Body Slam+1","Dark Embrace"],"picked":"SKIP","floor":31},{"not_picked":["Double Tap","Berserk"],"picked":"Immolate","floor":33},{"not_picked":["Heavy Blade","Thunderclap+1","Sword Boomerang"],"picked":"SKIP","floor":35},{"not_picked":["Feel No Pain+1","Rupture","Wild Strike"],"picked":"SKIP","floor":36},{"not_picked":["Thunderclap","Sword Boomerang+1","Anger+1"],"picked":"SKIP","floor":38},{"not_picked":["Sever Soul","Anger+1","Headbutt+1"],"picked":"SKIP","floor":39},{"not_picked":["Pummel","Sever Soul+1","Clash"],"picked":"SKIP","floor":41}],"player_experience":31934,"relics_obtained":[{"floor":8,"key":"Mercury Hourglass"},{"floor":9,"key":"Toy Ornithopter"},{"floor":20,"key":"Nunchaku"},{"floor":26,"key":"Happy Flower"},{"floor":28,"key":"Red Mask"},{"floor":43,"key":"Shuriken"}],"event_choices":[{"cards_removed":["Bash"],"damage_healed":0,"gold_gain":0,"player_choice":"Forget","damage_taken":0,"max_hp_gain":0,"max_hp_loss":0,"event_name":"Living Wall","floor":2,"gold_loss":0},{"damage_healed":0,"gold_gain":0,"player_choice":"Donut","damage_taken":0,"max_hp_gain":5,"max_hp_loss":0,"event_name":"Big Fish","floor":4,"gold_loss":0},{"damage_healed":0,"gold_gain":0,"player_choice":"Success","damage_taken":7,"relics_obtained":["Potion Belt"],"max_hp_gain":0,"max_hp_loss":0,"event_name":"Scrap Ooze","floor":10,"gold_loss":0},{"cards_removed":["Strike_R"],"damage_healed":0,"gold_gain":0,"player_choice":"Gave Gold","damage_taken":0,"max_hp_gain":0,"max_hp_loss":0,"event_name":"Beggar","floor":19,"gold_loss":75},{"damage_healed":0,"gold_gain":0,"player_choice":"Relic","damage_taken":0,"max_hp_gain":0,"max_hp_loss":0,"event_name":"Wheel of Change","floor":20,"gold_loss":0},{"damage_healed":0,"gold_gain":0,"player_choice":"Ignored","damage_taken":0,"max_hp_gain":0,"max_hp_loss":0,"event_name":"The Mausoleum","floor":25,"gold_loss":0},{"damage_healed":0,"gold_gain":0,"player_choice":"Fought Bandits","damage_taken":0,"max_hp_gain":0,"max_hp_loss":0,"event_name":"Masked Bandits","floor":28,"gold_loss":0},{"damage_healed":0,"gold_gain":0,"player_choice":"Upgraded","damage_taken":0,"max_hp_gain":0,"max_hp_loss":0,"event_name":"Upgrade Shrine","floor":37,"gold_loss":0,"cards_upgraded":["Immolate"]}],"is_beta":false,"boss_relics":[{"not_picked":["Cursed Key","Mark of Pain"],"picked":"SlaversCollar"},{"not_picked":["Black Star","Calling Bell"],"picked":"Sozu"}],"items_purged_floors":[12,22],"is_endless":false,"potions_floor_spawned":[5,8,13,24,30,31,38,39],"killed_by":"Giant Head","ascension_level":0}}