{"host":"yx8wv8d7ru77s2k1","time":1613308380,"event":{"mods":["BaseMod","Colored Map","Defuse TimeMaze Blight","Downfall","Hermit","Infinite Spire","Jorbs\u0027s Wanderer Trilogy","Marisa????????","Minty Spire (QoL Compilation)","Relic Sorter","Reliquary","Spikes Relics","StSLib","The Bug Knight","The Disciple","The Hierophant","The Necromancer","The Servant 0.9.4"],"gold_per_floor":[115,129,129,129,143,143,158,158,158,178,193,214,233,132,132,132,132],"floor_reached":16,"language":"ENG","playtime":937,"items_purged":["Defend_G"],"score":98,"play_id":"ba93b56d-d589-46c9-b9d3-72308f24a628","local_time":"20210214141300","is_ascension_mode":false,"campfire_choices":[{"floor":6,"key":"REST"},{"data":"Footwork","floor":15,"key":"SMITH"}],"circlet_count":0,"master_deck":["Strike_G","Strike_G","Strike_G","Strike_G","Defend_G","Defend_G","Defend_G","Defend_G","Survivor","Neutralize","Prepared","Flying Knee","Backflip","Outmaneuver","Footwork+1","Backflip"],"relics":["Ring of the Snake","Golden Idol","Bottled Lightning"],"acts_visited":["Exordium"],"potions_floor_usage":[5,8],"damage_taken":[{"damage":0,"enemies":"Small Slimes","floor":1,"turns":4},{"damage":0,"enemies":"Jaw Worm","floor":2,"turns":3},{"damage":1,"enemies":"Cultist","floor":5,"turns":4},{"damage":2,"enemies":"Blue Slaver","floor":7,"turns":5},{"damage":2,"enemies":"Large Slime","floor":8,"turns":5},{"damage":5,"enemies":"Looter","floor":10,"turns":3},{"damage":10,"enemies":"Gremlin Gang","floor":11,"turns":6},{"damage":0,"enemies":"Large Slime","floor":12,"turns":11},{"damage":0,"enemies":"3 Louse","floor":13,"turns":6},{"damage":52,"enemies":"Hexaghost","floor":16,"turns":16}],"seed_played":"8274045870268675131","potions_obtained":[{"floor":2,"key":"LiquidBronze"},{"floor":5,"key":"SmokeBomb"}],"is_trial":true,"path_per_floor":["M","M","?","?","M","R","M","M","T","M","M","M","M","$","R","B"],"character_chosen":"THE_SILENT","items_purchased":["Backflip"],"campfire_rested":1,"item_purchase_floors":[14],"current_hp_per_floor":[70,70,53,46,45,66,64,62,62,57,47,47,47,47,47,0,0],"gold":132,"neow_bonus":"","is_daily":false,"chose_seed":false,"campfire_upgraded":1,"win_rate":0.0,"timestamp":1613308380,"path_taken":["M","M","?","?","M","R","M","M","T","M","M","M","M","?","R","BOSS"],"items_purchased_type":["Card"],"build_version":"2020-12-22","purchased_purges":1,"victory":false,"max_hp_per_floor":[70,70,70,70,70,70,70,70,70,70,70,70,70,70,70,70,70],"card_choices":[{"not_picked":["Cloak And Dagger","Deflect"],"picked":"Prepared","floor":1},{"not_picked":["Deflect","InfectiousVector"],"picked":"Flying Knee","floor":2},{"not_picked":["Bane","Infinite Blades"],"picked":"Backflip","floor":5},{"not_picked":["Choke","Dagger Spray"],"picked":"Outmaneuver","floor":7},{"not_picked":["Quick Slash","Dagger Spray"],"picked":"Footwork","floor":10},{"not_picked":["Infinite Blades","Blade Dance","Catalyst"],"picked":"SKIP","floor":11},{"not_picked":["Outmaneuver","Malaise","Endless Agony"],"picked":"SKIP","floor":12},{"not_picked":["Dagger Spray","Sucker Punch","Skewer"],"picked":"SKIP","floor":13}],"player_experience":187841,"relics_obtained":[{"floor":9,"key":"Bottled Lightning"}],"event_choices":[{"damage_healed":0,"gold_gain":0,"player_choice":"Take Damage","damage_taken":17,"relics_obtained":["Golden Idol"],"max_hp_gain":0,"max_hp_loss":0,"event_name":"Golden Idol","floor":3,"gold_loss":0},{"cards_removed":["Strike_G"],"damage_healed":0,"gold_gain":0,"player_choice":"Card Removal","damage_taken":7,"max_hp_gain":0,"max_hp_loss":0,"event_name":"Golden Wing","floor":4,"gold_loss":0}],"is_beta":false,"boss_relics":[],"items_purged_floors":[14],"is_endless":false,"potions_floor_spawned":[1,2,5],"killed_by":"Hexaghost","ascension_level":0}}