{"host":"sndfgesrkxbbj8ze","time":1613305522,"event":{"mods":["AchievementEnabler","BaseMod","Colored Powertips","Minty Spire (QoL Compilation)","StSLib","The Hierophant"],"gold_per_floor":[112,122,122,134,146,158,198,224,261,292,337,360,404,416,428,440,440],"floor_reached":16,"language":"ENG","playtime":671,"items_purged":[],"score":145,"play_id":"7f8f5824-34d3-489a-8689-90fc9d9484d2","local_time":"20210214132522","is_ascension_mode":false,"campfire_choices":[{"data":"hierophant:Chorus","floor":6,"key":"SMITH"},{"floor":15,"key":"REST"}],"circlet_count":0,"master_deck":["hierophant:Strike_Hierophant","hierophant:Strike_Hierophant","hierophant:Strike_Hierophant","hierophant:Strike_Hierophant","hierophant:Punish+1","hierophant:Defend_Hierophant","hierophant:Defend_Hierophant","hierophant:Defend_Hierophant+1","hierophant:Defend_Hierophant","hierophant:ChurchCoffers","hierophant:ThreeLashes","hierophant:Chorus+1","Regret","hierophant:Smite","hierophant:PassingBell","hierophant:Smite","hierophant:HolyVerse"],"relics":["hierophant:PropheticMaskRelic","NeowsBlessing","MawBank","Happy Flower","Lantern","Orichalcum","Meat on the Bone","Smiling Mask"],"acts_visited":["Exordium"],"potions_floor_usage":[13,16,16],"damage_taken":[{"damage":0,"enemies":"Jaw Worm","floor":1,"turns":1},{"damage":0,"enemies":"Small Slimes","floor":2,"turns":1},{"damage":0,"enemies":"Gremlin Nob","floor":7,"turns":1},{"damage":3,"enemies":"2 Louse","floor":8,"turns":1},{"damage":10,"enemies":"Exordium Thugs","floor":10,"turns":3},{"damage":17,"enemies":"3 Sentries","floor":11,"turns":5},{"damage":11,"enemies":"Blue Slaver","floor":12,"turns":2},{"damage":5,"enemies":"Gremlin Nob","floor":13,"turns":3},{"damage":46,"enemies":"Hexaghost","floor":16,"turns":11}],"seed_played":"7108107691329228102","potions_obtained":[{"floor":2,"key":"Block Potion"},{"floor":7,"key":"Strength Potion"},{"floor":10,"key":"Weak Potion"}],"is_trial":false,"path_per_floor":["M","M","?","?","?","R","E","M","T","M","E","M","E","?","R","B"],"character_chosen":"HIEROPHANT","items_purchased":[],"campfire_rested":1,"item_purchase_floors":[],"current_hp_per_floor":[75,75,75,57,57,57,57,54,54,44,27,28,35,20,42,0,0],"gold":440,"neow_bonus":"THREE_ENEMY_KILL","is_daily":false,"chose_seed":false,"campfire_upgraded":1,"win_rate":0.0,"timestamp":1613305522,"path_taken":["M","M","?","?","?","R","E","M","T","M","E","M","E","?","R","BOSS"],"items_purchased_type":[],"build_version":"2020-12-22","purchased_purges":0,"victory":false,"max_hp_per_floor":[75,75,75,75,75,75,75,75,75,75,75,75,75,75,75,75,75],"card_choices":[{"not_picked":["hierophant:FlamingChariot","hierophant:Patience"],"picked":"hierophant:ThreeLashes","floor":1},{"not_picked":["hierophant:ConvertCurrency","hierophant:FlamingChariot"],"picked":"hierophant:Chorus","floor":2},{"not_picked":["hierophant:FieryStrike","hierophant:Mercenaries"],"picked":"hierophant:Smite","floor":7},{"not_picked":["hierophant:Zeal","hierophant:Shelter"],"picked":"hierophant:PassingBell","floor":8},{"not_picked":["hierophant:Zeal","hierophant:CoinFling"],"picked":"hierophant:Smite","floor":10},{"not_picked":["hierophant:RepressedViolence","hierophant:Zeal","hierophant:Refuge"],"picked":"SKIP","floor":11},{"not_picked":["hierophant:FlamingChariot","hierophant:Doubloon","hierophant:OrnateBuckler"],"picked":"SKIP","floor":12},{"not_picked":["hierophant:Martyrdom","hierophant:Determination"],"picked":"hierophant:HolyVerse","floor":13}],"player_experience":257073,"relics_obtained":[{"floor":7,"key":"Lantern"},{"floor":9,"key":"Orichalcum"},{"floor":11,"key":"Meat on the Bone"},{"floor":13,"key":"Smiling Mask"}],"event_choices":[{"damage_healed":0,"gold_gain":0,"player_choice":"Box","damage_taken":0,"relics_obtained":["MawBank"],"max_hp_gain":0,"max_hp_loss":0,"event_name":"Big Fish","floor":3,"gold_loss":0,"cards_obtained":["Regret"]},{"damage_healed":0,"gold_gain":0,"player_choice":"Success","damage_taken":18,"relics_obtained":["Happy Flower"],"max_hp_gain":0,"max_hp_loss":0,"event_name":"Scrap Ooze","floor":4,"gold_loss":0},{"damage_healed":0,"gold_gain":0,"player_choice":"Ignored","damage_taken":0,"max_hp_gain":0,"max_hp_loss":0,"event_name":"Liars Game","floor":5,"gold_loss":0},{"damage_healed":0,"gold_gain":0,"player_choice":"Entered Light","damage_taken":15,"max_hp_gain":0,"max_hp_loss":0,"event_name":"Shining Light","floor":14,"gold_loss":0,"cards_upgraded":["hierophant:Punish","hierophant:Defend_Hierophant"]}],"is_beta":false,"boss_relics":[],"items_purged_floors":[],"is_endless":false,"potions_floor_spawned":[2,7,10,12],"killed_by":"Hexaghost","ascension_level":0}}