{"host":"7lqra3rfanasaqnt","time":1613344611,"event":{"mods":["AchievementEnabler","Act Like it!","BaseMod","Colored Powertips","Downfall","Friendly Minions","Minty Spire (QoL Compilation)","StSLib"],"gold_per_floor":[99,99,199,51,111,111,111,111,137,148,180,180,213,213,225,327,327,327,342,342,358,358,358,358,368,378,378,147,175,175,208,220,316,316,316,336,109,154,192,192,192,47,47,73,73,73,73,49,49,49],"floor_reached":51,"language":"ENG","playtime":2324,"items_purged":["downfall:Bewildered","Guardian:RefractedBeam+1"],"score":1302,"play_id":"28ddb7f6-bfab-4f73-9b5d-a0329f892dbf","local_time":"20210214161651","is_ascension_mode":true,"campfire_choices":[{"data":"Guardian:TwinSlam","floor":1,"key":"SMITH"},{"data":"Guardian:CurlUp","floor":8,"key":"SMITH"},{"floor":12,"key":"REST"},{"data":"Guardian:FierceBash","floor":18,"key":"SMITH"},{"floor":23,"key":"REST"},{"data":"Guardian:BodySlam","floor":30,"key":"SMITH"},{"data":"Guardian:SpikerProtocol","floor":35,"key":"SMITH"},{"data":"Guardian:BodySlam","floor":40,"key":"SMITH"},{"floor":49,"key":"REST"}],"circlet_count":0,"master_deck":["Guardian:Strike_Guardian","Guardian:Strike_Guardian","Guardian:Strike_Guardian","Guardian:Defend_Guardian","Guardian:CurlUp+1","Guardian:TwinSlam+1","Guardian:ChargeCore","Guardian:Planning","Guardian:Recover+1","Guardian:ArmoredProtocol+1","Guardian:ShieldSpikes","Guardian:FierceBash+1","Guardian:PrimingBeam+1","Guardian:StasisStrike+1","Guardian:ArmoredProtocol+1","Guardian:SpikerProtocol+1","Guardian:BronzeArmor","Guardian:BodySlam+1","Guardian:SpikerProtocol+1","Guardian:TemporalStrike","Guardian:Harden+1","Guardian:BodySlam+1","downfall:Aged","Guardian:PiercingHide"],"relics":["Guardian:ModeShifter","downfall:HeartsMalice","Juzu Bracelet","Guardian:DefensiveModeMoreBlock","Unceasing Top","Bronze Scales","HornCleat","Calipers","Astrolabe","sneckomod:BabySnecko","Potion Belt","Dream Catcher","Meat on the Bone","Bottled Flame","SlaversCollar","WingedGreaves","Oddly Smooth Stone","Akabeko","Orichalcum","Blood Vial","Guardian:StasisEgg"],"acts_visited":["Exordium","TheCity","TheBeyond"],"potions_floor_usage":[16,16,26,33,50],"damage_taken":[{"damage":0,"enemies":"2 Louse","floor":2,"turns":1},{"damage":0,"enemies":"downfall:FleeingMerchant","floor":4,"turns":1},{"damage":0,"enemies":"3 Sentries","floor":5,"turns":1},{"damage":22,"enemies":"Lagavulin","floor":9,"turns":8},{"damage":2,"enemies":"Jaw Worm","floor":10,"turns":3},{"damage":10,"enemies":"3 Sentries","floor":11,"turns":7},{"damage":1,"enemies":"Lagavulin","floor":13,"turns":6},{"damage":0,"enemies":"Cultist","floor":15,"turns":3},{"damage":57,"enemies":"WA_ARCHETYPE_RETAIN","floor":16,"turns":23},{"damage":4,"enemies":"Chosen","floor":19,"turns":5},{"damage":6,"enemies":"Shell Parasite","floor":21,"turns":6},{"damage":12,"enemies":"Cultist and Chosen","floor":25,"turns":6},{"damage":14,"enemies":"Centurion and Healer","floor":26,"turns":7},{"damage":0,"enemies":"downfall:FleeingMerchant","floor":28,"turns":4},{"damage":0,"enemies":"Gremlin Leader","floor":29,"turns":8},{"damage":14,"enemies":"Book of Stabbing","floor":31,"turns":4},{"damage":24,"enemies":"Snake Plant","floor":32,"turns":2},{"damage":0,"enemies":"IC_MUSHROOM_ARCHETYPE","floor":33,"turns":7},{"damage":12,"enemies":"3 Shapes","floor":36,"turns":4},{"damage":0,"enemies":"downfall:FleeingMerchant","floor":37,"turns":4},{"damage":14,"enemies":"2 Orb Walkers","floor":38,"turns":5},{"damage":0,"enemies":"downfall:FleeingMerchant","floor":39,"turns":3},{"damage":0,"enemies":"Nemesis","floor":44,"turns":7},{"damage":7,"enemies":"SI_POISON_ARCHETYPE","floor":50,"turns":6}],"seed_played":"63037865873726056","potions_obtained":[{"floor":9,"key":"Guardian:DefensiveModePotion"},{"floor":11,"key":"BlessingOfTheForge"},{"floor":13,"key":"Guardian:DefensiveModePotion"},{"floor":16,"key":"ColorlessPotion"},{"floor":19,"key":"Dexterity Potion"},{"floor":20,"key":"downfall:CursedFountainPotion"},{"floor":29,"key":"DuplicationPotion"},{"floor":38,"key":"BlessingOfTheForge"}],"is_trial":false,"path_per_floor":["R","M","?","$","?","?","T","R","E","M","E","R","E","?","M","B",null,"R","M","?","M","?","R","T","M","M","?","$","E","R","E","M","B",null,"R","M","$","?","$","R","T","$","?","E","?","?","?","$","R","B",null],"character_chosen":"GUARDIAN","items_purchased":["Juzu Bracelet","Guardian:Gem_Orange","Guardian:Harden","Guardian:BodySlam","Guardian:DefensiveModePotion","Guardian:BlockOnCardUsePotion","Oddly Smooth Stone","Orichalcum","Guardian:PiercingHide"],"campfire_rested":3,"item_purchase_floors":[4,28,37,37,39,39,39,42,48],"current_hp_per_floor":[72,72,72,72,72,72,72,72,50,48,38,62,61,61,61,4,61,61,57,57,51,51,75,75,63,49,49,49,49,49,47,35,47,72,72,60,60,46,46,46,46,46,46,46,46,46,46,46,70,65],"gold":49,"neow_bonus":"THREE_ENEMY_KILL","is_daily":false,"chose_seed":false,"campfire_upgraded":6,"win_rate":0.0,"timestamp":1613344611,"path_taken":["R","M","?","$","?","?","T","R","E","M","E","R","E","?","M","BOSS","R","M","?","M","?","R","T","M","M","?","$","E","R","E","M","BOSS","R","M","$","?","$","R","T","$","?","E","?","?","?","?","R","BOSS"],"items_purchased_type":["Relic","Card","Card","Card","Potion","Potion","Relic","Relic","Card"],"build_version":"2020-12-22","purchased_purges":2,"victory":true,"max_hp_per_floor":[80,80,80,80,80,80,80,80,80,80,80,80,80,80,80,80,80,80,80,80,80,80,80,80,80,80,80,80,80,80,80,80,80,80,80,80,80,80,80,80,80,80,80,80,80,80,80,80,80,80],"card_choices":[{"not_picked":["Guardian:Gem_Lightblue","Guardian:RollAttack"],"picked":"Guardian:Gem_Fragmented","floor":2},{"not_picked":["Guardian:TemporalShield","Guardian:BodySlam"],"picked":"Guardian:Gem_Red","floor":4},{"not_picked":["Guardian:PiercingHide","Guardian:Gem_Fragmented"],"picked":"Guardian:ChargeCore","floor":9},{"not_picked":["Guardian:GemFinder","Guardian:TemporalShield"],"picked":"Guardian:Planning","floor":10},{"not_picked":["Guardian:TimeBomb","Guardian:FuturePlans"],"picked":"Guardian:Recover","floor":11},{"not_picked":["Guardian:BronzeOrb","Guardian:Gem_Red"],"picked":"Guardian:ArmoredProtocol","floor":13},{"not_picked":["Guardian:RollAttack","Guardian:PolyBeam"],"picked":"Guardian:ShieldSpikes","floor":15},{"not_picked":["Guardian:FastForward","Guardian:Gem_Synthetic"],"picked":"Guardian:FierceBash","floor":16},{"not_picked":["Guardian:DonusPower","Guardian:Reroute"],"picked":"Guardian:ArmoredProtocol+1","floor":19},{"not_picked":["Guardian:Gem_Green","Guardian:PiercingHide"],"picked":"Guardian:SpikerProtocol+1","floor":21},{"not_picked":["Guardian:Gem_Fragmented","Guardian:WalkerClaw","Guardian:DonusPower"],"picked":"SKIP","floor":25},{"not_picked":["Guardian:PiercingHide","Guardian:Incinerate+1","Guardian:MultiBeam"],"picked":"SKIP","floor":26},{"not_picked":["Guardian:DecasProtection","Guardian:Gem_Red"],"picked":"Guardian:BronzeArmor","floor":28},{"not_picked":["Guardian:Gem_Red","Guardian:PiercingHide"],"picked":"Guardian:BodySlam","floor":29},{"not_picked":["Guardian:RollAttack","Guardian:WalkerClaw"],"picked":"Guardian:SpikerProtocol","floor":31},{"not_picked":["Guardian:HyperBeam_Guardian","Guardian:ChargeCore+1","Guardian:PrimingBeam"],"picked":"SKIP","floor":32},{"not_picked":["Guardian:StasisField","Guardian:RevengeProtocol"],"picked":"Guardian:Gem_Orange","floor":33},{"not_picked":["Guardian:ChargeCore+1","Guardian:Gem_White","Guardian:Gem_Yellow"],"picked":"SKIP","floor":36},{"not_picked":["Guardian:Suspension+1","Guardian:ShieldCharger+1"],"picked":"Guardian:TemporalStrike","floor":37},{"not_picked":["Guardian:Gem_Crimson","Guardian:Gem_Cyan","Guardian:GuardianWhirl+1"],"picked":"SKIP","floor":39},{"not_picked":["Guardian:BronzeArmor","Guardian:ShieldCharger","Guardian:Gem_Lightblue"],"picked":"SKIP","floor":44}],"player_experience":595310,"relics_obtained":[{"floor":5,"key":"Guardian:DefensiveModeMoreBlock"},{"floor":7,"key":"Unceasing Top"},{"floor":9,"key":"Bronze Scales"},{"floor":11,"key":"HornCleat"},{"floor":13,"key":"Calipers"},{"floor":24,"key":"Potion Belt"},{"floor":29,"key":"Meat on the Bone"},{"floor":31,"key":"Bottled Flame"},{"floor":38,"key":"WingedGreaves"},{"floor":41,"key":"Akabeko"},{"floor":44,"key":"Blood Vial"}],"event_choices":[{"damage_healed":0,"gold_gain":0,"player_choice":"Fight","damage_taken":0,"max_hp_gain":0,"max_hp_loss":0,"event_name":"Mysterious Sphere","floor":38,"gold_loss":0},{"cards_removed":["Guardian:Defend_Guardian"],"damage_healed":0,"gold_gain":0,"player_choice":"Removed Skill","damage_taken":0,"max_hp_gain":0,"max_hp_loss":0,"event_name":"Falling","floor":46,"gold_loss":0}],"is_beta":false,"boss_relics":[{"not_picked":["Cursed Key","bronze:MakeshiftBattery"],"picked":"Astrolabe"},{"not_picked":["Guardian:StasisSlotReductionRelic","Black Star"],"picked":"SlaversCollar"}],"items_purged_floors":[28,37],"is_endless":false,"potions_floor_spawned":[9,11,13,16,19,21,29,38,44],"ascension_level":9}}