{"host":"t5vp0whyqzs05fb6","time":1613283726,"event":{"mods":["AchievementEnabler","BaseMod","Colored Map","Minty Spire (QoL Compilation)","Rare Cards Sparkle","SuperFastMode","everything is the same but u backflip on backflip"],"gold_per_floor":[114,125,6,6,22,49,49,49,74,74,86,86,99,112,112,208,208,225,5,24,123,48,48,83,83,162,162,197,209,189,204,204,204,204],"floor_reached":33,"language":"KOR","playtime":908,"items_purged":["Bash"],"score":310,"play_id":"560e8240-7288-47ac-8427-69cf384ea61e","local_time":"20210214152206","is_ascension_mode":false,"campfire_choices":[{"data":"Perfected Strike","floor":8,"key":"SMITH"},{"data":"Shrug It Off","floor":10,"key":"SMITH"},{"data":"Perfected Strike","floor":15,"key":"SMITH"},{"data":"Pommel Strike","floor":23,"key":"SMITH"},{"floor":27,"key":"REST"},{"data":"Immolate","floor":32,"key":"SMITH"}],"circlet_count":0,"master_deck":["Strike_R","Strike_R+1","Strike_R","Strike_R","Strike_R","Defend_R","Defend_R","Defend_R","Immolate+1","Clothesline","Pommel Strike+1","Perfected Strike+1","Disarm+1","Shrug It Off+1","Pummel","Flame Barrier","Perfected Strike+1","Bludgeon","Perfected Strike+1","Dual Wield","Seeing Red","Shrug It Off","Sentinel+1","Perfected Strike"],"relics":["Burning Blood","Centennial Puzzle","Shuriken","Regal Pillow","SlaversCollar","DollysMirror","Bag of Preparation","Bottled Lightning","Potion Belt"],"acts_visited":["Exordium","TheCity"],"potions_floor_usage":[13,16,24,24,31,31,33,33],"damage_taken":[{"damage":6,"enemies":"Jaw Worm","floor":1,"turns":3},{"damage":0,"enemies":"Small Slimes","floor":2,"turns":2},{"damage":0,"enemies":"Cultist","floor":5,"turns":3},{"damage":18,"enemies":"Gremlin Nob","floor":6,"turns":4},{"damage":8,"enemies":"Large Slime","floor":11,"turns":4},{"damage":11,"enemies":"3 Louse","floor":13,"turns":2},{"damage":2,"enemies":"Looter","floor":14,"turns":3},{"damage":8,"enemies":"The Guardian","floor":16,"turns":10},{"damage":23,"enemies":"Shell Parasite","floor":18,"turns":6},{"damage":20,"enemies":"2 Thieves","floor":20,"turns":3},{"damage":39,"enemies":"Gremlin Leader","floor":24,"turns":5},{"damage":27,"enemies":"Slavers","floor":28,"turns":5},{"damage":19,"enemies":"Centurion and Healer","floor":29,"turns":5},{"damage":0,"enemies":"Shelled Parasite and Fungi","floor":31,"turns":2},{"damage":74,"enemies":"Automaton","floor":33,"turns":6}],"seed_played":"2478620084223511250","potions_obtained":[{"floor":2,"key":"Explosive Potion"},{"floor":11,"key":"SkillPotion"},{"floor":14,"key":"PowerPotion"},{"floor":16,"key":"Fire Potion"},{"floor":20,"key":"PowerPotion"},{"floor":24,"key":"SneckoOil"},{"floor":28,"key":"Swift Potion"},{"floor":30,"key":"Fire Potion"},{"floor":31,"key":"LiquidBronze"}],"is_trial":false,"path_per_floor":["M","M","$","?","M","E","?","R","T","R","M","?","M","M","R","B",null,"M","$","M","?","?","R","E","?","T","R","E","M","?","M","R","B"],"character_chosen":"IRONCLAD","items_purchased":["Perfected Strike","Disarm","DollysMirror"],"campfire_rested":1,"item_purchase_floors":[3,3,19],"current_hp_per_floor":[80,80,80,73,79,67,51,51,51,51,49,49,44,48,48,46,80,63,63,49,49,49,49,16,16,16,55,34,21,21,27,27,0,0],"gold":204,"neow_bonus":"ONE_RANDOM_RARE_CARD","is_daily":false,"chose_seed":false,"campfire_upgraded":5,"win_rate":0.0,"timestamp":1613283726,"path_taken":["M","M","$","?","M","E","?","R","T","R","M","?","?","M","R","BOSS","M","$","M","?","?","R","E","?","T","R","E","M","?","M","R","BOSS"],"items_purchased_type":["Card","Card","Relic"],"build_version":"2020-12-22","purchased_purges":1,"victory":false,"max_hp_per_floor":[80,80,80,80,80,80,80,80,80,80,80,80,80,80,80,80,80,80,80,80,80,80,80,80,80,80,80,80,80,80,80,80,80,80],"card_choices":[{"not_picked":["Anger","Evolve"],"picked":"Clothesline","floor":1},{"not_picked":["Cleave","True Grit"],"picked":"Pommel Strike","floor":2},{"not_picked":["Searing Blow","Cleave"],"picked":"Shrug It Off","floor":5},{"not_picked":["Uppercut","Combust"],"picked":"Pummel","floor":6},{"not_picked":["Rupture","Immolate"],"picked":"Flame Barrier","floor":11},{"not_picked":["Clothesline","Bloodletting","Evolve"],"picked":"SKIP","floor":13},{"not_picked":["Seeing Red","Wild Strike"],"picked":"Perfected Strike","floor":14},{"not_picked":["Exhume","Berserk"],"picked":"Bludgeon","floor":16},{"not_picked":["Warcry","Feel No Pain","Sword Boomerang"],"picked":"SKIP","floor":18},{"not_picked":["Pommel Strike","Uppercut"],"picked":"Dual Wield","floor":20},{"not_picked":["Body Slam","Juggernaut"],"picked":"Seeing Red","floor":24},{"not_picked":["Dark Embrace","Bloodletting"],"picked":"Sentinel+1","floor":28},{"not_picked":["Sever Soul+1","Hemokinesis+1"],"picked":"Perfected Strike","floor":29},{"not_picked":["Infernal Blade","Warcry","Headbutt"],"picked":"SKIP","floor":31}],"player_experience":215383,"relics_obtained":[{"floor":6,"key":"Shuriken"},{"floor":9,"key":"Regal Pillow"},{"floor":24,"key":"Bag of Preparation"},{"floor":26,"key":"Bottled Lightning"},{"floor":28,"key":"Potion Belt"}],"event_choices":[{"damage_healed":0,"gold_gain":0,"player_choice":"Success","damage_taken":7,"relics_obtained":["Centennial Puzzle"],"max_hp_gain":0,"max_hp_loss":0,"event_name":"Scrap Ooze","floor":4,"gold_loss":0},{"damage_healed":0,"gold_gain":0,"player_choice":"Entered Light","damage_taken":16,"max_hp_gain":0,"max_hp_loss":0,"event_name":"Shining Light","floor":7,"gold_loss":0,"cards_upgraded":["Disarm","Strike_R"]},{"damage_healed":0,"gold_gain":0,"player_choice":"Ignored","damage_taken":0,"max_hp_gain":0,"max_hp_loss":0,"event_name":"NoteForYourself","floor":12,"gold_loss":0},{"damage_healed":0,"gold_gain":99,"player_choice":"Stole From Cult","damage_taken":0,"max_hp_gain":0,"max_hp_loss":0,"event_name":"Nest","floor":21,"gold_loss":0},{"cards_removed":["Defend_R"],"damage_healed":0,"gold_gain":0,"player_choice":"Gave Gold","damage_taken":0,"max_hp_gain":0,"max_hp_loss":0,"event_name":"Beggar","floor":22,"gold_loss":75},{"damage_healed":0,"gold_gain":0,"player_choice":"Read","damage_taken":0,"max_hp_gain":0,"max_hp_loss":0,"event_name":"The Library","floor":25,"gold_loss":0,"cards_obtained":["Shrug It Off"]},{"damage_healed":0,"gold_gain":0,"player_choice":"Bought 1 Potion","damage_taken":0,"max_hp_gain":0,"max_hp_loss":0,"event_name":"The Woman in Blue","floor":30,"gold_loss":0}],"is_beta":false,"boss_relics":[{"not_picked":["Runic Pyramid","Pandora\u0027s Box"],"picked":"SlaversCollar"}],"items_purged_floors":[19],"is_endless":false,"potions_floor_spawned":[2,11,14,16,20,24,28,31],"killed_by":"Automaton","ascension_level":0}}