{"host":"wuernuywc9gl215o","time":1613301776,"event":{"mods":["2.2 Compatiblity","AchievementEnabler","BaseMod","Bestiary","Block Reminder","Displayed Cursed Tome","Highlight Path","Key Reminder","Minty Spire (QoL Compilation)","Permanent Neow","Potion Indicator Mod","Quick Restart","Rare Cards Sparkle","Relic Stats","ojb\u0027s Info Mod"],"gold_per_floor":[12,32,50,62,112,129,161,181,181,212,255,277,320,348,360,444,456,456,406,16,16,16,16,16,16,16,16,16,16,16,16,16,16,16,16,16,16,16,16,16,16,16,16,16,16,16,16,16,16,16,16,16],"floor_reached":51,"language":"ENG","playtime":3795,"items_purged":["Strike_R","Strike_R"],"score":1686,"play_id":"fa25afcd-1d30-4503-ab54-aae48cdf3981","local_time":"20210214112256","is_ascension_mode":true,"campfire_choices":[{"data":"Shockwave","floor":15.0,"key":"SMITH"},{"data":"Feed","floor":24.0,"key":"SMITH"},{"data":"RitualDagger","floor":28.0,"key":"SMITH"},{"data":"Spot Weakness","floor":32.0,"key":"SMITH"},{"data":"Dual Wield","floor":41.0,"key":"SMITH"},{"floor":49,"key":"RECALL"}],"circlet_count":0,"master_deck":["AscendersBane","Strike_R","Strike_R","Strike_R","Defend_R","Defend_R","Defend_R","Defend_R","Bash","Spot Weakness+1","Cleave","Fiend Fire","Flame Barrier","Flame Barrier","Disarm","Shrug It Off","Shockwave+1","Perfected Strike","Shrug It Off","Feed+1","Immolate","Heavy Blade","Battle Trance","RitualDagger+1","Disarm+1","Carnage","Whirlwind+1","Offering","Dual Wield+1","Double Tap","Sword Boomerang+1","Evolve","Havoc","Headbutt"],"relics":["Burning Blood","Magic Flower","Art of War","MawBank","Smiling Mask","Happy Flower","Ectoplasm","Meat on the Bone","HornCleat","Dream Catcher","Bottled Lightning","MealTicket","Vajra","The Courier","Coffee Dripper","Paper Frog","Frozen Egg 2","PreservedInsect"],"acts_visited":["Exordium","TheCity","TheBeyond"],"potions_floor_usage":[51],"damage_taken":[{"damage":10.0,"enemies":"Small Slimes","floor":1.0,"turns":5.0},{"damage":7.0,"enemies":"Cultist","floor":2.0,"turns":4.0},{"damage":1.0,"enemies":"2 Louse","floor":3.0,"turns":2.0},{"damage":17.0,"enemies":"2 Fungi Beasts","floor":4.0,"turns":4.0},{"damage":3.0,"enemies":"3 Louse","floor":6.0,"turns":3.0},{"damage":45.0,"enemies":"3 Sentries","floor":7.0,"turns":11.0},{"damage":1.0,"enemies":"Exordium Thugs","floor":8.0,"turns":4.0},{"damage":14.0,"enemies":"Blue Slaver","floor":10.0,"turns":3.0},{"damage":49.0,"enemies":"Lagavulin","floor":11.0,"turns":10.0},{"damage":1.0,"enemies":"2 Fungi Beasts","floor":12.0,"turns":4.0},{"damage":34.0,"enemies":"Gremlin Nob","floor":13.0,"turns":5.0},{"damage":8.0,"enemies":"Large Slime","floor":14.0,"turns":7.0},{"damage":15.0,"enemies":"The Guardian","floor":16.0,"turns":11.0},{"damage":14.0,"enemies":"Spheric Guardian","floor":18.0,"turns":4.0},{"damage":0.0,"enemies":"Gremlin Leader","floor":23.0,"turns":4.0},{"damage":9.0,"enemies":"Book of Stabbing","floor":27.0,"turns":7.0},{"damage":49.0,"enemies":"Slavers","floor":29.0,"turns":6.0},{"damage":0.0,"enemies":"3 Byrds","floor":30.0,"turns":2.0},{"damage":29.0,"enemies":"Gremlin Leader","floor":31.0,"turns":8.0},{"damage":55.0,"enemies":"Automaton","floor":33.0,"turns":10.0},{"damage":0.0,"enemies":"3 Shapes","floor":35.0,"turns":5.0},{"damage":0.0,"enemies":"Orb Walker","floor":36.0,"turns":3.0},{"damage":22.0,"enemies":"Writhing Mass","floor":37.0,"turns":6.0},{"damage":47.0,"enemies":"Spire Growth","floor":38.0,"turns":6.0},{"damage":28.0,"enemies":"Transient","floor":39.0,"turns":6.0},{"damage":34.0,"enemies":"Nemesis","floor":40.0,"turns":9.0},{"damage":16.0,"enemies":"Reptomancer","floor":42.0,"turns":4.0},{"damage":6.0,"enemies":"Maw","floor":45.0,"turns":4.0},{"damage":6,"enemies":"4 Shapes","floor":46,"turns":5},{"damage":6,"enemies":"Sphere and 2 Shapes","floor":47,"turns":3},{"damage":81,"enemies":"Giant Head","floor":48,"turns":8},{"damage":116,"enemies":"Awakened One","floor":50,"turns":14},{"damage":48,"enemies":"Time Eater","floor":51,"turns":4}],"seed_played":"1824750002918968224","potions_obtained":[{"floor":1.0,"key":"Regen Potion"},{"floor":4.0,"key":"Swift Potion"},{"floor":7.0,"key":"BloodPotion"},{"floor":12.0,"key":"Block Potion"},{"floor":16.0,"key":"Strength Potion"},{"floor":18.0,"key":"DistilledChaos"},{"floor":30.0,"key":"DistilledChaos"},{"floor":31.0,"key":"Weak Potion"},{"floor":35.0,"key":"ColorlessPotion"},{"floor":36.0,"key":"FairyPotion"},{"floor":44.0,"key":"SpeedPotion"}],"is_trial":false,"path_per_floor":["M","M","M","M","?","M","E","M","T","M","E","M","E","M","R","B",null,"M","$","$","?","?","E","R","?","T","E","R","E","M","E","R","B",null,"M","M","M","M","M","E","R","E","T","?","M","M","M","E","R","B","B"],"character_chosen":"IRONCLAD","items_purchased":["Battle Trance","Meat on the Bone"],"campfire_rested":0,"item_purchase_floors":[20,20],"current_hp_per_floor":[67,69,75,67,67,73,61,69,69,64,24,32,30,31,31,25,63,63,63,63,57,35,67,67,67,67,67,67,51,60,64,64,36,80,95,98,85,71,70,63,63,74,74,74,77,86,95,47,47,43,0,0],"gold":16,"neow_bonus":"ONE_RARE_RELIC","is_daily":false,"chose_seed":false,"campfire_upgraded":5,"win_rate":0.0,"timestamp":1613301776,"path_taken":["M","M","M","M","?","M","E","M","T","M","E","?","E","M","R","BOSS","M","?","$","?","?","E","R","?","T","E","R","E","M","E","R","BOSS","M","M","M","M","?","E","R","E","T","?","M","M","?","E","R","BOSS","BOSS"],"items_purchased_type":["Card","Relic"],"build_version":"2020-12-22","purchased_purges":2,"victory":false,"max_hp_per_floor":[75,75,75,75,75,75,75,75,75,75,75,75,75,75,75,75,75,78,78,78,78,83,86,86,86,86,86,86,90,90,94,94,94,94,98,98,98,102,102,102,102,102,102,102,102,106,110,114,114,114,114,114],"relic_stats":{"Happy Flower":[45],"counters":[33,191],"Magic Flower":[203],"PreservedInsect":0,"MawBank":96,"Smiling Mask":75,"Burning Blood":280,"Dream Catcher":0,"MealTicket":0,"Ectoplasm":461,"Art of War":[19],"obtain_stats":[{"Happy Flower":13,"Magic Flower":0,"Vajra":29,"The Courier":31,"PreservedInsect":48,"Frozen Egg 2":42,"MawBank":9,"Smiling Mask":11,"Burning Blood":0,"keyreminder:keyreminder":29,"Dream Catcher":25,"HornCleat":23,"MealTicket":27,"Ectoplasm":17,"Art of War":7,"Coffee Dripper":34,"Bottled Lightning":26,"Meat on the Bone":20,"Paper Frog":40},{"Happy Flower":11,"Magic Flower":0,"Vajra":17,"The Courier":19,"PreservedInsect":31,"Frozen Egg 2":27,"MawBank":7,"Smiling Mask":9,"Burning Blood":0,"keyreminder:keyreminder":17,"Dream Catcher":15,"HornCleat":15,"MealTicket":16,"Ectoplasm":13,"Art of War":6,"Coffee Dripper":20,"Bottled Lightning":15,"Meat on the Bone":14,"Paper Frog":26},{"Happy Flower":55,"Magic Flower":0,"Vajra":94,"The Courier":104,"PreservedInsect":173,"Frozen Egg 2":153,"MawBank":33,"Smiling Mask":46,"Burning Blood":0,"keyreminder:keyreminder":94,"Dream Catcher":81,"HornCleat":81,"MealTicket":88,"Ectoplasm":73,"Art of War":29,"Coffee Dripper":114,"Bottled Lightning":81,"Meat on the Bone":77,"Paper Frog":149}],"Meat on the Bone":180},"card_choices":[{"not_picked":["Pommel Strike","Clash"],"picked":"Spot Weakness","floor":1.0},{"not_picked":["Clash","Flex"],"picked":"Cleave","floor":2.0},{"not_picked":["Heavy Blade","Thunderclap"],"picked":"Fiend Fire","floor":3.0},{"not_picked":["Perfected Strike","Clothesline"],"picked":"Flame Barrier","floor":4.0},{"not_picked":["Warcry","Flex","Thunderclap"],"picked":"SKIP","floor":6.0},{"not_picked":["Havoc","Shrug It Off"],"picked":"Flame Barrier","floor":7.0},{"not_picked":["Bloodletting","Twin Strike"],"picked":"Disarm","floor":8.0},{"not_picked":["Heavy Blade","Fire Breathing"],"picked":"Shrug It Off","floor":10.0},{"not_picked":["True Grit","Barricade"],"picked":"Shockwave","floor":11.0},{"not_picked":["Cleave","Infernal Blade"],"picked":"Perfected Strike","floor":12.0},{"not_picked":["Cleave","Wild Strike"],"picked":"Shrug It Off","floor":13.0},{"not_picked":["Armaments","Clash"],"picked":"Feed","floor":14.0},{"not_picked":["Juggernaut","Offering"],"picked":"Immolate","floor":16.0},{"not_picked":["Sentinel","Cleave"],"picked":"Heavy Blade","floor":18.0},{"not_picked":["Barricade","Dual Wield"],"picked":"Disarm+1","floor":23.0},{"not_picked":["Seeing Red","True Grit","Clothesline"],"picked":"SKIP","floor":27.0},{"not_picked":["Cleave","Wild Strike"],"picked":"Carnage","floor":29.0},{"not_picked":["Clothesline","Clash","Fiend Fire"],"picked":"SKIP","floor":30.0},{"not_picked":["Uppercut","Flame Barrier"],"picked":"Whirlwind+1","floor":31.0},{"not_picked":["Fiend Fire","Exhume"],"picked":"Offering","floor":33.0},{"not_picked":["Blood for Blood","Rupture","Twin Strike"],"picked":"SKIP","floor":35.0},{"not_picked":["Clash","Flame Barrier","Iron Wave"],"picked":"SKIP","floor":36.0},{"not_picked":["Bloodletting","Infernal Blade"],"picked":"Dual Wield","floor":37.0},{"not_picked":["Clothesline","Perfected Strike"],"picked":"Double Tap","floor":38.0},{"not_picked":["Flex+1","Clash"],"picked":"Sword Boomerang+1","floor":39.0},{"not_picked":["Body Slam","Battle Trance"],"picked":"Evolve","floor":40.0},{"not_picked":["Carnage","Wild Strike"],"picked":"Havoc","floor":42.0},{"not_picked":["Infernal Blade","Flex","Reckless Charge"],"picked":"SKIP","floor":45.0},{"not_picked":["Cleave","Iron Wave","Sword Boomerang"],"picked":"SKIP","floor":46},{"not_picked":["Inflame+1","Twin Strike","Searing Blow+1"],"picked":"SKIP","floor":47},{"not_picked":["Combust+1","Uppercut"],"picked":"Headbutt","floor":48}],"player_experience":961934,"relics_obtained":[{"floor":7.0,"key":"Art of War"},{"floor":9.0,"key":"MawBank"},{"floor":11.0,"key":"Smiling Mask"},{"floor":13.0,"key":"Happy Flower"},{"floor":23.0,"key":"HornCleat"},{"floor":26.0,"key":"Bottled Lightning"},{"floor":27.0,"key":"MealTicket"},{"floor":29.0,"key":"Vajra"},{"floor":31.0,"key":"The Courier"},{"floor":40.0,"key":"Paper Frog"},{"floor":42.0,"key":"Frozen Egg 2"},{"floor":48,"key":"PreservedInsect"}],"event_choices":[{"damage_healed":0.0,"max_hp_gain":0.0,"max_hp_loss":0.0,"gold_gain":50.0,"event_name":"Golden Shrine","player_choice":"Pray","floor":5.0,"gold_loss":0.0,"damage_taken":0.0},{"damage_healed":0.0,"max_hp_gain":0.0,"max_hp_loss":0.0,"gold_gain":0.0,"event_name":"Nest","player_choice":"Joined the Cult","floor":21.0,"gold_loss":0.0,"damage_taken":6.0,"cards_obtained":["RitualDagger"]},{"damage_healed":0.0,"max_hp_gain":5.0,"max_hp_loss":0.0,"gold_gain":0.0,"event_name":"Forgotten Altar","player_choice":"Shed Blood","floor":22.0,"gold_loss":0.0,"damage_taken":27.0},{"damage_healed":0.0,"max_hp_gain":0.0,"max_hp_loss":0.0,"gold_gain":0.0,"event_name":"WeMeetAgain","player_choice":"Gave Potion","floor":25.0,"gold_loss":0.0,"damage_taken":0.0,"relics_obtained":["Dream Catcher"]},{"damage_healed":0.0,"max_hp_gain":0.0,"max_hp_loss":0.0,"gold_gain":0.0,"event_name":"Lab","player_choice":"Got Potions","floor":44.0,"gold_loss":0.0,"damage_taken":0.0}],"is_beta":false,"boss_relics":[{"not_picked":["Busted Crown","SlaversCollar"],"picked":"Ectoplasm"},{"not_picked":["Astrolabe","Philosopher\u0027s Stone"],"picked":"Coffee Dripper"}],"items_purged_floors":[19,20],"is_endless":false,"potions_floor_spawned":[1,4,7,12,16,18,30,31,35,36,45],"killed_by":"Time Eater","ascension_level":20}}