{"host":"hgppx942rrnelsya","time":1613337961,"event":{"mods":["Act Like it!","BaseMod","Friendly Minions","Gensokyo","GifTheSpireLib","Hallownest","KinomotoSakuraMod(????)","Koishi","Marisa????????","Minty Spire (QoL Compilation)","Prisma Mod","Remilia??????","StSLib","The Alterego","The Animator","The Forsaken","The Hierophant","The Mystic","The Runesmith","The Servant 0.9.4"],"gold_per_floor":[122,27,38,49,64,94,107,107,107,130,130,143,143,60,60,163,163,180,195,155,174,216,216,249,249,249,249,249],"floor_reached":27,"language":"ENG","playtime":1616,"items_purged":[],"score":237,"play_id":"8cefab66-a8a8-4234-a050-cd962a93b45f","local_time":"20210214212601","is_ascension_mode":false,"campfire_choices":[{"floor":11,"key":"REST"},{"floor":13,"key":"REST"},{"floor":15,"key":"DIG"},{"floor":23,"key":"REST"}],"circlet_count":0,"master_deck":["animator:Strike_OwariNoSeraph","animator:Defend_OwariNoSeraph","animator:Strike","animator:Strike","animator:Strike","animator:Defend","animator:Defend","animator:Defend","animator:Shinoa","animator:Mikaela","animator:Mitsuba","animator:Shuna","animator:QuestionMark+1","animator:Yuuichirou","animator:Souei","animator:Benimaru+1","animator:Yoichi","animator:Yoichi","animator:Zero","animator:Rimuru","animator:Hakurou","animator:CrowleyEusford","animator:Shigure","animator:KyokoSakura","animator:CrowleyEusford"],"relics":["animator:LivingPicture","animator:TheMissingPiece","Matryoshka","Lantern","Shovel","Omamori","Calling Bell","Dream Catcher","Toxic Egg 2","TungstenRod","Bag of Preparation","Nilry\u0027s Codex","Anchor"],"acts_visited":["Exordium","TheCity"],"potions_floor_usage":[10,10,16,16,16,18,21,24],"damage_taken":[{"damage":0,"enemies":"2 Louse","floor":1,"turns":3},{"damage":0,"enemies":"Small Slimes","floor":3,"turns":3},{"damage":0,"enemies":"Cultist","floor":4,"turns":4},{"damage":6,"enemies":"Large Slime","floor":5,"turns":6},{"damage":34,"enemies":"Lagavulin","floor":6,"turns":6},{"damage":2,"enemies":"Blue Slaver","floor":7,"turns":5},{"damage":6,"enemies":"3 Louse","floor":10,"turns":5},{"damage":12,"enemies":"Exordium Wildlife","floor":12,"turns":4},{"damage":36,"enemies":"Slime Boss","floor":16,"turns":12},{"damage":12,"enemies":"3 Byrds","floor":18,"turns":6},{"damage":8,"enemies":"Chosen","floor":19,"turns":5},{"damage":8,"enemies":"Centurion and Healer","floor":21,"turns":8},{"damage":11,"enemies":"Snake Plant","floor":22,"turns":5},{"damage":29,"enemies":"animator:HornedBat","floor":24,"turns":10},{"damage":16,"enemies":"Cultist and Chosen","floor":27,"turns":4}],"seed_played":"5019109662465857564","potions_obtained":[{"floor":4,"key":"EntropicBrew"},{"floor":5,"key":"Weak Potion"},{"floor":16,"key":"Ancient Potion"},{"floor":19,"key":"Weak Potion"},{"floor":24,"key":"EntropicBrew"}],"is_trial":false,"path_per_floor":["M","$","M","M","M","E","M","?","T","M","R","M","R","$","R","B",null,"M","M","?","M","M","R","E","?","T","M"],"character_chosen":"THE_ANIMATOR","items_purchased":["animator:QuestionMark","animator:Zero"],"campfire_rested":3,"item_purchase_floors":[2,14],"current_hp_per_floor":[66,66,67,67,61,27,25,25,25,19,39,27,47,47,47,11,67,55,48,48,40,29,49,20,8,8,0,0],"gold":249,"neow_bonus":"THREE_CARDS","is_daily":false,"chose_seed":false,"campfire_upgraded":0,"win_rate":0.0,"timestamp":1613337961,"path_taken":["M","$","M","M","M","E","M","?","T","M","R","M","R","$","R","BOSS","M","M","?","?","M","R","E","?","T","M"],"items_purchased_type":["Card","Card"],"build_version":"2020-12-22","purchased_purges":0,"victory":false,"max_hp_per_floor":[66,66,67,67,67,67,67,67,67,67,67,67,67,67,67,67,67,67,68,68,68,68,68,68,68,68,68,68],"card_choices":[{"not_picked":["animator:Chung","animator:KyokoSakura"],"picked":"animator:Mitsuba","floor":0},{"not_picked":["animator:Raven","animator:Kuribayashi"],"picked":"animator:Shuna","floor":1},{"not_picked":["animator:Mikaela","animator:YaoHaDucy"],"picked":"animator:Yuuichirou","floor":3},{"not_picked":["animator:RoryMercury","animator:GazelDwargon"],"picked":"animator:Souei","floor":4},{"not_picked":["animator:Hakurou","animator:Shuna"],"picked":"animator:Benimaru","floor":5},{"not_picked":["animator:Jibril","animator:HomuraAkemi","animator:IzunaHatsuse"],"picked":"SKIP","floor":6},{"not_picked":["animator:DolaRiku","animator:Kuribayashi","animator:Rena"],"picked":"SKIP","floor":7},{"not_picked":["animator:PandorasActor","animator:DolaCouronne"],"picked":"animator:Yoichi","floor":10},{"not_picked":["animator:KrulTepes","animator:Shinoa"],"picked":"animator:Yoichi","floor":12},{"not_picked":["animator:Ainz","animator:Kyubey"],"picked":"animator:Rimuru","floor":16},{"not_picked":["animator:Chung+1","animator:SayakaMiki+1"],"picked":"animator:Hakurou","floor":18},{"not_picked":["animator:Bozes","animator:Ara"],"picked":"animator:CrowleyEusford","floor":19},{"not_picked":["animator:NarberalGamma+1","animator:LeleiLaLalena+1","animator:Raven"],"picked":"SKIP","floor":21},{"not_picked":["animator:Yuuichirou","animator:Mikaela"],"picked":"animator:Shigure","floor":22},{"not_picked":["animator:ItamiYouji","animator:Elsword"],"picked":"animator:KyokoSakura","floor":23},{"not_picked":["animator:Lu+1","animator:Cocytus"],"picked":"animator:CrowleyEusford","floor":24}],"player_experience":59206,"relics_obtained":[{"floor":6,"key":"Matryoshka"},{"floor":9,"key":"Lantern"},{"floor":9,"key":"Shovel"},{"floor":15,"key":"Omamori"},{"floor":17,"key":"Dream Catcher"},{"floor":17,"key":"Toxic Egg 2"},{"floor":17,"key":"TungstenRod"},{"floor":24,"key":"Bag of Preparation"},{"floor":25,"key":"Nilry\u0027s Codex"},{"floor":26,"key":"Anchor"}],"event_choices":[{"damage_healed":0,"gold_gain":0,"player_choice":"Grow","damage_taken":0,"max_hp_gain":0,"max_hp_loss":0,"event_name":"Living Wall","floor":8,"gold_loss":0,"cards_upgraded":["animator:QuestionMark"]},{"damage_healed":0,"gold_gain":0,"player_choice":"Upgrade","damage_taken":0,"max_hp_gain":0,"max_hp_loss":0,"event_name":"Designer","floor":20,"gold_loss":40,"cards_upgraded":["animator:Benimaru"]},{"damage_healed":0,"gold_gain":0,"player_choice":"Obtained Book","damage_taken":16,"max_hp_gain":0,"max_hp_loss":0,"event_name":"Cursed Tome","floor":25,"gold_loss":0}],"is_beta":false,"boss_relics":[{"not_picked":["animator:RacePiece","Empty Cage"],"picked":"Calling Bell"}],"items_purged_floors":[],"is_endless":false,"potions_floor_spawned":[4,5,10,16,19,24],"killed_by":"Cultist and Chosen","ascension_level":0}}