{"host":"1ftto2vaskemldx8","time":1613308761,"event":{"mods":["BaseMod","Minty Spire (QoL Compilation)","Replay The Spire","StSLib","Together in Spire","[功能]功能增强和修复MOD"],"gold_per_floor":[213,239,66,66,85,117,4,4,4,36,92,104,132,42,42,316,316,329,329,329,168,188,223,223,251,338,350,392,422,317,334,334,634,634,648,546,566,578,441,470,486,486,512,512,423,439,283,308,308,308],"floor_reached":51,"language":"ZHS","playtime":5058,"items_purged":["Strike_G","Strike_G","Defend_G","Defend_G","Strike_G","Strike_G","Defend_G","Strike_G","Defend_G","Writhe","Injury","Survivor","Neutralize"],"score":1132,"play_id":"a7b49031-fdca-4eb4-a375-f67b97f4a46a","local_time":"20210214211921","is_ascension_mode":true,"campfire_choices":[{"data":"Apotheosis","floor":8,"key":"SMITH"},{"data":"Infinite Blades","floor":24,"key":"SMITH"},{"floor":32,"key":"DIG"},{"data":"A Thousand Cuts","floor":42,"key":"SMITH"},{"data":"Magnetism","floor":44,"key":"SMITH"},{"data":"Burst","floor":49,"key":"SMITH"}],"circlet_count":0,"master_deck":["Blade Dance","Acrobatics","Backstab+1","Backstab+1","Hidden Blade","Enlightenment+1","Apotheosis+1","ReplayTheSpireMod:From All Sides","Hidden Blade+1","Outmaneuver","Phantasmal Killer","Cloak And Dagger","Deflect","Burst+1","Infinite Blades+1","Backstab+1","Slice","Leg Sweep","Replay:Bag of Tricks","After Image","A Thousand Cuts+1","After Image","Deflect","Slice","Expertise+1","Magnetism+1","Dodge and Roll","Backflip","Finisher","Escape Plan","Deflect","Unload","Adrenaline+1","Wraith Form v2+1","Deflect","Escape Plan+1","Accuracy+1","Panache+1","Outmaneuver+1","Choke+1","Well Laid Plans+1","Accuracy+1","Panache+1","Backstab+1"],"relics":["Ring of the Snake","Bag of Marbles","Bird Faced Urn","Matryoshka","Letter Opener","Ninja Scroll","Replay:Bottled Eggs","Replay:Bottled Flurry","Du-Vu Doll","Oddly Smooth Stone","Snake Skull","MealTicket","Black Star","Bronze Scales","Gambling Chip","ReplayFunnel","Centennial Puzzle","Strawberry","Snack Pack","MawBank","Potion Belt","InkBottle","Dream Catcher","Bottled Flame","Quantum Egg","Toolbox","Frozen Egg 2","War Paint","Replay:Towering Pillar of Hats","HandDrill","Chameleon Ring","Golden Egg","Ice Cream","ReplayTheSpireMod:Shallot","Replay:Rubber Ducky","PreservedInsect","Replay:WaspNest","ReplayTheSpireMod:Lightbulb","Orichalcum","TwistedFunnel","Replay:Mystery Machine","Toy Ornithopter"],"acts_visited":["Exordium","TheCity","TheBeyond"],"potions_floor_usage":[10,11,13,16,16,25,25,28,28,31,33,40,40,41,41,46,48,48,48,50],"damage_taken":[{"damage":4,"enemies":"Jaw Worm","floor":1,"turns":7},{"damage":0,"enemies":"Small Slimes","floor":5,"turns":1},{"damage":0,"enemies":"Lagavulin","floor":6,"turns":4},{"damage":5,"enemies":"3 Sentries","floor":10,"turns":4},{"damage":0,"enemies":"Gremlin Nob","floor":11,"turns":2},{"damage":0,"enemies":"Cultist","floor":12,"turns":1},{"damage":0,"enemies":"Lagavulin","floor":13,"turns":3},{"damage":14,"enemies":"Hexaghost","floor":16,"turns":4},{"damage":0,"enemies":"Shell Parasite","floor":18,"turns":1},{"damage":0,"enemies":"2 Thieves","floor":22,"turns":1},{"damage":0,"enemies":"Slavers","floor":23,"turns":2},{"damage":11,"enemies":"Gremlin Leader","floor":25,"turns":5},{"damage":7,"enemies":"Replay:Snechameleon","floor":28,"turns":2},{"damage":0,"enemies":"Sentry and Sphere","floor":29,"turns":3},{"damage":0,"enemies":"Centurion and Healer","floor":31,"turns":3},{"damage":11,"enemies":"Collector","floor":33,"turns":5},{"damage":0,"enemies":"3 Darklings","floor":35,"turns":1},{"damage":4,"enemies":"3 Shapes","floor":37,"turns":1},{"damage":0,"enemies":"Jaw Worm Horde","floor":38,"turns":1},{"damage":0,"enemies":"R_Hoarder","floor":40,"turns":3},{"damage":0,"enemies":"Writhing Mass","floor":41,"turns":4},{"damage":0,"enemies":"Spire Growth","floor":46,"turns":3},{"damage":0,"enemies":"Giant Head","floor":48,"turns":4},{"damage":4,"enemies":"Time Eater","floor":50,"turns":7}],"seed_played":"-3425360011689369128","potions_obtained":[{"floor":1,"key":"SpeedPotion"},{"floor":1,"key":"Explosive Potion"},{"floor":2,"key":"Poison Potion"},{"floor":10,"key":"BlessingOfTheForge"},{"floor":11,"key":"Explosive Potion"},{"floor":13,"key":"Poison Potion"},{"floor":13,"key":"LiquidMemories"},{"floor":16,"key":"SneckoOil"},{"floor":22,"key":"Block Potion"},{"floor":25,"key":"Regen Potion"},{"floor":28,"key":"Toxic Potion"},{"floor":31,"key":"GhostInAJar"},{"floor":31,"key":"Toxic Potion"},{"floor":33,"key":"Milkshake"},{"floor":35,"key":"SkillPotion"},{"floor":37,"key":"Fire Potion"},{"floor":40,"key":"Poison Potion"},{"floor":40,"key":"SpeedPotion"},{"floor":40,"key":"SkillPotion"},{"floor":41,"key":"Dexterity Potion"},{"floor":41,"key":"FearPotion"},{"floor":46,"key":"SmokeBomb"}],"is_trial":false,"path_per_floor":["M","?","$","?","M","E","$","R","T","E","?","M","E","$","R","B",null,"M","?","?","$","M","E","R","E","T","?","E","M","$","M","R","B",null,"M","$","M","M","$","E","M","R","T","R","$","M","$","E","R","B",null],"character_chosen":"THE_SILENT","items_purchased":["Bag of Marbles","Backstab","Footwork","Hidden Blade","Enlightenment","Apotheosis","ReplayTheSpireMod:From All Sides","Matryoshka","Letter Opener","Snake Skull","Infinite Blades","Backstab+1","Slice","Leg Sweep","Deflect","Gambling Chip","ReplayFunnel","Slice","Expertise+1","Magnetism","Finisher","Escape Plan","Quantum Egg","Toolbox","Replay:Towering Pillar of Hats","HandDrill","Deflect","Panache+1","Chameleon Ring","Golden Egg","PreservedInsect","Replay:WaspNest","Well Laid Plans+1","ReplayTheSpireMod:Lightbulb","Orichalcum","TwistedFunnel","Panache+1","Backstab"],"campfire_rested":0,"item_purchase_floors":[3,3,3,3,3,3,3,7,7,14,14,14,14,14,21,21,21,21,21,21,30,30,30,30,36,36,36,39,39,39,45,45,45,47,47,47,47,47],"current_hp_per_floor":[66,66,66,66,66,66,66,66,66,61,61,61,61,61,61,47,70,70,70,70,70,70,77,77,66,66,66,72,77,77,77,77,77,77,77,77,77,77,77,77,77,77,77,77,77,77,77,77,77,77],"gold":308,"neow_bonus":"HUNDRED_GOLD","is_daily":false,"chose_seed":false,"campfire_upgraded":5,"win_rate":0.0,"timestamp":1613308761,"path_taken":["M","?","$","?","M","E","$","R","T","E","?","M","E","$","R","BOSS","M","?","?","$","M","E","R","E","T","?","E","M","$","M","R","BOSS","M","$","?","M","$","E","M","R","T","R","$","M","$","E","R","BOSS"],"items_purchased_type":["Relic","Card","Card","Card","Card","Card","Card","Relic","Relic","Relic","Card","Card","Card","Card","Card","Relic","Relic","Card","Card","Card","Card","Card","Relic","Relic","Relic","Relic","Card","Card","Relic","Relic","Relic","Relic","Card","Relic","Relic","Relic","Card","Card"],"build_version":"2020-12-22","purchased_purges":13,"victory":true,"max_hp_per_floor":[70,70,70,70,70,70,70,70,70,70,70,70,70,70,70,70,70,70,70,70,70,70,77,77,77,77,77,77,77,77,77,77,77,77,77,77,77,77,77,77,77,77,77,77,77,77,77,77,77,77],"card_choices":[{"not_picked":["Eviscerate","Infinite Blades"],"picked":"Blade Dance","floor":1},{"not_picked":["Noxious Fumes","Catalyst"],"picked":"Acrobatics","floor":2},{"not_picked":["Finisher","Slice"],"picked":"Outmaneuver","floor":5},{"not_picked":["Skewer","Hidden Blade"],"picked":"Phantasmal Killer","floor":6},{"not_picked":["Flying Knee","Blade Dance"],"picked":"Cloak And Dagger","floor":10},{"not_picked":["Prepared","Dodge and Roll"],"picked":"Deflect","floor":12},{"not_picked":["Acrobatics","ReplayTheSpireMod:Shiv Toss"],"picked":"Burst","floor":13},{"not_picked":["ReplayTheSpireMod:From All Sides","Night Terror"],"picked":"After Image","floor":16},{"not_picked":["ReplayTheSpireMod:From All Sides","Corpse Explosion"],"picked":"A Thousand Cuts","floor":16},{"not_picked":["Glass Knife","Bullet Time"],"picked":"After Image","floor":16},{"not_picked":["Deadly Poison","Bane","Quick Slash+1"],"picked":"SKIP","floor":18},{"not_picked":["Skewer+1","Slice","Poisoned Stab+1"],"picked":"SKIP","floor":22},{"not_picked":["Slice","ReplayTheSpireMod:From All Sides"],"picked":"Dodge and Roll","floor":23},{"not_picked":["Deadly Poison","Sucker Punch","Catalyst"],"picked":"SKIP","floor":25},{"not_picked":["Hidden Blade+1","Blade Dance","Bouncing Flask+1"],"picked":"SKIP","floor":28},{"not_picked":["Dagger Spray","Distraction"],"picked":"Backflip","floor":29},{"not_picked":["PiercingWail","Blade Dance"],"picked":"Deflect","floor":31},{"not_picked":["Poison Darts","Bullet Time"],"picked":"Unload","floor":33},{"not_picked":["Bullet Time","Die Die Die"],"picked":"Adrenaline","floor":33},{"not_picked":["Poison Darts","Malaise"],"picked":"Wraith Form v2+1","floor":33},{"not_picked":["Underhanded Strike","Endless Agony","Sneak Up"],"picked":"SKIP","floor":35},{"not_picked":["Dodge and Roll","Masterful Stab"],"picked":"Escape Plan+1","floor":37},{"not_picked":["Cloak And Dagger+1","Poisoned Stab+1"],"picked":"Accuracy+1","floor":38},{"not_picked":["Dodge and Roll","Expertise"],"picked":"Outmaneuver+1","floor":40},{"not_picked":["Slice+1","Quick Slash"],"picked":"Choke+1","floor":41},{"not_picked":["Prepared+1","After Image+1"],"picked":"Accuracy+1","floor":46},{"not_picked":["Predator","Flying Knee+1","Outmaneuver"],"picked":"SKIP","floor":48}],"player_experience":76872,"relics_obtained":[{"floor":6,"key":"Bird Faced Urn"},{"floor":9,"key":"Ninja Scroll"},{"floor":9,"key":"Replay:Bottled Eggs"},{"floor":10,"key":"Replay:Bottled Flurry"},{"floor":11,"key":"Du-Vu Doll"},{"floor":13,"key":"Oddly Smooth Stone"},{"floor":16,"key":"MealTicket"},{"floor":23,"key":"Centennial Puzzle"},{"floor":23,"key":"Strawberry"},{"floor":25,"key":"Snack Pack"},{"floor":25,"key":"MawBank"},{"floor":26,"key":"Potion Belt"},{"floor":26,"key":"InkBottle"},{"floor":28,"key":"Dream Catcher"},{"floor":28,"key":"Bottled Flame"},{"floor":32,"key":"Frozen Egg 2"},{"floor":33,"key":"War Paint"},{"floor":40,"key":"Ice Cream"},{"floor":40,"key":"ReplayTheSpireMod:Shallot"},{"floor":43,"key":"Replay:Rubber Ducky"},{"floor":48,"key":"Replay:Mystery Machine"},{"floor":48,"key":"Toy Ornithopter"}],"event_choices":[{"damage_healed":0,"gold_gain":0,"player_choice":"Searched \u00272\u0027 times","damage_taken":0,"max_hp_gain":0,"max_hp_loss":0,"event_name":"Dead Adventurer","floor":11,"gold_loss":0},{"damage_healed":0,"gold_gain":0,"player_choice":"Opened","damage_taken":0,"relics_obtained":["Bronze Scales"],"max_hp_gain":0,"max_hp_loss":0,"event_name":"The Mausoleum","floor":19,"gold_loss":0,"cards_obtained":["Writhe"]},{"damage_healed":0,"gold_gain":0,"player_choice":"1 cards matched","damage_taken":0,"max_hp_gain":0,"max_hp_loss":0,"event_name":"Match and Keep!","floor":27,"gold_loss":0,"cards_obtained":["Injury"]}],"is_beta":false,"boss_relics":[{"not_picked":["SlaversCollar","Velvet Choker"],"picked":"Black Star"},{"not_picked":["Runic Dome","Snecko Scales","Runic Pyramid"]}],"items_purged_floors":[3,3,3,3,7,7,14,14,21,30,30,39,47],"is_endless":false,"potions_floor_spawned":[1,1,5,5,6,10,11,13,13,16,22,23,25,28,31,31,33,35,37,40,40,40,41,41,46],"ascension_level":3}}