{"host":"8injpn8qs0kr8sd6","time":1613280593,"event":{"mods":["Act Like it!","BaseMod","Downfall","KinomotoSakuraMod(Ä¾Ö®±¾Ó£)","Marisa£¨ìFÓê¡¡Ä§ÀíÉ³£©","Minty Spire (QoL Compilation)","Quick Restart","Reimu£¨²©ÀöÁéÃÎ£©","RumiaBox-Â¶Ã×æ«µÄÉñÃØºÐ×Ó","Spicy Shops","StSLib","¡¾ÒÅÎï¿¨ÅÆ¡¿REMEMod"],"gold_per_floor":[116,116,127,139,139,139,159,185,185,203,94,94,94,105,105,203,203,173,173],"floor_reached":18,"language":"ZHS","playtime":833,"items_purged":["Strike_MRS"],"score":194,"play_id":"63c5cfdc-baa0-45b8-9907-3188f655f3bb","local_time":"20210214132953","is_ascension_mode":true,"campfire_choices":[{"data":"MilkyWay","floor":6,"key":"SMITH"},{"data":"DragonMeteor","floor":12,"key":"SMITH"},{"data":"OortCloud","floor":15,"key":"SMITH"}],"circlet_count":0,"master_deck":["Strike_MRS","Defend_MRS","Defend_MRS","Defend_MRS","Defend_MRS","MasterSpark","UpSweep","Strike_MRS","DarkMatter","MilkyWay+1","OortCloud+1","DarkMatter","SuperNova"],"relics":["MiniHakkero","REME_ComplimentaryCards","NeowsBlessing","Baka","MagicDraw4","GodSword7","Empty Cage"],"acts_visited":["Exordium","TheCity"],"potions_floor_usage":[8,14,14,14,18],"damage_taken":[{"damage":0,"enemies":"Jaw Worm","floor":1,"turns":1},{"damage":0,"enemies":"Cultist","floor":3,"turns":1},{"damage":0,"enemies":"2 Louse","floor":4,"turns":1},{"damage":7,"enemies":"Gremlin Gang","floor":7,"turns":4},{"damage":42,"enemies":"Lagavulin","floor":8,"turns":6},{"damage":8,"enemies":"Blue Slaver","floor":10,"turns":3},{"damage":11,"enemies":"Large Slime","floor":14,"turns":4},{"damage":14,"enemies":"Hexaghost","floor":16,"turns":7},{"damage":2,"enemies":"2 Thieves","floor":18,"turns":2}],"seed_played":"4824666394413892166","potions_obtained":[{"floor":3,"key":"Swift Potion"},{"floor":10,"key":"AttackPotion"},{"floor":13,"key":"SneckoOil"},{"floor":13,"key":"PowerPotion"},{"floor":14,"key":"SteroidPotion"},{"floor":16,"key":"ShroomBrew"}],"is_trial":false,"path_per_floor":["M","?","M","M","?","R","M","E","T","M","$","R","?","M","R","B",null,"M"],"character_chosen":"MARISA","items_purchased":["DragonMeteor"],"campfire_rested":0,"item_purchase_floors":[11],"current_hp_per_floor":[75,75,75,75,80,80,73,31,31,23,23,23,23,12,12,12,80,78,78],"gold":173,"neow_bonus":"THREE_ENEMY_KILL","is_daily":false,"chose_seed":false,"campfire_upgraded":3,"win_rate":0.0,"timestamp":1613280593,"path_taken":["M","?","M","?","?","R","M","E","T","M","$","R","?","M","R","BOSS","M"],"items_purchased_type":["Card"],"build_version":"2020-12-22","purchased_purges":1,"victory":false,"max_hp_per_floor":[75,75,75,75,80,80,80,80,80,80,80,80,80,80,80,80,80,80,80],"card_choices":[{"not_picked":["DoubleSpark","GalacticHalo","OrrerysSun"],"picked":"SKIP","floor":1},{"not_picked":["UnstableBomb","MysteriousBeam"],"picked":"DarkMatter","floor":3},{"not_picked":["IllusionStar","ChargingUp"],"picked":"MilkyWay","floor":4},{"not_picked":["AsteroidBelt","Orbital","PropBag"],"picked":"SKIP","floor":7},{"not_picked":["GasGiant","OrrerysSun"],"picked":"OortCloud","floor":8},{"not_picked":["WitchOfGreed","UnstableBomb"],"picked":"DarkMatter","floor":10},{"not_picked":["ShootingEcho","GrandCross","PulseMagic"],"picked":"SKIP","floor":14},{"not_picked":["AbsoluteMagnitude","SatelliteIllusion"],"picked":"SuperNova","floor":16}],"player_experience":494942,"relics_obtained":[{"floor":1,"key":"Baka"},{"floor":8,"key":"MagicDraw4"},{"floor":9,"key":"GodSword7"}],"event_choices":[{"damage_healed":0,"gold_gain":0,"player_choice":"Donut","damage_taken":0,"max_hp_gain":5,"max_hp_loss":0,"event_name":"Big Fish","floor":5,"gold_loss":0},{"damage_healed":0,"gold_gain":0,"player_choice":"Got Potions","damage_taken":0,"max_hp_gain":0,"max_hp_loss":0,"event_name":"Lab","floor":13,"gold_loss":0}],"is_beta":false,"boss_relics":[{"not_picked":["BewitchedHakkero","SlaversCollar"],"picked":"Empty Cage"}],"items_purged_floors":[11],"is_endless":false,"potions_floor_spawned":[3,10,14,16],"killed_by":"2 Thieves","ascension_level":4}}