{"host":"onfdonezo2qmaex3","time":1613305673,"event":{"mods":["2.2 Compatiblity","AchievementEnabler","Act Like it!","Aspiration","BaseMod","Colored Powertips","Downfall","Friendly Minions","Gensokyo","Hallownest","Hermit","Highlight Path","Jorbs\u0027s Wanderer Trilogy","Marisa????????","Marked Mod","Minty Spire (QoL Compilation)","Quick Restart","Reliquary","Shop Mod","StSLib","The Disciple","The Hayseed","The Hierophant","The Marked","The Runesmith"],"gold_per_floor":[109,123,133,133,133,133,162,162,162,180,180,195,195,18,18,18,18],"floor_reached":16,"language":"ENG","playtime":751,"items_purged":[],"score":100,"play_id":"0ecfe44f-ba60-4dfc-90c5-459caed796fc","local_time":"20210214132753","is_ascension_mode":false,"campfire_choices":[{"data":"hermit:FlashPowder","floor":6,"key":"SMITH"},{"data":"hermit:Snipe","floor":8,"key":"SMITH"},{"data":"1","floor":13,"key":"LIFT"},{"data":"2","floor":15,"key":"LIFT"}],"circlet_count":0,"master_deck":["hermit:Strike_Hermit","hermit:Strike_Hermit","hermit:Strike_Hermit","hermit:Strike_Hermit","hermit:Defend_Hermit","hermit:Defend_Hermit","hermit:Defend_Hermit","hermit:Defend_Hermit","hermit:Snapshot","hermit:Covet","stsjorbsmod:Amnesia","hermit:FlashPowder+1","Clumsy","hermit:Snipe+1","hermit:Grudge","hermit:HeroicBravado+1","Gensokyo:ExoticEgg","Gensokyo:Shovel","Gensokyo:TarnishedGold"],"relics":["hermit:Momento","Turnip","Gensokyo:NagashiBinaDoll","Anchor","Girya"],"acts_visited":["Gensokyo:Gensokyo"],"potions_floor_usage":[7,16],"damage_taken":[{"damage":6,"enemies":"Gensokyo:Python","floor":1,"turns":3},{"damage":0,"enemies":"Gensokyo:2_Kodama","floor":2,"turns":3},{"damage":0,"enemies":"Gensokyo:3_Fairies","floor":3,"turns":4},{"damage":34,"enemies":"Gensokyo:Cirno","floor":7,"turns":7},{"damage":4,"enemies":"Gensokyo:VengefulSpirit","floor":10,"turns":7},{"damage":1,"enemies":"Gensokyo:Kitsune","floor":12,"turns":4},{"damage":71,"enemies":"Gensokyo:Kokoro","floor":16,"turns":14}],"seed_played":"-5791172493498487120","potions_obtained":[{"floor":1,"key":"hermit:Tonic"},{"floor":2,"key":"FairyPotion"},{"floor":7,"key":"DistilledChaos"}],"is_trial":false,"path_per_floor":["M","M","M","?","T","R","E","R","T","M","?","M","R","COS","R","B"],"character_chosen":"HERMIT","items_purchased":[],"campfire_rested":0,"item_purchase_floors":[],"current_hp_per_floor":[69,69,69,69,69,69,35,35,35,31,31,30,30,30,30,0,0],"gold":18,"neow_bonus":"ONE_RARE_RELIC","is_daily":false,"chose_seed":false,"campfire_upgraded":2,"win_rate":0.0,"timestamp":1613305673,"path_taken":["M","M","M","?","?","R","E","R","T","M","?","M","R","COS","R","BOSS"],"items_purchased_type":[],"build_version":"2020-12-22","purchased_purges":0,"victory":false,"max_hp_per_floor":[75,75,75,75,75,75,75,75,75,75,75,75,75,75,75,75,75],"card_choices":[{"not_picked":["hermit:Ricochet","hermit:Scavenge","hermit:Dive"],"picked":"SKIP","floor":1},{"not_picked":["hermit:WideOpen","hermit:Spite"],"picked":"hermit:FlashPowder","floor":2},{"not_picked":["hermit:FullyLoaded","hermit:BodyArmor","hermit:Dive"],"picked":"SKIP","floor":3},{"not_picked":["hermit:Cheat","hermit:Vantage"],"picked":"hermit:Snipe","floor":7},{"not_picked":["hermit:LuckOfTheDraw","hermit:Combo"],"picked":"hermit:Grudge","floor":10},{"not_picked":["hermit:BigShot","hermit:Feint","hermit:SprayPray"],"picked":"SKIP","floor":12}],"player_experience":190620,"relics_obtained":[{"floor":7,"key":"Anchor"},{"floor":9,"key":"Girya"}],"event_choices":[],"is_beta":false,"boss_relics":[],"items_purged_floors":[],"is_endless":false,"potions_floor_spawned":[1,2,7],"killed_by":"Gensokyo:Kokoro","ascension_level":0}}