{"host":"5dhwd44u3dydylwe","time":1613312807,"event":{"mods":["AchievementEnabler","BaseMod","BetterRewards","Dota2Spire","Duelist Mod","GifTheSpireLib","Hubris","Minty Spire (QoL Compilation)","Shop Mod","StSLib","Wandering Minibosses"],"gold_per_floor":[140,140,92,112,131,131,125,147,147,147,163,197,197,197,47,0,39,833,854,854,977,977,995,529,554,554,570,626,626,657,677,702,702,727,727,766,766,789,833,833,954,954,972,384,384,384,424,482,482,482,482,516,516,516,576,576,576,596,596,596,215,274,294],"floor_reached":64,"language":"ENG","playtime":5178,"items_purged":["theDuelist:Sparks","theDuelist:Sparks","theDuelist:CastleWalls","theDuelist:CastleWalls","theDuelist:NaturiaParadizo","theDuelist:CastleWalls","theDuelist:Sparks+1"],"score":1889,"play_id":"2bec52c0-11a9-4ede-90cc-a4f7c363cb9f","local_time":"20210214222647","is_ascension_mode":true,"campfire_choices":[{"data":"theDuelist:RedMedicine+1","floor":9,"key":"SMITH"},{"data":"theDuelist:NaturiaBarkion","floor":20,"key":"SMITH"},{"floor":29,"key":"REST"},{"data":"theDuelist:HuntingInstinct","floor":37,"key":"SMITH"},{"floor":40,"key":"REST"},{"floor":50,"key":"RECALL"},{"data":"theDuelist:Nameless:Greed:GracefulCharity","floor":53,"key":"SMITH"},{"floor":57,"key":"REST"},{"data":"theDuelist:MultiplicationOfAnts","floor":60,"key":"SMITH"}],"circlet_count":0,"master_deck":["theDuelist:NaturiaBeast+1","theDuelist:NaturiaRock","theDuelist:NaturiaTulip","theDuelist:NaturiaPineapple+1","theDuelist:SummoningSwarm","theDuelist:RedMedicine+2","theDuelist:SeedSacredTree+1","theDuelist:LonefireBlossom","theDuelist:NaturiaBarkion+1","theDuelist:HuntingInstinct+1","theDuelist:Canyon","theDuelist:PotForbidden+1","theDuelist:SeedSacredTree+1","theDuelist:Spore+1","theDuelist:NaturiaSunflower+1","theDuelist:NaturiaSacredTree","theDuelist:NaturiaPineapple+1","theDuelist:NaturiaRock+1","theDuelist:MultiplicationOfAnts+1","theDuelist:RedMedicine+2","theDuelist:Nameless:Greed:GracefulCharity+1","theDuelist:Alpacaribou+1","theDuelist:Blockman+1","theDuelist:Canyon+1"],"relics":["theDuelist:MillenniumPuzzle","theDuelist:CardPoolRelic","theDuelist:CardPoolBasicRelic","theDuelist:BoosterPackPoolRelic","theDuelist:CardPoolAddRelic","theDuelist:CardPoolMinusRelic","theDuelist:CardPoolSaveRelic","theDuelist:CardPoolOptionsRelic","TheAbacus","Tingsha","Oddly Smooth Stone","Whetstone","hubris:MysteriousPyramids","hubris:Towel","Dota2Spire:EchoSabre","Golden Idol","theDuelist:MillenniumRod","Cables","theDuelist:MillenniumRod","Dota2Spire:UrnOfShadows","wanderingMiniBosses:MasterThiefsPresence","Dota2Spire:RefresherOrb","theDuelist:BoosterPackMonsterEgg","Regal Pillow","theDuelist:DuelistOrichalcum","Vajra","hubris:SoftwareUpdate","Juzu Bracelet","theDuelist:TributeEggRelic","Philosopher\u0027s Stone","Paper Frog","DollysMirror","Thread and Needle","Lizard Tail","hubris:Icosahedron","Bag of Marbles","theDuelist:SummonAnchor"],"acts_visited":["Exordium","TheCity","TheBeyond","TheEnding"],"potions_floor_usage":[28,47,63],"damage_taken":[{"damage":0,"enemies":"Jaw Worm","floor":1,"turns":3},{"damage":0,"enemies":"Small Slimes","floor":4,"turns":3},{"damage":0,"enemies":"2 Louse","floor":5,"turns":1},{"damage":1,"enemies":"Gremlin Gang","floor":7,"turns":6},{"damage":0,"enemies":"3 Sentries","floor":8,"turns":4},{"damage":0,"enemies":"Exordium Wildlife","floor":11,"turns":3},{"damage":0,"enemies":"Gremlin Nob","floor":12,"turns":4},{"damage":6,"enemies":"Lagavulin","floor":17,"turns":5},{"damage":0,"enemies":"2 Fungi Beasts","floor":18,"turns":5},{"damage":0,"enemies":"Exordium Thugs","floor":19,"turns":3},{"damage":0,"enemies":"Slime Boss","floor":21,"turns":4},{"damage":0,"enemies":"Chosen","floor":23,"turns":3},{"damage":7,"enemies":"Spheric Guardian","floor":25,"turns":3},{"damage":30,"enemies":"Snecko","floor":27,"turns":4},{"damage":16,"enemies":"Slavers","floor":28,"turns":3},{"damage":0,"enemies":"Gremlin Leader","floor":30,"turns":5},{"damage":1,"enemies":"Chosen and Byrds","floor":31,"turns":3},{"damage":6,"enemies":"3 Cultists","floor":34,"turns":3},{"damage":14,"enemies":"Slavers","floor":36,"turns":4},{"damage":4,"enemies":"Shelled Parasite and Fungi","floor":38,"turns":3},{"damage":12,"enemies":"Gremlin Leader","floor":39,"turns":3},{"damage":6,"enemies":"Champ","floor":41,"turns":7},{"damage":6,"enemies":"3 Shapes","floor":43,"turns":3},{"damage":24,"enemies":"3 Darklings","floor":47,"turns":3},{"damage":3,"enemies":"Giant Head","floor":48,"turns":6},{"damage":0,"enemies":"4 Shapes","floor":52,"turns":4},{"damage":28,"enemies":"Reptomancer","floor":55,"turns":4},{"damage":50,"enemies":"Time Eater","floor":58,"turns":7},{"damage":27,"enemies":"Shield and Spear","floor":62,"turns":6},{"damage":22,"enemies":"The Heart","floor":63,"turns":9}],"seed_played":"-2340807434160410198","potions_obtained":[{"floor":4,"key":"theDuelist:OrbBottle"},{"floor":8,"key":"Dota2Spire:HealingSalve"},{"floor":25,"key":"theDuelist:MegaupgradePotion"},{"floor":31,"key":"Dexterity Potion"},{"floor":62,"key":"DistilledChaos"}],"is_trial":false,"path_per_floor":["M","?","$","M","M","?","M","E","R","?","M","E","?","T","$","?","E","M","M","R","B",null,"M","$","M","?","M","E","R","E","M","T","T","M","?","E","R","M","E","R","B",null,"M","$","?","?","M","E","?","R","T","M","R","?","E","?","R","B",null,"R","$","E","B",null],"character_chosen":"THE_DUELIST","items_purchased":["TheAbacus","Tingsha","theDuelist:NaturiaParadizo","Oddly Smooth Stone","Whetstone","theDuelist:NaturiaPineapple","hubris:MysteriousPyramids","theDuelist:SummoningSwarm","theDuelist:BoosterPackMonsterEgg","Paper Frog","DollysMirror","Bag of Marbles"],"campfire_rested":3,"item_purchase_floors":[0,0,0,0,0,0,0,3,24,44,44,61],"current_hp_per_floor":[32,32,32,32,32,32,31,31,31,31,31,31,31,31,31,31,25,31,37,37,37,74,74,74,67,53,23,13,51,60,65,65,65,59,59,45,45,41,29,67,61,79,73,73,73,73,55,55,55,55,55,55,55,55,30,30,68,18,79,79,79,64,42],"gold":294,"neow_bonus":"","is_daily":false,"chose_seed":false,"campfire_upgraded":5,"win_rate":0.0,"timestamp":1613312807,"path_taken":["M","?","$","M","M","?","M","E","R","?","M","E","?","T","?","?","E","M","M","R","BOSS","M","$","?","?","M","E","R","E","M","T","T","M","?","E","R","M","E","R","BOSS","M","$","?","?","M","E","?","R","T","M","R","?","E","?","R","BOSS","R","$","E","BOSS"],"items_purchased_type":["Relic","Relic","Card","Relic","Relic","Card","Relic","Card","Relic","Relic","Relic","Relic"],"build_version":"2020-12-22","purchased_purges":7,"victory":true,"max_hp_per_floor":[80,80,80,80,80,80,80,80,80,74,74,74,74,74,74,74,74,74,74,74,74,74,74,74,74,79,79,79,79,79,79,79,79,79,79,79,79,79,79,79,79,79,79,79,79,79,79,79,79,79,79,79,79,79,79,79,79,79,79,79,79,79,79],"card_choices":[{"not_picked":["theDuelist:NaturiaCliff","theDuelist:NaturiaMantis","theDuelist:NaturiaSunflower","theDuelist:NaturiaRagweed","theDuelist:Alpacaribou"],"picked":"SKIP","floor":1},{"not_picked":["theDuelist:Wiretap","theDuelist:Cloning","theDuelist:Wiretap","theDuelist:DianKeto+1"],"picked":"theDuelist:RedMedicine+1","floor":4},{"not_picked":["theDuelist:WildNatureRelease","theDuelist:ConvulsionNature","theDuelist:LeodrakeMane","theDuelist:SummoningSwarm"],"picked":"theDuelist:SeedSacredTree","floor":5},{"not_picked":["theDuelist:Fissure","theDuelist:Wiseman","theDuelist:GemArmadillo","theDuelist:AttackTheMoon","theDuelist:GolemSentry"],"picked":"SKIP","floor":7},{"not_picked":["theDuelist:NaturiaCliff","theDuelist:NaturiaRock","theDuelist:NaturiaMarron","theDuelist:SummoningSwarm","theDuelist:NaturiaRagweed"],"picked":"SKIP","floor":8},{"not_picked":["theDuelist:NaturiaCliff","theDuelist:NaturiaRock","theDuelist:FossilDig","theDuelist:NaturiaEggplant"],"picked":"theDuelist:LonefireBlossom","floor":11},{"not_picked":["theDuelist:NaturiaMosquito","theDuelist:NaturiaPumpkin","theDuelist:NaturiaTulip","theDuelist:CrystalRose","theDuelist:WildNatureRelease"],"picked":"SKIP","floor":12},{"not_picked":["theDuelist:NaturiaRock","theDuelist:NaturiaGaiastrio","theDuelist:NaturiaLandoise","theDuelist:NaturiaCliff","theDuelist:Blockman"],"picked":"SKIP","floor":17},{"not_picked":["theDuelist:Wildfire","theDuelist:DemiseLand"],"picked":"theDuelist:NaturiaBarkion","floor":18},{"not_picked":["theDuelist:NaturiaForest","theDuelist:NaturiaBarkion","theDuelist:MultiplicationOfAnts","theDuelist:Wildfire"],"picked":"theDuelist:HuntingInstinct","floor":19},{"not_picked":["theDuelist:DemiseLand","theDuelist:NaturiaVein","theDuelist:HuntingInstinct","theDuelist:ClosedForest"],"picked":"theDuelist:Canyon","floor":21},{"not_picked":["theDuelist:AttackTheMoon","theDuelist:DestroyerGolem","theDuelist:GraniteLoyalist","theDuelist:MudragonSwamp+1","theDuelist:HammerShot+1"],"picked":"SKIP","floor":23},{"not_picked":["theDuelist:Mudora+1","theDuelist:WingedKuriboh+1","theDuelist:PowerWall","theDuelist:Reload","theDuelist:WeepingIdol+1"],"picked":"SKIP","floor":25},{"not_picked":["theDuelist:Pollinosis","theDuelist:NatureReflection","theDuelist:NaturalDisaster","theDuelist:Wiretap","theDuelist:AcidTrapHole+1"],"picked":"SKIP","floor":27},{"not_picked":["theDuelist:NaturiaRock+1","theDuelist:NaturiaGaiastrio+1","theDuelist:CrystalRose+1","theDuelist:NaturiaLandoise+1"],"picked":"theDuelist:PotForbidden+1","floor":28},{"not_picked":["theDuelist:NaturiaPumpkin+1","theDuelist:NaturiaMosquito+1","theDuelist:FossilExcavation+1","theDuelist:NaturiaBarkion+1"],"picked":"theDuelist:SeedSacredTree+1","floor":30},{"not_picked":["theDuelist:NaturiaEggplant+1","theDuelist:NaturiaDragonfly+1","theDuelist:SummoningSwarm","theDuelist:SurvivalInstinct"],"picked":"theDuelist:Spore+1","floor":31},{"not_picked":["theDuelist:NaturiaDragonfly+1","theDuelist:NaturiaRock+1","theDuelist:NaturiaHydrangea+1","theDuelist:WildNatureRelease+1"],"picked":"theDuelist:NaturiaSunflower+1","floor":34},{"not_picked":["theDuelist:NaturalDisaster","theDuelist:LeodrakeMane","theDuelist:LairWire"],"picked":"theDuelist:NaturiaSacredTree","floor":36},{"not_picked":["theDuelist:NaturiaBarkion+1","theDuelist:Wiretap","theDuelist:SpacetimeTranscendence","theDuelist:Wildfire"],"picked":"theDuelist:NaturiaPineapple+1","floor":38},{"not_picked":["theDuelist:NaturiaCliff+1","theDuelist:NaturiaStinkbug+1","theDuelist:LonefireBlossom+1","theDuelist:NaturiaPumpkin+1"],"picked":"theDuelist:NaturiaRock+1","floor":39},{"not_picked":["theDuelist:NaturiaForest","theDuelist:NaturiaBarkion+1","theDuelist:ClosedForest","theDuelist:NaturiaHorneedle+1"],"picked":"theDuelist:MultiplicationOfAnts","floor":41},{"not_picked":["theDuelist:NaturiaLeodrake+1","theDuelist:NatureReflection+1","theDuelist:LairWire","theDuelist:NaturiaSacredTree+1"],"picked":"SKIP","floor":43},{"not_picked":["theDuelist:DemiseLand+1","theDuelist:SangaEarth+1"],"picked":"theDuelist:Alpacaribou+1","floor":47},{"not_picked":["theDuelist:NaturiaCliff+1","theDuelist:NaturiaMantis+1","theDuelist:NaturiaRock+1","theDuelist:FossilDig","theDuelist:NaturiaEggplant+1"],"picked":"SKIP","floor":48},{"not_picked":["theDuelist:BigFire","theDuelist:HammerShot+1","theDuelist:MillenniumGolem+1","theDuelist:MudGolem+1","theDuelist:Fissure"],"picked":"SKIP","floor":52},{"not_picked":["theDuelist:Fissure","theDuelist:GraniteLoyalist+1","theDuelist:MillenniumGolem+1","theDuelist:MudragonSwamp+1"],"picked":"theDuelist:Blockman+1","floor":54},{"not_picked":["theDuelist:NaturiaHydrangea+1","theDuelist:NaturiaEggplant+1","theDuelist:NaturiaParadizo+1","theDuelist:NaturiaGaiastrio+1","theDuelist:NaturiaLandoise+1"],"picked":"SKIP","floor":55},{"not_picked":["theDuelist:HuntingInstinct+1","theDuelist:ClosedForest+1","theDuelist:MultiplicationOfAnts+1","theDuelist:NaturiaHorneedle+1"],"picked":"theDuelist:Canyon+1","floor":62}],"player_experience":178525,"relics_obtained":[{"floor":8,"key":"Dota2Spire:EchoSabre"},{"floor":12,"key":"theDuelist:MillenniumRod"},{"floor":14,"key":"Cables"},{"floor":17,"key":"Dota2Spire:UrnOfShadows"},{"floor":18,"key":"wanderingMiniBosses:MasterThiefsPresence"},{"floor":28,"key":"Regal Pillow"},{"floor":30,"key":"theDuelist:DuelistOrichalcum"},{"floor":32,"key":"Vajra"},{"floor":33,"key":"hubris:SoftwareUpdate"},{"floor":36,"key":"Juzu Bracelet"},{"floor":39,"key":"theDuelist:TributeEggRelic"},{"floor":48,"key":"Thread and Needle"},{"floor":55,"key":"Lizard Tail"},{"floor":62,"key":"theDuelist:SummonAnchor"}],"event_choices":[{"damage_healed":0,"gold_gain":0,"player_choice":"Grow","damage_taken":0,"max_hp_gain":0,"max_hp_loss":0,"event_name":"Living Wall","floor":6,"gold_loss":0,"cards_upgraded":["theDuelist:SeedSacredTree"]},{"damage_healed":0,"gold_gain":0,"player_choice":"Lose Max HP","damage_taken":0,"relics_obtained":["Golden Idol"],"max_hp_gain":0,"max_hp_loss":6,"event_name":"Golden Idol","floor":10,"gold_loss":0},{"damage_healed":0,"gold_gain":0,"player_choice":"Duplicated Relic - Millennium Rod","duelist":true,"damage_taken":0,"max_hp_gain":0,"max_hp_loss":0,"event_name":"Relic Duplicator","floor":16,"gold_loss":0},{"damage_healed":0,"gold_gain":0,"player_choice":"Shed Blood","damage_taken":19,"max_hp_gain":5,"max_hp_loss":0,"event_name":"Forgotten Altar","floor":26,"gold_loss":0},{"damage_healed":0,"gold_gain":0,"player_choice":"Ignored","damage_taken":0,"max_hp_gain":0,"max_hp_loss":0,"event_name":"N\u0027loth","floor":35,"gold_loss":0},{"damage_healed":0,"gold_gain":0,"player_choice":"Ignored","damage_taken":0,"max_hp_gain":0,"max_hp_loss":0,"event_name":"Tomb of Lord Red Mask","floor":45,"gold_loss":0},{"total_magic_score":97,"gold_gain":0,"greed_reward":4,"duelist":true,"damage_taken":0,"relics_obtained":[],"points":10,"max_hp_gain":0,"max_hp_loss":0,"spent_points":{"magic":0,"greed":4,"war":0,"power":4,"hunger":2},"event_name":"Nameless Tomb","floor":46,"gold_loss":0,"cards_obtained":["theDuelist:Nameless:Greed:GracefulCharity"]},{"cards_removed":["theDuelist:NaturiaCliff"],"damage_healed":0,"gold_gain":0,"player_choice":"Removed Attack","damage_taken":0,"max_hp_gain":0,"max_hp_loss":0,"event_name":"Falling","floor":49,"gold_loss":0},{"damage_healed":0,"gold_gain":0,"player_choice":"Memory 1","damage_taken":0,"max_hp_gain":0,"max_hp_loss":0,"event_name":"SensoryStone","floor":54,"gold_loss":0}],"is_beta":false,"boss_relics":[{"not_picked":["Coffee Dripper","hubris:GrandSneckoEye"],"picked":"Dota2Spire:RefresherOrb"},{"not_picked":["Tiny House","Astrolabe"],"picked":"Philosopher\u0027s Stone"}],"items_purged_floors":[0,0,0,15,24,44,61],"is_endless":false,"potions_floor_spawned":[4,5,8,12,19,25,27,31,34,36,38,41,43,55,62],"ascension_level":2}}