{"host":"0jm2u9rma46qko29","time":1613338136,"event":{"mods":["Act Like it!","BaseMod","Better Altar","Better Note","Better Skull","Better Third Choice","CapriCore","Hermit","Marisa????????","Minty Spire (QoL Compilation)","Monster B Gone","Relic Stats","Robot Space Explorer","Shade Mod","StSLib","Waifu the Spire"],"gold_per_floor":[118,118,19,19,39,66,76,76,99,130,142,142,142,142,142,242,242,254,266,341,341,256,256,282,282,305,348,372,384,414,129,129,226,226,242,253,353,368,40,71,85,85,85,48,82,102,135,67,67,168,168,186,186,202,219,13,40,40,6,53,53,53,65,127,2,2,98,98,110,37,149,43,43,43,43,43,73,73,102,102,120,155,155,259,259,276,286,26,39,55,55,83,83,114,114,114,139,57,89,89,188,188,205,205,205,28,57,84,84,3,35,35,65,65,92,109,109,204,204,220,253,33,33,33,33,58,58,84,84,9,29,5,5,5,110,110,110],"floor_reached":136,"language":"ENG","playtime":7587,"items_purged":["Strike_G","Doubt","Strike_G","Writhe"],"score":4914,"play_id":"d77c2649-19cc-40e9-bd07-c42defe687ee","local_time":"20210214152856","daily_mods":["Elite Swarm"],"is_ascension_mode":true,"campfire_choices":[{"data":"Footwork","floor":8.0,"key":"SMITH"},{"data":"Malaise","floor":12.0,"key":"SMITH"},{"data":"Terror","floor":15.0,"key":"SMITH"},{"data":"Envenom","floor":23.0,"key":"SMITH"},{"data":"After Image","floor":25.0,"key":"SMITH"},{"floor":32.0,"key":"REST"},{"data":"Footwork","floor":42.0,"key":"SMITH"},{"data":"Footwork","floor":49.0,"key":"SMITH"},{"data":"Footwork","floor":58.0,"key":"SMITH"},{"data":"After Image","floor":62.0,"key":"SMITH"},{"data":"After Image","floor":66.0,"key":"SMITH"},{"floor":74.0,"key":"REST"},{"data":"Footwork","floor":76.0,"key":"SMITH"},{"data":"After Image","floor":78.0,"key":"SMITH"},{"data":"After Image","floor":80.0,"key":"SMITH"},{"data":"Noxious Fumes","floor":83.0,"key":"SMITH"},{"floor":91.0,"key":"REST"},{"floor":96.0,"key":"REST"},{"floor":100.0,"key":"REST"},{"data":"A Thousand Cuts","floor":109.0,"key":"SMITH"},{"data":"Footwork","floor":112.0,"key":"SMITH"},{"data":"Neutralize","floor":114.0,"key":"SMITH"},{"data":"A Thousand Cuts","floor":117.0,"key":"SMITH"},{"data":"Noxious Fumes","floor":125.0,"key":"SMITH"},{"data":"Envenom","floor":127.0,"key":"SMITH"},{"data":"Backflip","floor":134.0,"key":"SMITH"}],"circlet_count":0,"master_deck":["Defend_G","Defend_G","Defend_G","Defend_G","Defend_G","Survivor","Neutralize+1","Bane","Footwork+1","Terror+1","Storm of Steel","Backflip+1","Malaise+1","All Out Attack","Envenom+1","Backflip","Corpse Explosion","Double Tap+1","After Image+1","Glass Knife","Footwork+1","PiercingWail+1","Caltrops","Burst+1","Dagger Spray+1","After Image+1","Backflip+1","Noxious Fumes+1","Deflect","Burst+1","Dagger Spray","Noxious Fumes","Adrenaline+1","Blade Dance+1","Phantasmal Killer+1","Footwork+1","Adrenaline+1","Cloak And Dagger+1","Footwork+1","Blur+1","Catalyst+1","Caltrops","After Image+1","Escape Plan+1","Backflip+1","Dodge and Roll+1","Tools of the Trade","Cloak And Dagger+1","Choke","Footwork+1","Catalyst+1","After Image+1","After Image+1","Backflip+1","Night Terror+1","Adrenaline+1","Noxious Fumes+1","Footwork+1","Backflip+1","PiercingWail+1","Phantasmal Killer+1","After Image","Wraith Form v2","Accuracy","Die Die Die","Malaise+1","Blade Dance+1","Acrobatics+1","Deflect+1","A Thousand Cuts+1","Catalyst+1","A Thousand Cuts+1","After Image","Cloak And Dagger+1","After Image","Dodge and Roll+1","After Image","Infinite Blades","Calculated Gamble+1","Envenom+1","Adrenaline+1","Acrobatics+1","Cloak And Dagger+1"],"relics":["Ring of the Serpent","Ninja Scroll","Snake Skull","Pen Nib","HornCleat","PreservedInsect","SlaversCollar","Question Card","Toy Ornithopter","MawBank","Happy Flower","Blood Vial","Medical Kit","Cursed Key","Shuriken","Toxic Egg 2","Pear","Blood Vial","Art of War","Sozu","Potion Belt","WingedGreaves","WristBlade","Regal Pillow","Tiny Chest","MutagenicStrength","Empty Cage","Gremlin Horn","Odd Mushroom","Coffee Dripper","Sling","Juzu Bracelet"],"acts_visited":["Exordium","TheCity","TheBeyond","Exordium","TheCity","TheBeyond","Exordium","TheCity"],"potions_floor_usage":[],"damage_taken":[{"damage":0.0,"enemies":"2 Louse","floor":1.0,"turns":4.0},{"damage":0.0,"enemies":"Cultist","floor":5.0,"turns":3.0},{"damage":18.0,"enemies":"Gremlin Nob","floor":6.0,"turns":3.0},{"damage":4.0,"enemies":"Jaw Worm","floor":7.0,"turns":2.0},{"damage":7.0,"enemies":"Lagavulin","floor":10.0,"turns":4.0},{"damage":0.0,"enemies":"2 Fungi Beasts","floor":11.0,"turns":1.0},{"damage":18.0,"enemies":"Hexaghost","floor":16.0,"turns":11.0},{"damage":4.0,"enemies":"Chosen","floor":18.0,"turns":3.0},{"damage":15.0,"enemies":"2 Thieves","floor":19.0,"turns":5.0},{"damage":8.0,"enemies":"Slavers","floor":24.0,"turns":3.0},{"damage":0.0,"enemies":"Gremlin Leader","floor":27.0,"turns":4.0},{"damage":5.0,"enemies":"Centurion and Healer","floor":28.0,"turns":5.0},{"damage":26.0,"enemies":"Cultist and Chosen","floor":30.0,"turns":7.0},{"damage":2.0,"enemies":"Collector","floor":33.0,"turns":10.0},{"damage":18.0,"enemies":"3 Darklings","floor":35.0,"turns":3.0},{"damage":0.0,"enemies":"Orb Walker","floor":36.0,"turns":3.0},{"damage":4.0,"enemies":"Transient","floor":38.0,"turns":5.0},{"damage":2.0,"enemies":"Reptomancer","floor":40.0,"turns":5.0},{"damage":2.0,"enemies":"3 Darklings","floor":41.0,"turns":5.0},{"damage":10.0,"enemies":"Giant Head","floor":45.0,"turns":7.0},{"damage":1.0,"enemies":"Jaw Worm Horde","floor":46.0,"turns":3.0},{"damage":0.0,"enemies":"Reptomancer","floor":47.0,"turns":7.0},{"damage":67.0,"enemies":"Time Eater","floor":50.0,"turns":8.0},{"damage":0.0,"enemies":"Jaw Worm","floor":52.0,"turns":3.0},{"damage":0.0,"enemies":"Cultist","floor":54.0,"turns":2.0},{"damage":0.0,"enemies":"2 Louse","floor":55.0,"turns":1.0},{"damage":0.0,"enemies":"Gremlin Nob","floor":57.0,"turns":3.0},{"damage":0.0,"enemies":"Lots of Slimes","floor":63.0,"turns":1.0},{"damage":0.0,"enemies":"Lagavulin Event","floor":64.0,"turns":3.0},{"damage":33.0,"enemies":"Hexaghost","floor":67.0,"turns":6.0},{"damage":0.0,"enemies":"Spheric Guardian","floor":69.0,"turns":2.0},{"damage":0.0,"enemies":"Gremlin Leader","floor":77.0,"turns":5.0},{"damage":0.0,"enemies":"Book of Stabbing","floor":79.0,"turns":2.0},{"damage":0.0,"enemies":"Chosen","floor":81.0,"turns":3.0},{"damage":0.0,"enemies":"Slavers","floor":82.0,"turns":3.0},{"damage":0.0,"enemies":"Automaton","floor":84.0,"turns":9.0},{"damage":2.0,"enemies":"Orb Walker","floor":86.0,"turns":4.0},{"damage":11.0,"enemies":"3 Darklings","floor":87.0,"turns":4.0},{"damage":26.0,"enemies":"Sphere and 2 Shapes","floor":89.0,"turns":7.0},{"damage":33.0,"enemies":"Jaw Worm Horde","floor":90.0,"turns":5.0},{"damage":57.0,"enemies":"Reptomancer","floor":92.0,"turns":5.0},{"damage":0.0,"enemies":"Nemesis","floor":94.0,"turns":7.0},{"damage":34.0,"enemies":"Giant Head","floor":97.0,"turns":7.0},{"damage":0.0,"enemies":"Reptomancer","floor":99.0,"turns":6.0},{"damage":45.0,"enemies":"Time Eater","floor":101.0,"turns":14.0},{"damage":0.0,"enemies":"Cultist","floor":103.0,"turns":3.0},{"damage":12.0,"enemies":"The Mushroom Lair","floor":107.0,"turns":3.0},{"damage":0.0,"enemies":"Gremlin Nob","floor":108.0,"turns":3.0},{"damage":0.0,"enemies":"3 Sentries","floor":111.0,"turns":3.0},{"damage":0.0,"enemies":"Gremlin Nob","floor":113.0,"turns":3.0},{"damage":2.0,"enemies":"3 Sentries","floor":115.0,"turns":3.0},{"damage":0.0,"enemies":"2 Louse","floor":116.0,"turns":2.0},{"damage":9.0,"enemies":"Slime Boss","floor":118.0,"turns":8.0},{"damage":0.0,"enemies":"Shell Parasite","floor":120.0,"turns":5.0},{"damage":0.0,"enemies":"Gremlin Leader","floor":121.0,"turns":5.0},{"damage":62.0,"enemies":"Slavers","floor":126.0,"turns":3.0},{"damage":0.0,"enemies":"Gremlin Leader","floor":128.0,"turns":4.0},{"damage":0.0,"enemies":"3 Byrds","floor":131.0,"turns":4.0},{"damage":8.0,"enemies":"Champ","floor":135.0,"turns":8.0}],"seed_played":"2918950129489476590","potions_obtained":[{"floor":2.0,"key":"DistilledChaos"},{"floor":2.0,"key":"Ancient Potion"},{"floor":2.0,"key":"ColorlessPotion"},{"floor":5.0,"key":"SkillPotion"},{"floor":7.0,"key":"CunningPotion"},{"floor":11.0,"key":"Dexterity Potion"},{"floor":16.0,"key":"Swift Potion"},{"floor":27.0,"key":"Regen Potion"},{"floor":33.0,"key":"BlessingOfTheForge"},{"floor":41.0,"key":"SneckoOil"},{"floor":45.0,"key":"FairyPotion"},{"floor":50.0,"key":"FearPotion"}],"is_trial":true,"path_per_floor":["M","?","$","T","M","E","M","R","T","E","M","R","?","?","R","B",null,"M","M","?","?","?","R","E","R","T","E","M","?","M","$","R","B",null,"M","M","?","M","$","E","M","R","T","$","E","M","E","$","R","B",null,"M","?","M","M","$","E","R","$","T","?","R","M","?","$","R","B",null,"M","$","?","$","?","R","?","R","E","R","E","R","M","E","R","B",null,"M","M","$","M","M","R","E","?","E","?","R","E","$","E","R","B",null,"M","?","?","$","?","E","R","$","E","R","E","R","E","M","R","B",null,"M","E","$","?","?","R","E","R","E","$","?","M","$","?","R","B",null],"character_chosen":"THE_SILENT","items_purchased":["Footwork","Quick Slash","Caltrops","Medical Kit","Noxious Fumes","Shuriken","Deflect","Noxious Fumes","Footwork","Catalyst+1","Caltrops","Escape Plan+1","Choke","Footwork","Catalyst+1","Gremlin Horn","Accuracy","Acrobatics+1","Catalyst+1","Sling","Infinite Blades","Cloak And Dagger+1"],"campfire_rested":5,"item_purchase_floors":[3,3,31,31,39,39,39,44,48,56,56,59,70,72,72,88,98,106,110,122,122,132],"current_hp_per_floor":[70,70,70,70,70,52,48,48,48,41,41,41,64,57,57,39,70,66,51,44,44,44,44,36,36,36,36,31,13,9,9,30,35,70,52,54,54,52,52,52,52,52,62,62,54,57,61,61,61,8,80,80,80,80,80,80,80,80,80,80,80,80,80,80,80,80,47,80,80,80,34,34,34,73,73,73,77,77,80,80,80,80,80,80,80,78,69,69,47,18,57,4,24,28,28,67,37,37,41,80,35,80,80,80,85,85,73,77,77,77,81,81,85,85,83,85,85,76,85,85,85,85,85,85,85,23,23,27,27,27,31,31,31,31,27,27,27],"gold":110,"neow_bonus":"","is_daily":false,"chose_seed":false,"campfire_upgraded":21,"win_rate":0.0,"timestamp":1613338136,"path_taken":["M","?","?","?","M","E","M","R","T","E","M","R","?","?","R","BOSS","M","M","?","?","?","R","E","R","T","E","M","?","?","$","R","BOSS","M","?","?","M","$","E","M","R","T","?","E","M","E","$","R","BOSS","M","?","M","?","$","E","R","?","T","?","R","M","?","$","R","BOSS","M","$","?","?","?","R","?","R","E","R","?","R","?","E","R","BOSS","M","M","$","M","M","R","E","?","E","?","R","?","$","E","R","BOSS","M","?","?","$","?","E","R","$","E","R","E","R","E","M","R","BOSS","M","?","?","?","?","R","E","R","E","$","?","M","$","?","R","BOSS"],"items_purchased_type":["Card","Card","Card","Relic","Card","Relic","Card","Card","Card","Card","Card","Card","Card","Card","Card","Relic","Card","Card","Card","Relic","Card","Card"],"build_version":"2020-12-22","purchased_purges":4,"victory":false,"max_hp_per_floor":[70,70,70,70,70,70,70,70,70,70,70,70,70,70,70,70,70,70,70,70,70,70,70,70,70,70,70,70,70,70,70,70,70,70,70,70,70,70,70,70,70,70,80,80,80,80,80,80,80,80,80,80,80,80,80,80,80,80,80,80,80,80,80,80,80,80,80,80,80,80,80,80,80,80,80,80,80,80,80,80,80,80,80,80,80,80,80,80,80,80,80,80,80,80,80,80,80,80,80,80,80,80,80,80,85,85,85,85,85,85,85,85,85,85,85,85,85,85,85,85,85,85,85,85,85,85,85,85,85,85,85,85,85,85,85,85,85],"relic_stats":{"Regal Pillow":60,"Happy Flower":[75],"Gremlin Horn":[31,31],"counters":[59,270],"Snake Skull":[474],"Pen Nib":[70],"PreservedInsect":1479,"Juzu Bracelet":0,"Question Card":50,"MawBank":60,"Medical Kit":[0],"Cursed Key":2,"Blood Vial":85,"Sozu":15,"Shuriken":[116],"Tiny Chest":4,"Art of War":[24],"obtain_stats":[{"Regal Pillow":71,"Gremlin Horn":88,"Snake Skull":6,"Juzu Bracelet":123,"Cursed Key":34,"Empty Cage":85,"Sling":122,"Blood Vial":29,"Sozu":51,"HornCleat":10,"WristBlade":68,"Ninja Scroll":4,"Tiny Chest":71,"WingedGreaves":64,"Toxic Egg 2":40,"Ring of the Snake":0,"Potion Belt":60,"Pear":43,"Happy Flower":27,"Pen Nib":9,"PreservedInsect":14,"Odd Mushroom":107,"Question Card":22,"MawBank":26,"Medical Kit":31,"SlaversCollar":17,"Shuriken":39,"MutagenicStrength":73,"Art of War":47,"Coffee Dripper":119,"Toy Ornithopter":24,"Ring of the Serpent":102},{"Regal Pillow":31,"Gremlin Horn":38,"Snake Skull":3,"Juzu Bracelet":55,"Cursed Key":14,"Empty Cage":36,"Sling":55,"Blood Vial":12,"Sozu":23,"HornCleat":5,"WristBlade":30,"Ninja Scroll":1,"Tiny Chest":31,"WingedGreaves":29,"Toxic Egg 2":18,"Ring of the Snake":0,"Potion Belt":27,"Pear":19,"Happy Flower":11,"Pen Nib":4,"PreservedInsect":6,"Odd Mushroom":47,"Question Card":9,"MawBank":10,"Medical Kit":13,"SlaversCollar":7,"Shuriken":17,"MutagenicStrength":31,"Art of War":22,"Coffee Dripper":53,"Toy Ornithopter":10,"Ring of the Serpent":45},{"Regal Pillow":132,"Gremlin Horn":162,"Snake Skull":10,"Juzu Bracelet":251,"Cursed Key":65,"Empty Cage":154,"Sling":251,"Blood Vial":48,"Sozu":111,"HornCleat":16,"WristBlade":130,"Ninja Scroll":4,"Tiny Chest":132,"WingedGreaves":124,"Toxic Egg 2":81,"Ring of the Snake":0,"Potion Belt":120,"Pear":86,"Happy Flower":43,"Pen Nib":12,"PreservedInsect":17,"Odd Mushroom":219,"Question Card":36,"MawBank":39,"Medical Kit":55,"SlaversCollar":28,"Shuriken":76,"MutagenicStrength":132,"Art of War":103,"Coffee Dripper":241,"Toy Ornithopter":39,"Ring of the Serpent":213}],"Toy Ornithopter":20},"card_choices":[{"not_picked":["Flying Knee","Underhanded Strike"],"picked":"Bane","floor":1.0},{"not_picked":["Leg Sweep","Prepared"],"picked":"Terror","floor":5.0},{"not_picked":["Bullet Time","Night Terror"],"picked":"Storm of Steel","floor":6.0},{"not_picked":["Heel Hook","Outmaneuver"],"picked":"Backflip","floor":7.0},{"not_picked":["Storm of Steel","A Thousand Cuts"],"picked":"Malaise","floor":10.0},{"not_picked":["Heel Hook","Quick Slash"],"picked":"All Out Attack","floor":11.0},{"not_picked":["Unload","Malaise"],"picked":"Envenom","floor":16.0},{"not_picked":["Prepared","Dagger Throw"],"picked":"Backflip","floor":18.0},{"not_picked":["Masterful Stab+1","Predator"],"picked":"Corpse Explosion","floor":19.0},{"not_picked":["Grand Finale","Venomology","Adrenaline"],"picked":"After Image","floor":24.0},{"not_picked":["Malaise","Phantasmal Killer","Venomology"],"picked":"Glass Knife","floor":27.0},{"not_picked":["Cloak And Dagger+1","Reflex","Deadly Poison"],"picked":"Footwork","floor":28.0},{"not_picked":["Dagger Throw+1","Grand Finale","Slice"],"picked":"PiercingWail+1","floor":30.0},{"not_picked":["Tools of the Trade","Phantasmal Killer","Corpse Explosion"],"picked":"Burst","floor":33.0},{"not_picked":["Sucker Punch+1","Poisoned Stab","Acrobatics"],"picked":"Dagger Spray+1","floor":35.0},{"not_picked":["Prepared+1","Leg Sweep","Dagger Spray+1"],"picked":"After Image","floor":36.0},{"not_picked":["Deadly Poison","Dodge and Roll","Well Laid Plans+1"],"picked":"Backflip+1","floor":38.0},{"not_picked":["Phantasmal Killer+1","Glass Knife","Night Terror+1"],"picked":"Burst+1","floor":40.0},{"not_picked":["Eviscerate+1","Poisoned Stab+1","Dagger Throw+1"],"picked":"Dagger Spray","floor":41.0},{"not_picked":["Doppelganger+1","Storm of Steel+1","Glass Knife"],"picked":"Adrenaline+1","floor":45.0},{"not_picked":["Dagger Throw+1","Distraction+1","Deadly Poison+1"],"picked":"Blade Dance+1","floor":46.0},{"not_picked":["Wraith Form v2","Doppelganger+1","Burst+1"],"picked":"Phantasmal Killer+1","floor":47.0},{"not_picked":["Malaise+1","Grand Finale","Phantasmal Killer+1"],"picked":"Adrenaline+1","floor":50.0},{"not_picked":["Bane","Sucker Punch","Backstab"],"picked":"Cloak And Dagger+1","floor":52.0},{"not_picked":["Infinite Blades","Skewer","Underhanded Strike"],"picked":"Footwork","floor":54.0},{"not_picked":["Bane","Noxious Fumes","Prepared+1"],"picked":"Blur+1","floor":55.0},{"not_picked":["Wraith Form v2","Glass Knife","Corpse Explosion+1"],"picked":"After Image","floor":57.0},{"not_picked":["Poisoned Stab","Flying Knee","All Out Attack"],"picked":"Backflip+1","floor":63.0},{"not_picked":["Wraith Form v2","Eviscerate","Dagger Throw"],"picked":"Dodge and Roll+1","floor":64.0},{"not_picked":["Unload","Grand Finale","After Image"],"picked":"Tools of the Trade","floor":67.0},{"not_picked":["Bane","Blade Dance+1","Dagger Spray+1"],"picked":"Cloak And Dagger+1","floor":69.0},{"not_picked":["Unload","Grand Finale","Wraith Form v2"],"picked":"After Image","floor":77.0},{"not_picked":["Glass Knife","Storm of Steel+1","Venomology+1"],"picked":"After Image","floor":79.0},{"not_picked":["Deadly Poison+1","Quick Slash","Sucker Punch+1"],"picked":"Backflip+1","floor":81.0},{"not_picked":["Grand Finale","Storm of Steel+1","Venomology+1"],"picked":"Night Terror+1","floor":82.0},{"not_picked":["Glass Knife","Malaise+1","Wraith Form v2"],"picked":"Adrenaline+1","floor":84.0},{"not_picked":["PiercingWail+1","Backstab+1","All Out Attack"],"picked":"Noxious Fumes","floor":86.0},{"not_picked":["Bane","Dagger Spray","PiercingWail+1"],"picked":"Footwork","floor":87.0},{"not_picked":["Distraction+1","Prepared+1","Outmaneuver+1"],"picked":"Backflip+1","floor":89.0},{"not_picked":["Caltrops+1","Deflect+1","Outmaneuver+1"],"picked":"PiercingWail+1","floor":90.0},{"not_picked":["Tools of the Trade","Night Terror+1","Doppelganger+1"],"picked":"Phantasmal Killer+1","floor":92.0},{"not_picked":["Phantasmal Killer+1","Doppelganger+1","Burst+1"],"picked":"After Image","floor":94.0},{"not_picked":["Storm of Steel+1","Night Terror+1","Corpse Explosion+1"],"picked":"Wraith Form v2","floor":97.0},{"not_picked":["Night Terror+1","Bullet Time+1","Storm of Steel+1"],"picked":"Die Die Die","floor":99.0},{"not_picked":["Unload","Doppelganger+1","Venomology+1"],"picked":"Malaise+1","floor":101.0},{"not_picked":["Dagger Throw","Underhanded Strike","Prepared+1"],"picked":"Blade Dance+1","floor":103.0},{"not_picked":["Finisher","Slice","Caltrops"],"picked":"Deflect+1","floor":107.0},{"not_picked":["Tools of the Trade","Die Die Die","Unload"],"picked":"A Thousand Cuts","floor":108.0},{"not_picked":["Storm of Steel+1","Glass Knife","Night Terror+1","Doppelganger+1"],"picked":"SKIP","floor":111.0},{"not_picked":["Glass Knife","After Image","Tools of the Trade"],"picked":"A Thousand Cuts","floor":113.0},{"not_picked":["Burst+1","A Thousand Cuts","Corpse Explosion+1"],"picked":"After Image","floor":115.0},{"not_picked":["Underhanded Strike","Finisher","Deadly Poison+1"],"picked":"Cloak And Dagger+1","floor":116.0},{"not_picked":["Grand Finale","Storm of Steel+1","Night Terror+1"],"picked":"After Image","floor":118.0},{"not_picked":["Outmaneuver+1","PiercingWail+1","Sucker Punch"],"picked":"Dodge and Roll+1","floor":120.0},{"not_picked":["Venomology+1","Grand Finale","Unload"],"picked":"After Image","floor":121.0},{"not_picked":["Bullet Time+1","After Image","Phantasmal Killer+1"],"picked":"Envenom","floor":126.0},{"not_picked":["Phantasmal Killer+1","Venomology+1","Glass Knife"],"picked":"Adrenaline+1","floor":128.0},{"not_picked":["Caltrops+1","PiercingWail+1","Outmaneuver+1"],"picked":"Acrobatics+1","floor":131.0}],"player_experience":173900,"relics_obtained":[{"floor":4.0,"key":"Ninja Scroll"},{"floor":6.0,"key":"Snake Skull"},{"floor":9.0,"key":"Pen Nib"},{"floor":10.0,"key":"HornCleat"},{"floor":24.0,"key":"Toy Ornithopter"},{"floor":26.0,"key":"MawBank"},{"floor":27.0,"key":"Happy Flower"},{"floor":40.0,"key":"Toxic Egg 2"},{"floor":43.0,"key":"Pear"},{"floor":45.0,"key":"Blood Vial"},{"floor":47.0,"key":"Art of War"},{"floor":60.0,"key":"Potion Belt"},{"floor":64.0,"key":"WingedGreaves"},{"floor":107.0,"key":"Odd Mushroom"}],"event_choices":[{"damage_healed":0.0,"max_hp_gain":0.0,"max_hp_loss":0.0,"gold_gain":0.0,"event_name":"Lab","player_choice":"Got Potions","floor":2.0,"gold_loss":0.0,"damage_taken":0.0},{"damage_healed":23.0,"max_hp_gain":0.0,"max_hp_loss":0.0,"gold_gain":0.0,"event_name":"Big Fish","player_choice":"Banana","floor":13.0,"gold_loss":0.0,"damage_taken":0.0},{"damage_healed":0.0,"max_hp_gain":0.0,"max_hp_loss":0.0,"gold_gain":0.0,"event_name":"betterThird:BetterScrap","player_choice":"Relic ","floor":14.0,"gold_loss":0.0,"damage_taken":7.0,"cards_obtained":["MasterReality"]},{"damage_healed":0.0,"max_hp_gain":0.0,"max_hp_loss":0.0,"gold_gain":75.0,"event_name":"FaceTrader","player_choice":"Touch","floor":20.0,"gold_loss":0.0,"damage_taken":7.0},{"cards_removed":["Footwork"],"damage_healed":0.0,"max_hp_gain":0.0,"max_hp_loss":0.0,"gold_gain":0.0,"event_name":"betterNote:BetterNote","player_choice":"Take \u0026 Give","floor":21.0,"gold_loss":0.0,"damage_taken":0.0,"cards_obtained":["Double Tap"]},{"damage_healed":0.0,"max_hp_gain":0.0,"max_hp_loss":0.0,"gold_gain":0.0,"event_name":"Addict","player_choice":"Obtained Relic","floor":22.0,"gold_loss":85.0,"damage_taken":0.0,"relics_obtained":["Question Card"]},{"damage_healed":0.0,"max_hp_gain":31.0,"max_hp_loss":13.0,"gold_gain":0.0,"event_name":"betterAltar:BetterAltar","player_choice":" Vial ","floor":29.0,"potions_obtained":[],"relics_lost":[],"gold_loss":0.0,"damage_taken":18.0,"relics_obtained":["Blood Vial"]},{"damage_healed":0.0,"max_hp_gain":0.0,"max_hp_loss":0.0,"gold_gain":100.0,"event_name":"Golden Shrine","player_choice":"Pray","floor":37.0,"gold_loss":0.0,"damage_taken":0.0},{"cards_removed":["Strike_G"],"damage_healed":0.0,"max_hp_gain":0.0,"max_hp_loss":0.0,"gold_gain":0.0,"event_name":"Purifier","player_choice":"Purged","floor":53.0,"gold_loss":0.0,"damage_taken":0.0},{"damage_healed":0.0,"max_hp_gain":0.0,"max_hp_loss":0.0,"gold_gain":0.0,"event_name":"betterThird:BetterSerpent","player_choice":"Ignored","floor":61.0,"gold_loss":0.0,"damage_taken":53.0},{"damage_healed":0.0,"max_hp_gain":0.0,"max_hp_loss":0.0,"gold_gain":30.0,"event_name":"Dead Adventurer","player_choice":"Searched \u00272\u0027 times","floor":64.0,"gold_loss":0.0,"damage_taken":0.0},{"damage_healed":0.0,"max_hp_gain":0.0,"max_hp_loss":0.0,"gold_gain":112.0,"event_name":"betterSkull:BetterSkull","player_choice":"RE GO RE ","floor":71.0,"gold_loss":0.0,"damage_taken":51.0,"cards_upgraded":[],"relics_obtained":["Regal Pillow","Tiny Chest"]},{"damage_healed":0.0,"max_hp_gain":0.0,"max_hp_loss":0.0,"gold_gain":0.0,"event_name":"Drug Dealer","player_choice":"Inject Mutagens","floor":73.0,"gold_loss":0.0,"damage_taken":0.0,"relics_obtained":["MutagenicStrength"]},{"damage_healed":20.0,"max_hp_gain":0.0,"max_hp_loss":0.0,"gold_gain":0.0,"event_name":"Winding Halls","player_choice":"Writhe","floor":93.0,"gold_loss":0.0,"damage_taken":0.0,"cards_obtained":["Writhe"]},{"damage_healed":0.0,"max_hp_gain":0.0,"max_hp_loss":0.0,"gold_gain":0.0,"event_name":"Upgrade Shrine","player_choice":"Upgraded","floor":95.0,"gold_loss":0.0,"damage_taken":0.0,"cards_upgraded":["Burst"]},{"damage_healed":0.0,"max_hp_gain":0.0,"max_hp_loss":0.0,"gold_gain":0.0,"event_name":"betterThird:BetterSerpent","player_choice":"Ignored","floor":104.0,"gold_loss":0.0,"damage_taken":205.0},{"damage_healed":0.0,"max_hp_gain":5.0,"max_hp_loss":0.0,"gold_gain":0.0,"event_name":"Big Fish","player_choice":"Donut","floor":105.0,"gold_loss":0.0,"damage_taken":0.0},{"damage_healed":0.0,"max_hp_gain":0.0,"max_hp_loss":0.0,"gold_gain":0.0,"event_name":"Mushrooms","player_choice":"Fought Mushrooms","floor":107.0,"gold_loss":0.0,"damage_taken":0.0},{"damage_healed":0.0,"max_hp_gain":0.0,"max_hp_loss":0.0,"gold_gain":0.0,"event_name":"The Mausoleum","player_choice":"Opened","floor":123.0,"gold_loss":0.0,"damage_taken":0.0,"relics_obtained":["Juzu Bracelet"]},{"damage_healed":0.0,"max_hp_gain":0.0,"max_hp_loss":0.0,"gold_gain":0.0,"cards_transformed":["Strike_G"],"event_name":"Transmorgrifier","player_choice":"Transformed","floor":124.0,"gold_loss":0.0,"damage_taken":0.0,"cards_obtained":["Calculated Gamble"]},{"cards_removed":["Quick Slash"],"damage_healed":0.0,"max_hp_gain":0.0,"max_hp_loss":0.0,"gold_gain":0.0,"event_name":"Beggar","player_choice":"Gave Gold","floor":130.0,"gold_loss":75.0,"damage_taken":0.0},{"damage_healed":0.0,"max_hp_gain":0.0,"max_hp_loss":0.0,"gold_gain":0.0,"event_name":"Vampires","player_choice":"Ignored","floor":133.0,"gold_loss":0.0,"damage_taken":0.0}],"is_beta":false,"boss_relics":[{"not_picked":["HoveringKite","SacredBark"],"picked":"SlaversCollar"},{"not_picked":["Runic Dome","Empty Cage"],"picked":"Cursed Key"},{"not_picked":["Pandora\u0027s Box","Busted Crown"],"picked":"Sozu"},{"not_picked":["HoveringKite","Fusion Hammer"],"picked":"WristBlade"},{"not_picked":["Runic Dome","Coffee Dripper"],"picked":"Empty Cage"},{"not_picked":["Velvet Choker","Snecko Eye"],"picked":"Ring of the Serpent"},{"not_picked":["Runic Pyramid","Tiny House"],"picked":"Coffee Dripper"}],"items_purged_floors":[31,56,65,106],"is_endless":true,"potions_floor_spawned":[5,7,11,16,27,28,33,41,45,46,47,50,54,64,67,79,84,86,90,92,97,103,116,118,120,126,128],"ascension_level":4}}