{"host":"tetk82fuf8thwxol","time":1613277937,"event":{"mods":["AchievementEnabler","BaseMod","BetterRewards","Downfall","GifTheSpireLib","Hermit","Minty Spire (QoL Compilation)","Permanent Neow","Quick Restart","Replay The Spire","Shop Mod","Spicy Shops","StSLib","The Bug Knight","The Cursed","The Runesmith"],"gold_per_floor":[165,185,203,218,237,9999,9999,8798,8798,8798,8817,8817,8817,8216,8216,8066,8079,8176,8176,8176,8189,8205,8222,8245,8257,8257,8257,8276,8276,8276,8276,8276,8301,8312,8411,8411,8411,8431,8445,8459,8477,8477,8501,7779,7779,7798,7798,7809,7809,8005,8015,8015],"floor_reached":53,"language":"ENG","playtime":2634,"items_purged":["hexamod:Strike","hexamod:Defend","hexamod:Strike","hexamod:Defend","Languid","Writhe"],"score":803,"play_id":"07695c3b-2a66-4a40-95a1-e636b03395b8","local_time":"20210213224537","is_ascension_mode":false,"campfire_choices":[{"floor":9,"key":"DIG"},{"data":"hexamod:RainOfEmbers","floor":15,"key":"SMITH"},{"floor":20,"key":"DIG"},{"floor":27,"key":"DIG"},{"floor":30,"key":"DIG"},{"floor":37,"key":"DIG"},{"floor":42,"key":"REST"},{"floor":45,"key":"REST"},{"floor":49,"key":"DIG"}],"circlet_count":0,"master_deck":["hexamod:Strike","hexamod:Strike","hexamod:Defend","hexamod:Defend","hexamod:Sear","hexamod:Float","hexamod:HeatCrush+1","hexamod:RainOfEmbers+1","hexamod:GhostflameBarrier+1","hexamod:HeatMetal+1","expansioncontent:StudyTheSpire+1","hexamod:HeatMetal+1","hexamod:ForkedFlame+1","hexamod:Firestarter+1","hexamod:ThermalTransfer+1","hexamod:SpectralAdrenaline+1","hexamod:ChargedBarrage","hexamod:GhostflameInferno+1","hexamod:BurningTouch","hexamod:SoulSteal","hexamod:PhantomFireball+1","hexamod:ExtraCrispy","hexamod:ExtraCrispy+1"],"relics":["hexamod:SpiritBrand","Smiling Mask","Art of War","Golden Egg","Replay:Ringing Soul","Whetstone","Bottled Lightning","Pet Ghost","Ancient Tea Set","Shovel","Tiny Chest","Medical Kit","Darkstone Periapt","Shuriken","Onion Ring","Bronze Scales","Boot","Fusion Hammer","Nunchaku","Replay:Mystery Machine","Bird Faced Urn","hexamod:InflammatoryLetter","Simple Rune","PreservedInsect","Akabeko","Cursed Key","Orichalcum","Replay:Wax Seal","CaptainsWheel","Blood Vial","Pear","hexamod:MatchstickCase"],"acts_visited":["Exordium","TheCity","TheBeyond"],"potions_floor_usage":[3,6,22,41,52,52,52],"damage_taken":[{"damage":1,"enemies":"Jaw Worm","floor":2,"turns":4},{"damage":5,"enemies":"Small Slimes","floor":3,"turns":3},{"damage":0,"enemies":"Cultist","floor":4,"turns":2},{"damage":6,"enemies":"Exordium Wildlife","floor":5,"turns":3},{"damage":5,"enemies":"downfall:FleeingMerchant","floor":6,"turns":4},{"damage":0,"enemies":"downfall:FleeingMerchant","floor":8,"turns":4},{"damage":0,"enemies":"2 Fungi Beasts","floor":11,"turns":2},{"damage":10,"enemies":"downfall:FleeingMerchant","floor":14,"turns":4},{"damage":0,"enemies":"Large Slime","floor":17,"turns":2},{"damage":1,"enemies":"SI_SHIV_ARCHETYPE","floor":18,"turns":3},{"damage":0,"enemies":"Snake Plant","floor":21,"turns":2},{"damage":5,"enemies":"Sentry and Sphere","floor":22,"turns":3},{"damage":2,"enemies":"Shelled Parasite and Fungi","floor":23,"turns":3},{"damage":0,"enemies":"Snecko","floor":25,"turns":2},{"damage":1,"enemies":"Cultist and Chosen","floor":28,"turns":2},{"damage":0,"enemies":"Snake Plant","floor":34,"turns":2},{"damage":34,"enemies":"IC_MUSHROOM_ARCHETYPE","floor":35,"turns":5},{"damage":0,"enemies":"Orb Walker","floor":38,"turns":2},{"damage":38,"enemies":"3 Darklings","floor":39,"turns":3},{"damage":13,"enemies":"Maw","floor":40,"turns":3},{"damage":33,"enemies":"4 Shapes","floor":41,"turns":6},{"damage":4,"enemies":"Jaw Worm Horde","floor":46,"turns":3},{"damage":4,"enemies":"Sphere and 2 Shapes","floor":48,"turns":3},{"damage":11,"enemies":"3 Darklings","floor":51,"turns":3},{"damage":27,"enemies":"DF_ARCHETYPE_ORBS","floor":52,"turns":4}],"seed_played":"-3071035414734278175","potions_obtained":[{"floor":2,"key":"Dexterity Potion"},{"floor":3,"key":"EntropicBrew"},{"floor":11,"key":"Venom Potion"},{"floor":21,"key":"Explosive Potion"},{"floor":25,"key":"BlessingOfTheForge"},{"floor":40,"key":"LifebloodPotion"},{"floor":41,"key":"Elixir"}],"is_trial":false,"path_per_floor":["R","M","M","M","M","$","T","$","R","?","M","PTL","PTL","$","R","?","M","B",null,"R","M","M","M","T","M","T","R","M","?","R","?","?","T","M","B",null,"R","M","M","M","M","R","T","$","R","M","?","M","R","?","M","B",null],"character_chosen":"THE_SPIRIT","items_purchased":["Art of War","Golden Egg","Replay:Ringing Soul","Whetstone","expansioncontent:StudyTheSpire","hexamod:HeatMetal","Pet Ghost","Ancient Tea Set","Shovel","Tiny Chest","Medical Kit","hexamod:ForkedFlame","hexamod:Firestarter","Shuriken","Onion Ring","Bronze Scales","Boot","hexamod:SpectralAdrenaline","CaptainsWheel","Blood Vial","Pear","LiquidBronze"],"campfire_rested":2,"item_purchase_floors":[6,6,6,6,6,6,8,8,8,8,8,8,8,14,14,14,14,14,44,44,44,44],"current_hp_per_floor":[70,69,64,64,58,56,56,59,59,59,59,59,59,52,52,89,92,94,95,95,95,90,91,91,94,94,94,96,96,96,96,105,105,105,77,113,113,113,77,64,33,66,75,85,124,122,114,112,112,63,59,42],"gold":8015,"neow_bonus":"RANDOM_COMMON_RELIC","is_daily":false,"chose_seed":false,"campfire_upgraded":1,"win_rate":0.0,"timestamp":1613277937,"path_taken":["R","M","M","M","M","$","T","$","R","?","M","PTL","PTL","$","R","?","M","BOSS","R","M","M","?","?","M","T","R","M","?","R","?","?","?","M","BOSS","R","M","M","M","M","R","T","$","R","M","?","?","R","?","M","BOSS"],"items_purchased_type":["Relic","Relic","Relic","Relic","Card","Card","Relic","Relic","Relic","Relic","Relic","Card","Card","Relic","Relic","Relic","Relic","Card","Relic","Relic","Relic","Potion"],"build_version":"2020-12-22","purchased_purges":6,"victory":true,"max_hp_per_floor":[70,70,70,70,70,73,73,76,76,76,76,76,76,79,79,89,92,95,95,95,95,95,98,98,101,101,101,104,104,104,104,113,113,113,113,113,113,113,113,113,113,113,122,132,132,132,132,132,132,135,138,138],"card_choices":[{"not_picked":["hexamod:CatchUp","hexamod:PhantomCloak"],"picked":"hexamod:HeatCrush","floor":2},{"not_picked":["hexamod:GhostShield","hexamod:FourthSeal"],"picked":"hexamod:RainOfEmbers","floor":3},{"not_picked":["hexamod:GhostLash","hexamod:EtherealExpedition"],"picked":"hexamod:GhostflameBarrier","floor":4},{"not_picked":["hexamod:EtherealExpedition","hexamod:ShieldOfDarkness","hexamod:Again"],"picked":"SKIP","floor":5},{"not_picked":["hexamod:GhostLash","hexamod:Firestarter"],"picked":"hexamod:HeatMetal","floor":6},{"not_picked":["hexamod:ThirdSeal","hexamod:Again","hexamod:InspiringFlames"],"picked":"SKIP","floor":8},{"not_picked":["hexamod:HeatMetal","hexamod:NightmareStrike","hexamod:StepThrough"],"picked":"SKIP","floor":11},{"not_picked":["hexamod:NightmareStrike","hexamod:AdvancingGuard"],"picked":"hexamod:ThermalTransfer","floor":14},{"not_picked":["hexamod:InspiringFlames","hexamod:GhostOfSpireFuture"],"picked":"hexamod:ChargedBarrage","floor":17},{"not_picked":["hexamod:ForkedFlame","hexamod:VolcanoVisage"],"picked":"hexamod:GhostflameInferno","floor":18},{"not_picked":["hexamod:RainOfEmbers","hexamod:AdvancingGuard+1","hexamod:Hexaguard+1"],"picked":"SKIP","floor":21},{"not_picked":["hexamod:FastForward","hexamod:SwordOfDarkness","hexamod:FourthSeal"],"picked":"SKIP","floor":22},{"not_picked":["hexamod:InspiringFlames+1","hexamod:FastForward+1"],"picked":"hexamod:BurningTouch","floor":23},{"not_picked":["hexamod:ThermalTransfer","hexamod:GhostShield"],"picked":"hexamod:SoulSteal","floor":25},{"not_picked":["hexamod:SoulSteal","hexamod:EmpoweredFlame"],"picked":"hexamod:PhantomFireball+1","floor":28},{"not_picked":["hexamod:SecondSeal","hexamod:NightmareGuise","hexamod:CatchUp"],"picked":"SKIP","floor":34},{"not_picked":["hexamod:ThermalTransfer+1","hexamod:SwordOfDarkness","hexamod:HeatMetal+1"],"picked":"SKIP","floor":38},{"not_picked":["hexamod:FastForward","hexamod:SpectersWail+1","hexamod:InspiringFlames"],"picked":"SKIP","floor":39},{"not_picked":["hexamod:Haunt","hexamod:ThermalTransfer+1","hexamod:ShieldOfDarkness+1"],"picked":"SKIP","floor":40},{"not_picked":["hexamod:FastForward+1","hexamod:GhostOfSpirePast","hexamod:GhostLash"],"picked":"SKIP","floor":41},{"not_picked":["hexamod:ChargedBarrage","hexamod:SwordOfDarkness","hexamod:TimeOfNeed"],"picked":"SKIP","floor":46},{"not_picked":["hexamod:BurningTouch+1","hexamod:AdvancingGuard+1","hexamod:GhostShield"],"picked":"SKIP","floor":48},{"not_picked":["hexamod:StepThrough","hexamod:GhostShield+1"],"picked":"hexamod:ExtraCrispy","floor":50},{"not_picked":["hexamod:FastForward+1","hexamod:BurningTouch"],"picked":"hexamod:ExtraCrispy+1","floor":51}],"player_experience":217150,"relics_obtained":[{"floor":7,"key":"Bottled Lightning"},{"floor":9,"key":"Darkstone Periapt"},{"floor":20,"key":"Nunchaku"},{"floor":24,"key":"Replay:Mystery Machine"},{"floor":26,"key":"Bird Faced Urn"},{"floor":27,"key":"hexamod:InflammatoryLetter"},{"floor":30,"key":"Simple Rune"},{"floor":33,"key":"Akabeko"},{"floor":37,"key":"Orichalcum"},{"floor":43,"key":"Replay:Wax Seal"},{"floor":49,"key":"hexamod:MatchstickCase"}],"event_choices":[{"damage_healed":0,"gold_gain":0,"player_choice":"Ignored","damage_taken":0,"max_hp_gain":0,"max_hp_loss":0,"event_name":"Vampires","floor":29,"gold_loss":0}],"is_beta":false,"boss_relics":[{"not_picked":["SacredBark","Tiny House"],"picked":"Fusion Hammer"},{"not_picked":["Kintsugi","Runic Dome"],"picked":"Cursed Key"}],"items_purged_floors":[6,6,8,14,44,44],"is_endless":false,"potions_floor_spawned":[2,3,5,11,21,25,40,41,46,51],"ascension_level":0}}