{"host":"xiain65d2hovry7l","time":1613336603,"event":{"mods":["2.2 Compatiblity","Act Like it!","Aspiration","BaseMod","BetterRewards","Colored Map","Colored Powertips","Conspire","Duelist Mod","Energized Spire","Faster Ascension Climbing","Friendly Minions","Halation","Highlight Path","Koishi","Mimic Mod","Minty Spire (QoL Compilation)","Permanent Neow","Relic Sorter","Remilia??????","Shop Mod","StSLib","The Administrix","The Animator","The Construct","The Mystic","The Necromancer","TheSwordswoman","Thieving Mod","Unknown Chances","Yuri Mod"],"gold_per_floor":[117,117,134,151,163,197,197,214,251,251,75,93,128,143,143,247,247,257,2,2,40,53,53,79,89,115,115,15,45,45,75,75,173,173,184,202,26,38,38,73,73,106,174,189,221,221,245,263,263,263,263,263,21,48,48],"floor_reached":56,"language":"ENG","playtime":3260,"items_purged":["yuri:yuriStrike","yuri:yuriStrike","yuri:yuriStab","yuri:Spin"],"score":1360,"play_id":"c684d2a9-35da-4a24-9a79-724ab4c388d8","local_time":"20210214220323","is_ascension_mode":false,"campfire_choices":[{"data":"yuri:ThrowBook","floor":7,"key":"SMITH"},{"data":"yuri:NerfBat","floor":10,"key":"SMITH"},{"data":"yuri:ThrowingKnives","floor":15,"key":"SMITH"},{"data":"yuri:NoEscape","floor":23,"key":"SMITH"},{"data":"yuri:Torment","floor":27,"key":"SMITH"},{"floor":30,"key":"RECALL"},{"data":"yuri:GlitchRemove","floor":32,"key":"SMITH"},{"data":"yuri:MPose","floor":41,"key":"SMITH"},{"data":"yuri:DebugCard","floor":49,"key":"SMITH"},{"data":"yuri:TPose","floor":52,"key":"SMITH"}],"circlet_count":0,"master_deck":["yuri:yuriDefend","yuri:yuriDefend+1","yuri:yuriDefend","yuri:yuriDefend+1","yuri:yuriDefend","yuri:MPose+1","Iron Wave+1","yuri:ThrowBook+1","yuri:GreenTea","yuri:ThrowingKnives+1","yuri:NerfBat+1","yuri:TPose+1","yuri:DebugCard+1","yuri:WickedSlash+1","yuri:NoEscape+1","yuri:GlitchRemove+1","yuri:GreenTea","yuri:Torment+1","yuri:ArmBrace+1","yuri:MultiDip+1","yuri:CalmingAura+1","yuri:DuplicateCode+1","yuri:ThrowingKnives+1","yuri:MPose+1","Trip+1","Master of Strategy+1","yuri:CorruptHitbox+1","Secret Weapon+1"],"relics":["yuri:yuriKnife","aspiration:PoetsPen_weak","conspire:BottledYoYo","Red Mask","Vajra","halation:SmartPhone","Lantern","Pantograph","InkBottle","aspiration:HiddenCompartment","MerchantsRug","War Paint"],"acts_visited":["Exordium","TheCity","TheBeyond","TheEnding"],"potions_floor_usage":[13,16,55,55,55],"damage_taken":[{"damage":1,"enemies":"2 Louse","floor":1,"turns":3},{"damage":0,"enemies":"Cultist","floor":3,"turns":4},{"damage":0,"enemies":"Small Slimes","floor":4,"turns":5},{"damage":0,"enemies":"Blue Slaver","floor":5,"turns":4},{"damage":16,"enemies":"Gremlin Nob","floor":6,"turns":4},{"damage":9,"enemies":"2 Fungi Beasts","floor":8,"turns":4},{"damage":5,"enemies":"Large Slime","floor":9,"turns":6},{"damage":2,"enemies":"Large Slime","floor":12,"turns":4},{"damage":8,"enemies":"3 Sentries","floor":13,"turns":7},{"damage":0,"enemies":"Blue Slaver","floor":14,"turns":2},{"damage":31,"enemies":"Hexaghost","floor":16,"turns":8},{"damage":25,"enemies":"conspire:FuzzyDice","floor":18,"turns":7},{"damage":8,"enemies":"conspire:MimicChest","floor":21,"turns":5},{"damage":14,"enemies":"2 Thieves","floor":22,"turns":4},{"damage":3,"enemies":"Masked Bandits","floor":24,"turns":2},{"damage":0,"enemies":"Shelled Parasite and Fungi","floor":25,"turns":3},{"damage":0,"enemies":"theDuelist:KaibaA2","floor":29,"turns":5},{"damage":4,"enemies":"Gremlin Leader","floor":31,"turns":4},{"damage":35,"enemies":"Automaton","floor":33,"turns":8},{"damage":8,"enemies":"3 Darklings","floor":35,"turns":3},{"damage":3,"enemies":"3 Shapes","floor":36,"turns":1},{"damage":0,"enemies":"Maw","floor":38,"turns":5},{"damage":32,"enemies":"Reptomancer","floor":40,"turns":5},{"damage":2,"enemies":"Giant Head","floor":42,"turns":6},{"damage":0,"enemies":"Spire Growth","floor":44,"turns":3},{"damage":0,"enemies":"Reptomancer","floor":45,"turns":2},{"damage":0,"enemies":"Reptomancer","floor":46,"turns":1},{"damage":2,"enemies":"3 Darklings","floor":48,"turns":2},{"damage":9,"enemies":"Donu and Deca","floor":50,"turns":4},{"damage":3,"enemies":"Shield and Spear","floor":54,"turns":3},{"damage":62,"enemies":"The Heart","floor":55,"turns":7}],"seed_played":"-4833831325472474556","potions_obtained":[{"floor":1,"key":"Dexterity Potion"},{"floor":5,"key":"Strength Potion"},{"floor":8,"key":"Block Potion"},{"floor":13,"key":"ColorlessPotion"},{"floor":22,"key":"Ancient Potion"},{"floor":42,"key":"SteroidPotion"},{"floor":46,"key":"SkillPotion"}],"is_trial":false,"path_per_floor":["M","?","M","M","M","E","R","M","MIM","R","$","M","E","M","R","B",null,"M","$","?","?","M","R","?","M","T","R","$","E","R","E","R","B",null,"M","M","$","M","?","E","R","E","T","M","E","?","T","M","R","B",null,"R","$","E","B",null],"character_chosen":"YURI","items_purchased":["yuri:TPose","yuri:DebugCard","conspire:BottledYoYo","yuri:MPose+1","MerchantsRug","SteroidPotion","Secret Weapon+1"],"campfire_rested":0,"item_purchase_floors":[11,11,19,37,53,53,53],"current_hp_per_floor":[80,80,80,80,80,64,64,61,62,62,62,66,64,64,64,39,80,61,61,61,59,57,57,60,66,66,66,80,80,80,76,76,53,80,66,63,78,72,62,42,42,52,52,58,64,64,64,62,62,71,80,80,72,69,24],"gold":48,"neow_bonus":"REMOVE_CARD","is_daily":false,"chose_seed":false,"campfire_upgraded":9,"win_rate":0.0,"timestamp":1613336603,"path_taken":["M","?","M","M","M","E","R","M","MIM","R","$","M","E","M","R","BOSS","M","$","?","?","M","R","?","M","T","R","?","E","R","E","R","BOSS","M","M","?","M","?","E","R","E","T","M","E","?","?","M","R","BOSS","R","$","E","BOSS"],"items_purchased_type":["Card","Card","Relic","Card","Relic","Potion","Card"],"build_version":"2020-12-22","purchased_purges":4,"victory":true,"max_hp_per_floor":[80,80,80,80,80,80,80,80,80,80,80,80,80,80,80,80,80,80,80,80,80,80,80,80,80,80,80,80,80,80,80,80,80,80,80,80,80,80,80,80,80,80,80,80,80,80,80,80,80,80,80,80,80,80,80],"card_choices":[{"not_picked":["yuri:UntestedCode","yuri:Skip"],"picked":"yuri:MPose","floor":1},{"not_picked":["yuri:TeaSet","yuri:StealPen"],"picked":"yuri:ThrowBook","floor":3},{"not_picked":["yuri:InsanityDefense","yuri:CalmingAura"],"picked":"yuri:GlitchedStrike","floor":4},{"not_picked":["yuri:DebugCard","yuri:BookPurple"],"picked":"yuri:GreenTea","floor":5},{"not_picked":["yuri:GlitchRemove","yuri:CorruptHitbox"],"picked":"yuri:ThrowingKnives","floor":6},{"not_picked":["yuri:yuriQuickStrike","yuri:ThrowingKnives"],"picked":"yuri:NerfBat","floor":8},{"not_picked":["yuri:Parry","yuri:yuriQuickStrike"],"picked":"yuri:Spin","floor":12},{"not_picked":["yuri:DuplicateCode","yuri:CalmingAura"],"picked":"yuri:WickedSlash","floor":13},{"not_picked":["yuri:SelfHarm","yuri:UntestedCode","yuri:ThrowBook"],"picked":"SKIP","floor":14},{"not_picked":["yuri:RemoveSafetyChecks","yuri:Torment"],"picked":"yuri:NoEscape","floor":16},{"not_picked":["yuri:Spin+1","yuri:Skip","yuri:MPose"],"picked":"SKIP","floor":18},{"not_picked":["yuri:yuriQuickStrike+1","yuri:GrowingInsanity+1","yuri:Spin+1"],"picked":"SKIP","floor":22},{"not_picked":["yuri:BookPurple+1","yuri:yuriHeavyStrike"],"picked":"yuri:Torment","floor":24},{"not_picked":["yuri:DebugCard","yuri:Stare+1"],"picked":"yuri:ArmBrace+1","floor":25},{"not_picked":["yuri:SeeingDouble+1","yuri:MirrorInsanity+1"],"picked":"yuri:MultiDip+1","floor":29},{"not_picked":["yuri:DejaVu+1","yuri:TeaSet+1"],"picked":"yuri:CalmingAura+1","floor":31},{"not_picked":["yuri:RelentlessStrikes","yuri:RemoveSafetyChecks"],"picked":"yuri:DuplicateCode+1","floor":33},{"not_picked":["yuri:ThrowBook","yuri:yuriQuickStrike","yuri:NerfBat"],"picked":"SKIP","floor":35},{"not_picked":["yuri:MPose+1","yuri:StealPen"],"picked":"yuri:ThrowingKnives+1","floor":36},{"not_picked":["yuri:TPose+1","yuri:ThrowingKnives","yuri:yuriHeavyStrike"],"picked":"SKIP","floor":38},{"not_picked":["Enlightenment+1","Forethought+1"],"picked":"Trip+1","floor":39},{"not_picked":["Apotheosis+1","Dramatic Entrance"],"picked":"Master of Strategy+1","floor":39},{"not_picked":["yuri:ThrowBook","yuri:Parry+1"],"picked":"yuri:CorruptHitbox+1","floor":40},{"not_picked":["yuri:ThornRemove+1","yuri:ThrowBook+1","yuri:yuriHeavyStrike"],"picked":"SKIP","floor":42},{"not_picked":["yuri:Stare+1","yuri:ThrowBook+1","yuri:HeavierStrike+1"],"picked":"SKIP","floor":44},{"not_picked":["yuri:Torment+1","yuri:SelfHarm+1","yuri:ReactiveMadness+1"],"picked":"SKIP","floor":45},{"not_picked":["yuri:GlitchedStrike","yuri:CalmingAura+1","yuri:UntestedCode+1"],"picked":"SKIP","floor":48},{"not_picked":["yuri:ChibiInvasion","yuri:Parry","yuri:MPose+1"],"picked":"SKIP","floor":54}],"player_experience":710437,"relics_obtained":[{"floor":6,"key":"Blue Candle"},{"floor":13,"key":"Whetstone"},{"floor":21,"key":"Mercury Hourglass"},{"floor":24,"key":"Red Mask"},{"floor":26,"key":"MealTicket"},{"floor":29,"key":"Toxic Egg 2"},{"floor":31,"key":"Vajra"},{"floor":40,"key":"Lantern"},{"floor":42,"key":"Pantograph"},{"floor":43,"key":"InkBottle"},{"floor":45,"key":"halation:KoshaPiece"},{"floor":47,"key":"aspiration:HiddenCompartment"},{"floor":54,"key":"War Paint"}],"event_choices":[{"cards_removed":["yuri:Oolong"],"damage_healed":0,"gold_gain":0,"player_choice":"Took Card","damage_taken":0,"max_hp_gain":0,"max_hp_loss":0,"event_name":"NoteForYourself","floor":2,"gold_loss":0,"cards_obtained":["Iron Wave"]},{"damage_healed":0,"gold_gain":0,"cards_transformed":["yuri:yuriStrike","yuri:yuriStrike"],"player_choice":"Became Test Subject","damage_taken":0,"max_hp_gain":0,"max_hp_loss":0,"event_name":"Drug Dealer","floor":20,"gold_loss":0,"cards_obtained":["yuri:GlitchRemove","yuri:GreenTea"]},{"damage_healed":0,"gold_gain":0,"player_choice":"Fought Bandits","damage_taken":0,"max_hp_gain":0,"max_hp_loss":0,"event_name":"Masked Bandits","floor":24,"gold_loss":0},{"damage_healed":0,"gold_gain":0,"player_choice":"Memory 3","damage_taken":10,"max_hp_gain":0,"max_hp_loss":0,"event_name":"SensoryStone","floor":39,"gold_loss":0}],"is_beta":false,"boss_relics":[{"not_picked":["energizedSpire:RedRose","conspire:SeveredTorchhead"],"picked":"aspiration:PoetsPen_weak"},{"not_picked":["Busted Crown","Cursed Key"],"picked":"halation:SmartPhone"}],"items_purged_floors":[11,28,37,53],"is_endless":false,"potions_floor_spawned":[1,5,8,13,14,22,25,33,42,44,46,48],"ascension_level":0}}