{"host":"13crfpsgpirtz3r4","time":1613302777,"event":{"mods":["Act Like it!","Ascension Reborn","Aspiration","Astrologer","Bard","BaseMod","BetterRewards","CapriCore","Colored Powertips","Downfall","Friendly Minions","Gold Saver","GungeonMod","Hermit","Highlight Path","Hubris","Jorbs\u0027s Wanderer Trilogy","MarisaÅiñ∂âJÅ@ñÇóùçπÅj","Minty Spire (QoL Compilation)","READ ME - Guardian Mod","READ ME - Snecko Mod","Rare Cards Sparkle","Replay The Spire","Shop Mod","StSLib","The Animator","The Bug Knight","The Construct","The Cursed","The Disciple","The Exalted","The Hierophant","The Jungle","The Necromancer","The Poker Player","The Runesmith","The Servant 0.9.4","TheBandit","Wandering Minibosses","everything is the same but u backflip on backflip","slay the spire mod where everything is the same but ironclad has a cowboy hat"],"gold_per_floor":[443,453,275,275,292,292,303,303,303,324,289,289,289,302,302,398,398,409,409,427,447,447,447,470,470,470,101,101,125,138,138,138,233,233,252,252,24,38,38,38,74,74,124,124,139,154,173,189,189,189],"floor_reached":51,"language":"ENG","playtime":7291,"items_purged":[],"score":696,"play_id":"bb3b49f4-b367-450e-a6c1-798d898e7bd3","local_time":"20210214033937","is_ascension_mode":true,"campfire_choices":[{"data":"stsjorbsmod:ArcaneWeapon","floor":6,"key":"SMITH"},{"data":"stsjorbsmod:ArcaneForm","floor":12,"key":"SMITH"},{"data":"stsjorbsmod:BookOfTongues","floor":23,"key":"SMITH"},{"data":"stsjorbsmod:HedgeWizard","floor":25,"key":"SMITH"},{"data":"stsjorbsmod:TinyHut","floor":32,"key":"SMITH"},{"data":"stsjorbsmod:Pyromancy","floor":40,"key":"SMITH"},{"data":"stsjorbsmod:Mindworm","floor":42,"key":"SMITH"},{"data":"stsjorbsmod:EyeOfTheStorm","floor":44,"key":"SMITH"},{"data":"stsjorbsmod:Defend_Wanderer","floor":49,"key":"SMITH"}],"circlet_count":0,"master_deck":["stsjorbsmod:ForbiddenGrimoire+1","stsjorbsmod:Strike_Wanderer","stsjorbsmod:Strike_Wanderer","stsjorbsmod:Defend_Wanderer+1","stsjorbsmod:Defend_Wanderer+1","stsjorbsmod:Defend_Wanderer","stsjorbsmod:Defend_Wanderer","stsjorbsmod:FreshAdventure","stsjorbsmod:EyeOfTheStorm+1","stsjorbsmod:ArcaneWeapon","stsjorbsmod:Firebolt","stsjorbsmod:ArcaneWeapon+1","stsjorbsmod:Firebolt","stsjorbsmod:HedgeWizard+1","stsjorbsmod:ScorchingRay","stsjorbsmod:BookOfTongues+1","stsjorbsmod:ArcaneForm+1","Injury","stsjorbsmod:Inferno+1","stsjorbsmod:Fear+1","stsjorbsmod:CorrodingBarrier+1","stsjorbsmod:MagicMissiles+1","stsjorbsmod:ChainLightning","stsjorbsmod:Hibernate+1","stsjorbsmod:Will+1","ReplayTheSpireMod:Uncanny Aura+1","stsjorbsmod:LocateObject+1","wanderingMiniBosses:FinaleOfPromise+1","stsjorbsmod:Prepare+1","stsjorbsmod:MagicMissiles","stsjorbsmod:DisguiseSelf+1","stsjorbsmod:WanderingMind+1","Replay:Bootleg Shield Generator+1","stsjorbsmod:Inferno+1","stsjorbsmod:TinyHut+1","stsjorbsmod:Pyromancy+1","stsjorbsmod:FranticSearch+1","stsjorbsmod:Mindworm+1","Swift Strike","stsjorbsmod:OldPocket+1","Doubt","stsjorbsmod:CorrodingBarrier+1","stsjorbsmod:BookOfTongues+1","stsjorbsmod:Thorns+1","stsjorbsmod:Materialize+1","stsjorbsmod:MagicMirror+1"],"relics":["stsjorbsmod:GrimoireRelic","Onion Ring","Replay:Towering Pillar of Hats","Toxic Egg 2","Coffee Dripper","Bird Faced Urn","wanderingMiniBosses:Blackblade","Gremlin Horn","HandDrill","InkBottle","hubris:RunicObelisk","Replay:Baseball","ReplayTheSpireMod:Ring of Exchange","DemoMod:DecoyRelic","aspiration:HiddenCompartment"],"acts_visited":["Exordium","TheCity","TheBeyond"],"potions_floor_usage":[16,16,24,30,33,41,45,48],"damage_taken":[{"damage":7,"enemies":"Jaw Worm","floor":1,"turns":4},{"damage":4,"enemies":"Cultist","floor":2,"turns":5},{"damage":7,"enemies":"Small Slimes","floor":5,"turns":3},{"damage":8,"enemies":"Exordium Wildlife","floor":7,"turns":5},{"damage":28,"enemies":"Gremlin Gang","floor":10,"turns":4},{"damage":0,"enemies":"Exordium Wildlife","floor":14,"turns":3},{"damage":4,"enemies":"The Guardian","floor":16,"turns":7},{"damage":5,"enemies":"3 Byrds","floor":18,"turns":4},{"damage":3,"enemies":"Snake Plant","floor":20,"turns":5},{"damage":12,"enemies":"3 Cultists","floor":21,"turns":5},{"damage":23,"enemies":"Shelled Parasite and Fungi","floor":24,"turns":8},{"damage":6,"enemies":"Centurion and Healer","floor":29,"turns":4},{"damage":6,"enemies":"Snake Plant","floor":30,"turns":6},{"damage":21,"enemies":"Champ","floor":33,"turns":7},{"damage":12,"enemies":"3 Darklings","floor":35,"turns":6},{"damage":2,"enemies":"3 Shapes","floor":38,"turns":3},{"damage":71,"enemies":"Reptomancer","floor":41,"turns":5},{"damage":4,"enemies":"Writhing Mass","floor":45,"turns":3},{"damage":9,"enemies":"3 Darklings","floor":46,"turns":2},{"damage":0,"enemies":"Sphere and 2 Shapes","floor":47,"turns":4},{"damage":0,"enemies":"Maw","floor":48,"turns":5},{"damage":13,"enemies":"Time Eater","floor":50,"turns":7}],"seed_played":"-3854630591171648807","potions_obtained":[{"floor":7,"key":"hexamod:SoulburnPotion"},{"floor":10,"key":"sneckomod:MuddlingPotion"},{"floor":21,"key":"LiquidMemories"},{"floor":24,"key":"construct:ShiftPotion"},{"floor":29,"key":"AttackPotion"},{"floor":30,"key":"SpeedPotion"},{"floor":41,"key":"Venom Potion"},{"floor":46,"key":"Adrenaline Potion"}],"is_trial":false,"path_per_floor":["M","M","$","?","M","R","M","?","T","M","?","R","?","M","R","B",null,"M","?","M","M","?","R","M","R","T","$","T","M","M","?","R","B",null,"M","?","$","M","?","R","E","R","T","R","M","M","M","M","R","B",null],"character_chosen":"WANDERER","items_purchased":["stsjorbsmod:ArcaneWeapon","stsjorbsmod:Firebolt","stsjorbsmod:HedgeWizard","stsjorbsmod:MagicMissiles","stsjorbsmod:DisguiseSelf+1","stsjorbsmod:WanderingMind+1","HandDrill","Replay:Bootleg Shield Generator+1","Swift Strike","Replay:Baseball"],"campfire_rested":0,"item_purchase_floors":[3,3,3,27,27,27,27,27,37,37],"current_hp_per_floor":[70,67,67,74,68,68,62,50,50,24,42,42,42,46,46,46,74,74,74,74,70,70,70,57,57,57,57,57,64,74,74,74,53,74,74,74,74,74,74,74,14,14,14,14,16,19,28,40,40,43],"gold":189,"neow_bonus":"TEN_PERCENT_HP_BONUS","is_daily":false,"chose_seed":false,"campfire_upgraded":9,"win_rate":0.0,"timestamp":1613302777,"path_taken":["M","M","$","?","M","R","?","?","T","M","?","R","?","M","R","BOSS","M","?","?","?","?","R","M","R","T","$","?","M","M","?","R","BOSS","M","?","$","M","?","R","E","R","T","R","M","M","M","M","R","BOSS"],"items_purchased_type":["Card","Card","Card","Card","Card","Card","Relic","Card","Card","Relic"],"build_version":"2020-12-22","purchased_purges":0,"victory":true,"max_hp_per_floor":[74,74,74,74,74,74,74,74,74,74,74,74,74,74,74,74,74,74,74,74,74,74,74,74,74,74,74,74,74,74,74,74,74,74,74,74,74,74,74,74,74,74,74,74,74,74,74,74,74,74],"card_choices":[{"not_picked":["stsjorbsmod:FracturedMind","stsjorbsmod:UnseenServant"],"picked":"stsjorbsmod:ArcaneWeapon","floor":1},{"not_picked":["stsjorbsmod:BurningFlask","stsjorbsmod:Message"],"picked":"stsjorbsmod:Firebolt","floor":2},{"not_picked":["stsjorbsmod:Aid","stsjorbsmod:Prestidigitation"],"picked":"stsjorbsmod:ScorchingRay","floor":5},{"not_picked":["stsjorbsmod:UnseenServant","stsjorbsmod:WeightOfMemory"],"picked":"stsjorbsmod:BookOfTongues","floor":7},{"not_picked":["stsjorbsmod:Mania","stsjorbsmod:DoubleCheck"],"picked":"stsjorbsmod:ArcaneForm","floor":10},{"not_picked":["stsjorbsmod:ChatteringStrike","stsjorbsmod:DoubleCheck+1"],"picked":"stsjorbsmod:Inferno+1","floor":14},{"not_picked":["stsjorbsmod:Banish+1","stsjorbsmod:ThirstingSword"],"picked":"stsjorbsmod:CorrodingBarrier+1","floor":16},{"not_picked":["stsjorbsmod:Hurt","stsjorbsmod:LocateObject+1"],"picked":"stsjorbsmod:MagicMissiles+1","floor":18},{"not_picked":["stsjorbsmod:ChatteringStrike","stsjorbsmod:Index+1"],"picked":"stsjorbsmod:ChainLightning","floor":20},{"not_picked":["stsjorbsmod:DisguiseSelf+1","stsjorbsmod:Aid+1"],"picked":"stsjorbsmod:Hibernate+1","floor":21},{"not_picked":[],"picked":"wanderingMiniBosses:FinaleOfPromise","floor":24},{"not_picked":["stsjorbsmod:Will+1","stsjorbsmod:UnseenServant+1"],"picked":"stsjorbsmod:Prepare+1","floor":24},{"not_picked":["stsjorbsmod:OldPocket+1","stsjorbsmod:Firebolt"],"picked":"stsjorbsmod:Inferno+1","floor":29},{"not_picked":["stsjorbsmod:Prestidigitation","stsjorbsmod:Counterspell+1"],"picked":"stsjorbsmod:TinyHut","floor":30},{"not_picked":["stsjorbsmod:Fear+1","stsjorbsmod:ArcaneForm"],"picked":"stsjorbsmod:Pyromancy","floor":33},{"not_picked":["stsjorbsmod:Channel+1","stsjorbsmod:Hibernate+1"],"picked":"stsjorbsmod:FranticSearch+1","floor":35},{"not_picked":["stsjorbsmod:Prepare+1","stsjorbsmod:FracturedMind"],"picked":"stsjorbsmod:OldPocket+1","floor":38},{"not_picked":["stsjorbsmod:Will+1","stsjorbsmod:Inferno+1"],"picked":"stsjorbsmod:CorrodingBarrier+1","floor":41},{"not_picked":["stsjorbsmod:BurningFlask+1","stsjorbsmod:Materialize+1"],"picked":"stsjorbsmod:BookOfTongues+1","floor":45},{"not_picked":["stsjorbsmod:Index+1","stsjorbsmod:FracturedMind+1"],"picked":"stsjorbsmod:Thorns+1","floor":46},{"not_picked":["stsjorbsmod:ChainLightning+1","stsjorbsmod:Thorns+1"],"picked":"stsjorbsmod:Materialize+1","floor":47},{"not_picked":["stsjorbsmod:Will+1","stsjorbsmod:FaerieFire+1"],"picked":"stsjorbsmod:MagicMirror+1","floor":48}],"player_experience":114988,"relics_obtained":[{"floor":9,"key":"Replay:Towering Pillar of Hats"},{"floor":19,"key":"Bird Faced Urn"},{"floor":24,"key":"wanderingMiniBosses:Blackblade"},{"floor":26,"key":"Gremlin Horn"},{"floor":28,"key":"InkBottle"},{"floor":39,"key":"ReplayTheSpireMod:Ring of Exchange"},{"floor":41,"key":"DemoMod:DecoyRelic"},{"floor":43,"key":"aspiration:HiddenCompartment"}],"event_choices":[{"damage_healed":0,"gold_gain":0,"player_choice":"Success","damage_taken":12,"relics_obtained":["Onion Ring"],"max_hp_gain":0,"max_hp_loss":0,"event_name":"Scrap Ooze","floor":8,"gold_loss":0},{"damage_healed":18,"gold_gain":0,"player_choice":"Healed","damage_taken":0,"max_hp_gain":0,"max_hp_loss":0,"event_name":"The Cleric","floor":11,"gold_loss":35},{"damage_healed":0,"gold_gain":0,"player_choice":"Relic","damage_taken":0,"max_hp_gain":0,"max_hp_loss":0,"event_name":"Wheel of Change","floor":19,"gold_loss":0},{"damage_healed":0,"gold_gain":0,"player_choice":"3 cards matched","damage_taken":0,"max_hp_gain":0,"max_hp_loss":0,"event_name":"Match and Keep!","floor":22,"gold_loss":0,"cards_obtained":["stsjorbsmod:Will","ReplayTheSpireMod:Uncanny Aura","stsjorbsmod:LocateObject"]},{"cards_removed":["stsjorbsmod:Strike_Wanderer"],"damage_healed":0,"gold_gain":0,"player_choice":"Offered Basic","damage_taken":0,"max_hp_gain":0,"max_hp_loss":0,"event_name":"Bonfire Elementals","floor":31,"gold_loss":0}],"is_beta":false,"boss_relics":[{"not_picked":["Kintsugi","aspiration:RunicSpoon"],"picked":"Coffee Dripper"},{"not_picked":["Abe\u0027s Treasure","Fusion Hammer"],"picked":"hubris:RunicObelisk"}],"items_purged_floors":[],"is_endless":false,"potions_floor_spawned":[7,10,21,24,29,30,41,46],"ascension_level":0}}