{"host":"tia00321x3ndnwo4","time":1613319454,"event":{"mods":["2.2 Compatiblity","BaseMod","Bestiary","Colored Map","Colored Powertips","Curses Come First","Downfall","Highlight Path","Minty Spire (QoL Compilation)","Relic Stats","Slay the Relics Exporter","StSLib","SuperFastMode"],"gold_per_floor":[99,111,111,122,138,166,189,206,232,257,257,290,301,314,325,421,421,421,441,441,452,260,279,303,303,328,328,428,492,492,642,642,642,642],"floor_reached":32,"language":"ENG","playtime":1478,"items_purged":["bronze:Defend"],"score":321,"play_id":"3abe5715-ddf8-4352-98d5-0ccf15fd54a4","local_time":"20210214081734","is_ascension_mode":true,"campfire_choices":[{"data":"bronze:Goto","floor":1,"key":"SMITH"},{"data":"bronze:Library","floor":11,"key":"SMITH"},{"data":"bronze:Hardcode","floor":18,"key":"SMITH"},{"data":"bronze:ItsAFeature","floor":30,"key":"SMITH"}],"circlet_count":0,"master_deck":["bronze:Defend+1","bronze:Defend+1","bronze:Goto+1","bronze:ChosenStrike","downfall:Malfunctioning","bronze:Iterate","bronze:Branch","bronze:Turbo","bronze:ItsAFeature","bronze:Library+1","bronze:Fortify+1","bronze:Shield","bronze:Safeguard","bronze:Turbo","bronze:WildBeam","bronze:Terminator+1","Bite","Bite+1","Bite","Bite","Bite","bronze:Repulsor+1","bronze:CutThrough","bronze:Branch","bronze:ItsAFeature+1","bronze:ClassDefault","bronze:Backtrace","bronze:CloningBeam","bronze:Separator+1","bronze:Hardcode","bronze:TinkerersToolbox","J.A.X.","bronze:Shield"],"relics":["bronze:BronzeCore","Mango","bronze:SilverBullet","Lantern","Odd Mushroom","Akabeko","Blue Candle","Philosopher\u0027s Stone","Whetstone","Letter Opener","downfall:CloakOfManyFaces","CultistMask","FaceOfCleric","NlothsMask","GremlinMask","SsserpentHead","MutagenicStrength"],"acts_visited":["Exordium","TheCity"],"potions_floor_usage":[9,10,12,16,16,16,26,29,31],"damage_taken":[{"damage":0,"enemies":"Small Slimes","floor":2,"turns":4},{"damage":0,"enemies":"2 Louse","floor":4,"turns":2},{"damage":10,"enemies":"Jaw Worm","floor":5,"turns":3},{"damage":20,"enemies":"3 Sentries","floor":6,"turns":10},{"damage":0,"enemies":"Blue Slaver","floor":8,"turns":2},{"damage":13,"enemies":"The Mushroom Lair","floor":9,"turns":4},{"damage":21,"enemies":"Gremlin Nob","floor":10,"turns":3},{"damage":3,"enemies":"Lagavulin","floor":12,"turns":4},{"damage":0,"enemies":"2 Fungi Beasts","floor":13,"turns":1},{"damage":0,"enemies":"Red Slaver","floor":14,"turns":4},{"damage":0,"enemies":"3 Louse","floor":15,"turns":2},{"damage":9,"enemies":"SI_SHIV_ARCHETYPE","floor":16,"turns":5},{"damage":10,"enemies":"downfall:LooterAlt2","floor":19,"turns":4},{"damage":14,"enemies":"Chosen","floor":21,"turns":6},{"damage":1,"enemies":"downfall:FleeingMerchant","floor":22,"turns":4},{"damage":9,"enemies":"Shelled Parasite and Fungi","floor":23,"turns":4},{"damage":26,"enemies":"Book of Stabbing","floor":26,"turns":5},{"damage":10,"enemies":"downfall:FaceTrader","floor":28,"turns":8},{"damage":13,"enemies":"Centurion and Healer","floor":29,"turns":7},{"damage":34,"enemies":"downfall:Augmenter","floor":31,"turns":5},{"damage":11,"enemies":"Sentry and Sphere","floor":32,"turns":2}],"seed_played":"1141059098692566657","potions_obtained":[{"floor":2,"key":"FearPotion"},{"floor":5,"key":"sneckomod:MuddlingPotion"},{"floor":9,"key":"champ:CounterPotion"},{"floor":12,"key":"champ:CounterPotion"},{"floor":13,"key":"Ancient Potion"},{"floor":15,"key":"PowerPotion"},{"floor":23,"key":"Fire Potion"},{"floor":28,"key":"ColorlessPotion"},{"floor":29,"key":"Explosive Potion"}],"is_trial":false,"path_per_floor":["R","M","?","M","M","E","T","M","?","E","R","E","M","M","M","B",null,"R","M","?","M","$","M","T","?","E","T","?","M","R","?","M"],"character_chosen":"THE_AUTOMATON","items_purchased":["bronze:Branch","bronze:ItsAFeature"],"campfire_rested":0,"item_purchase_floors":[22,22],"current_hp_per_floor":[77,77,77,77,67,47,47,47,34,13,13,10,10,10,10,1,77,77,67,53,46,53,50,50,42,24,24,32,31,31,5,0,0,0],"gold":642,"neow_bonus":"ONE_RARE_RELIC","is_daily":false,"chose_seed":false,"campfire_upgraded":4,"win_rate":0.0,"timestamp":1613319454,"path_taken":["R","M","?","M","M","E","T","M","?","E","R","E","M","M","M","BOSS","R","M","?","M","$","M","T","?","E","?","?","?","R","?","M"],"items_purchased_type":["Card","Card"],"build_version":"2020-12-22","purchased_purges":1,"victory":false,"max_hp_per_floor":[77,77,77,77,77,77,77,77,77,77,77,77,77,77,77,77,77,77,77,53,53,53,53,53,58,58,58,58,59,59,60,60,60,60],"relic_stats":{"SsserpentHead":100,"FaceOfCleric":2,"counters":[21,89],"Blue Candle":[6],"Whetstone":["Bite","bronze:Fortify"],"Letter Opener":[20],"obtain_stats":[{"Lantern":7,"bronze:BronzeCore":0,"Blue Candle":12,"Mango":0,"GremlinMask":28,"Whetstone":26,"Letter Opener":27,"Odd Mushroom":9,"Akabeko":10,"SsserpentHead":28,"FaceOfCleric":28,"MutagenicStrength":31,"Philosopher\u0027s Stone":17,"CultistMask":28,"downfall:CloakOfManyFaces":28,"bronze:SilverBullet":6,"NlothsMask":28},{"Lantern":4,"bronze:BronzeCore":0,"Blue Candle":8,"Mango":0,"GremlinMask":18,"Whetstone":17,"Letter Opener":17,"Odd Mushroom":6,"Akabeko":7,"SsserpentHead":18,"FaceOfCleric":18,"MutagenicStrength":20,"Philosopher\u0027s Stone":12,"CultistMask":18,"downfall:CloakOfManyFaces":18,"bronze:SilverBullet":4,"NlothsMask":18},{"Lantern":19,"bronze:BronzeCore":0,"Blue Candle":32,"Mango":0,"GremlinMask":75,"Whetstone":67,"Letter Opener":67,"Odd Mushroom":25,"Akabeko":28,"SsserpentHead":75,"FaceOfCleric":75,"MutagenicStrength":87,"Philosopher\u0027s Stone":44,"CultistMask":75,"downfall:CloakOfManyFaces":75,"bronze:SilverBullet":19,"NlothsMask":75}]},"card_choices":[{"not_picked":["bronze:Shield","bronze:Fortify"],"picked":"bronze:ChosenStrike","floor":2},{"not_picked":["bronze:WildBeam","bronze:Return"],"picked":"bronze:Iterate","floor":4},{"not_picked":["bronze:Overheat","bronze:Invalidate"],"picked":"bronze:Branch","floor":5},{"not_picked":["bronze:DarkDash","bronze:ForLoop"],"picked":"bronze:Turbo","floor":6},{"not_picked":["bronze:Allocate","bronze:Shield"],"picked":"bronze:ItsAFeature","floor":8},{"not_picked":["bronze:Overheat","bronze:Terminator"],"picked":"bronze:Library","floor":9},{"not_picked":["bronze:ThunderWave","bronze:Frontload"],"picked":"bronze:Fortify","floor":10},{"not_picked":["bronze:Library","bronze:CutThrough"],"picked":"bronze:Shield","floor":12},{"not_picked":["bronze:Repulsor","bronze:DelayedGuard"],"picked":"bronze:Safeguard","floor":13},{"not_picked":["bronze:GetLatest","bronze:BuggyMess"],"picked":"bronze:Turbo","floor":14},{"not_picked":["bronze:Refactor","bronze:Shield"],"picked":"bronze:WildBeam","floor":15},{"not_picked":["bronze:ShipIt","bronze:BurnOut"],"picked":"bronze:Hardcode","floor":16},{"not_picked":["bronze:Constructor+1","bronze:Deprecate+1"],"picked":"bronze:Terminator+1","floor":19},{"not_picked":["bronze:ForceShield","bronze:BuggyMess+1"],"picked":"bronze:Repulsor+1","floor":21},{"not_picked":["bronze:BuggyMess","bronze:BugBarrage"],"picked":"bronze:CutThrough","floor":22},{"not_picked":["bronze:Turbo+1","bronze:Overheat"],"picked":"bronze:ClassDefault","floor":23},{"not_picked":["bronze:OilSpill","bronze:CutThrough+1"],"picked":"bronze:Backtrace","floor":26},{"not_picked":["bronze:OilSpill","bronze:Invalidate"],"picked":"bronze:CloningBeam","floor":28},{"not_picked":["bronze:Constructor","bronze:WildBeam+1"],"picked":"bronze:Separator+1","floor":29},{"not_picked":[],"picked":"J.A.X.","floor":31},{"not_picked":["bronze:BugBarrage","bronze:ShipIt"],"picked":"bronze:Shield","floor":31}],"player_experience":203829,"relics_obtained":[{"floor":6,"key":"bronze:SilverBullet"},{"floor":7,"key":"Lantern"},{"floor":9,"key":"Odd Mushroom"},{"floor":10,"key":"Akabeko"},{"floor":12,"key":"Blue Candle"},{"floor":26,"key":"Whetstone"},{"floor":27,"key":"Letter Opener"},{"floor":28,"key":"downfall:CloakOfManyFaces"},{"floor":31,"key":"MutagenicStrength"}],"event_choices":[{"damage_healed":0,"gold_gain":0,"player_choice":"Fought Mushrooms","damage_taken":0,"max_hp_gain":0,"max_hp_loss":0,"event_name":"Mushrooms","floor":9,"gold_loss":0},{"damage_healed":0,"gold_gain":0,"player_choice":"Became a vampire","damage_taken":0,"max_hp_gain":0,"max_hp_loss":24,"event_name":"Vampires","floor":20,"gold_loss":0,"cards_obtained":["Bite","Bite","Bite","Bite","Bite"]}],"is_beta":false,"boss_relics":[{"not_picked":["Pandora\u0027s Box","Calling Bell"],"picked":"Philosopher\u0027s Stone"}],"items_purged_floors":[22],"is_endless":false,"potions_floor_spawned":[2,5,9,12,13,15,23,28,29],"killed_by":"Sentry and Sphere","ascension_level":1}}