{"host":"epc8efk9vrywpcsw","time":1613334011,"event":{"mods":["BaseMod","Minty Spire (QoL Compilation)","Relic Stats","StSLib"],"gold_per_floor":[117,117,137,155,80,114,114,114,114],"floor_reached":8,"language":"ENG","playtime":199,"items_purged":[],"score":112,"play_id":"d8e77166-dcd1-4dc1-b15d-8be11e199771","local_time":"20210214212011","is_ascension_mode":true,"campfire_choices":[{"data":"Concentrate","floor":7,"key":"SMITH"}],"circlet_count":0,"master_deck":["AscendersBane","Strike_G","Strike_G","Strike_G","Defend_G","Defend_G","Defend_G","Defend_G","Survivor","Neutralize","Leg Sweep","Riddle With Holes","Riddle With Holes+1","Concentrate+1","Dagger Spray"],"relics":["Ring of the Snake","Meat on the Bone"],"acts_visited":["Exordium"],"potions_floor_usage":[6],"damage_taken":[{"damage":3,"enemies":"Small Slimes","floor":1,"turns":4},{"damage":1,"enemies":"Cultist","floor":3,"turns":3},{"damage":4,"enemies":"Jaw Worm","floor":4,"turns":3},{"damage":22,"enemies":"Lagavulin","floor":6,"turns":5},{"damage":21,"enemies":"Gremlin Nob","floor":8,"turns":4}],"seed_played":"-7271062812030226465","potions_obtained":[{"floor":1,"key":"BlessingOfTheForge"},{"floor":3,"key":"SteroidPotion"},{"floor":4,"key":"Dexterity Potion"}],"is_trial":false,"path_per_floor":["M","?","M","M","?","E","R","E"],"character_chosen":"THE_SILENT","items_purchased":[],"campfire_rested":0,"item_purchase_floors":[],"current_hp_per_floor":[56,56,55,51,51,29,29,8,8],"gold":114,"neow_bonus":"TRANSFORM_TWO_CARDS","is_daily":false,"chose_seed":false,"campfire_upgraded":1,"win_rate":0.0,"timestamp":1613334011,"path_taken":["M","?","M","?","?","E","R","E"],"items_purchased_type":[],"build_version":"2020-12-22","purchased_purges":0,"victory":false,"max_hp_per_floor":[60,60,60,60,60,60,60,60,60],"relic_stats":{"counters":[5,19],"obtain_stats":[{"Ring of the Snake":0,"Meat on the Bone":6},{"Ring of the Snake":0,"Meat on the Bone":4},{"Ring of the Snake":0,"Meat on the Bone":15}],"Ring of the Snake":[10],"Meat on the Bone":0},"card_choices":[{"not_picked":["Reflex","Noxious Fumes"],"picked":"Riddle With Holes","floor":1},{"not_picked":["Acrobatics","Deflect"],"picked":"Concentrate","floor":3},{"not_picked":["PiercingWail","Flying Knee"],"picked":"Dagger Spray","floor":4},{"not_picked":["Noxious Fumes","Sucker Punch","Poisoned Stab"],"picked":"SKIP","floor":6}],"player_experience":522794,"relics_obtained":[{"floor":6,"key":"Meat on the Bone"}],"event_choices":[{"damage_healed":0,"gold_gain":0,"player_choice":"Upgraded","damage_taken":0,"max_hp_gain":0,"max_hp_loss":0,"event_name":"Upgrade Shrine","floor":2,"gold_loss":0,"cards_upgraded":["Riddle With Holes"]},{"cards_removed":["Strike_G"],"damage_healed":0,"gold_gain":0,"player_choice":"Card Removal","damage_taken":0,"max_hp_gain":0,"max_hp_loss":0,"event_name":"The Cleric","floor":5,"gold_loss":75}],"is_beta":false,"boss_relics":[],"items_purged_floors":[],"is_endless":false,"potions_floor_spawned":[1,3,4],"killed_by":"Gremlin Nob","ascension_level":20}}