{"host":"Luke","time":1613302599,"event":{"mods":["BaseMod","Downfall","Hermit","Minty Spire (QoL Compilation)","StSLib","The Saiyan"],"gold_per_floor":[87,87,104,104,114,114,144,144,144,154,55,55,73,100,100,100,100],"floor_reached":16,"language":"ENG","playtime":2677,"items_purged":["Regret"],"score":110,"play_id":"dd646ef9-77c4-415c-be1d-3054506aae6e","local_time":"20210214113639","is_ascension_mode":false,"campfire_choices":[{"data":"Saiyan:KaioKen","floor":6,"key":"SMITH"},{"floor":8,"key":"REST"},{"floor":15,"key":"REST"}],"circlet_count":0,"master_deck":["Saiyan:SAIYA_Strike","Saiyan:SAIYA_Strike","Saiyan:SAIYA_Strike","Saiyan:SAIYA_Strike","Saiyan:SAIYA_Defend","Saiyan:SAIYA_Defend","Saiyan:SAIYA_Defend","Saiyan:SAIYA_Defend","Saiyan:EnergyBlast","Saiyan:KaioKen+1","Saiyan:RuthlessBlow","Saiyan:PowerUp","Saiyan:MajinSeal","Saiyan:Overexert","Saiyan:KameHameHa","Saiyan:MeteorDash","Saiyan:Quickening","Saiyan:PowerUp"],"relics":["SaiyanSoul","SaiyanHeart","NeowsBlessing","Happy Flower","PreservedInsect","Calipers","Darkstone Periapt"],"acts_visited":["Exordium"],"potions_floor_usage":[10],"damage_taken":[{"damage":0,"enemies":"2 Louse","floor":1,"turns":1},{"damage":0,"enemies":"Jaw Worm","floor":3,"turns":1},{"damage":0,"enemies":"Small Slimes","floor":5,"turns":1},{"damage":18,"enemies":"Lagavulin","floor":7,"turns":8},{"damage":6,"enemies":"3 Louse","floor":10,"turns":4},{"damage":5,"enemies":"Looter","floor":13,"turns":4},{"damage":22,"enemies":"3 Sentries","floor":14,"turns":6},{"damage":51,"enemies":"Slime Boss","floor":16,"turns":13}],"seed_played":"3481850715135715902","potions_obtained":[{"floor":7,"key":"EssenceOfSteel"}],"is_trial":false,"path_per_floor":["M","?","M","?","M","R","E","R","T","M","$","?","M","E","R","B"],"character_chosen":"SAIYAJIN","items_purchased":["Saiyan:Quickening"],"campfire_rested":2,"item_purchase_floors":[11],"current_hp_per_floor":[60,60,60,60,60,60,44,62,62,58,58,51,46,25,44,0,0],"gold":100,"neow_bonus":"THREE_ENEMY_KILL","is_daily":false,"chose_seed":false,"campfire_upgraded":1,"win_rate":0.0,"timestamp":1613302599,"path_taken":["M","?","M","?","M","R","E","R","T","M","$","?","M","E","R","BOSS"],"items_purchased_type":["Card"],"build_version":"2020-12-18","purchased_purges":1,"victory":false,"max_hp_per_floor":[60,60,60,60,60,60,62,62,62,64,64,64,64,65,65,66,66],"card_choices":[{"not_picked":["Saiyan:KiExplosion","Saiyan:Scouter"],"picked":"Saiyan:PowerUp","floor":1},{"not_picked":["Saiyan:FingerParry","Saiyan:Makankosappo"],"picked":"Saiyan:MajinSeal","floor":3},{"not_picked":["Saiyan:BigBangAttack","Saiyan:KiExplosion"],"picked":"Saiyan:Overexert","floor":5},{"not_picked":["Saiyan:Flurry","Saiyan:Honing"],"picked":"Saiyan:KameHameHa","floor":7},{"not_picked":["Saiyan:DragonFist","Saiyan:ConcussiveBlow"],"picked":"Saiyan:MeteorDash","floor":10},{"not_picked":["Saiyan:MeteorDash","Saiyan:KameHameHa","Saiyan:Twize"],"picked":"SKIP","floor":13},{"not_picked":["Saiyan:BackAttack","Saiyan:PlotArmor"],"picked":"Saiyan:PowerUp","floor":14}],"player_experience":729621,"relics_obtained":[{"floor":7,"key":"PreservedInsect"},{"floor":14,"key":"Darkstone Periapt"}],"event_choices":[{"damage_healed":0,"gold_gain":0,"player_choice":"Ignored","damage_taken":0,"max_hp_gain":0,"max_hp_loss":0,"event_name":"Golden Wing","floor":2,"gold_loss":0},{"damage_healed":0,"gold_gain":0,"player_choice":"Box","damage_taken":0,"relics_obtained":["Happy Flower"],"max_hp_gain":0,"max_hp_loss":0,"event_name":"Big Fish","floor":4,"gold_loss":0,"cards_obtained":["Regret"]},{"damage_healed":0,"gold_gain":0,"player_choice":"Success","damage_taken":7,"relics_obtained":["Calipers"],"max_hp_gain":0,"max_hp_loss":0,"event_name":"Scrap Ooze","floor":12,"gold_loss":0}],"is_beta":true,"boss_relics":[],"items_purged_floors":[11],"is_endless":false,"potions_floor_spawned":[7],"killed_by":"Slime Boss","ascension_level":0}}