{"host":"szp1d6dso4pv7ddl","time":1613330564,"event":{"mods":["AchievementEnabler","Alarm Clock","BaseMod","Bestiary","Block Reminder","Colored Map","Colored Powertips","Curses Come First","Dark Map","Displayed Cursed Tome","Highlight Path","Minty Spire (QoL Compilation)","Permanent Neow","Quick Restart","Relic Sorter","Relic Stats","StSLib","Synergy Search"],"gold_per_floor":[116,135,56,75,85,85,118,133,133,133,133,164,182,198,198,270,270,248,248,248,298,317,317,328,328,328],"floor_reached":25,"language":"ENG","playtime":2260,"items_purged":[],"score":430,"play_id":"a36e066e-9273-47bc-b0fa-a6203a0e8d02","local_time":"20210214112244","is_ascension_mode":true,"campfire_choices":[{"data":"Footwork","floor":6.0,"key":"SMITH"},{"floor":15.0,"key":"REST"},{"floor":23.0,"key":"REST"}],"circlet_count":0,"master_deck":["AscendersBane","Strike_G","Strike_G","Strike_G","Strike_G","Strike_G","Defend_G","Defend_G","Defend_G","Defend_G","Defend_G","Survivor","Neutralize","After Image","Blade Dance","Deadly Poison","Footwork+1","Infinite Blades","Backflip","Deflect","Backflip","Finisher+1","Dodge and Roll","A Thousand Cuts","CurseOfTheBell","Cloak And Dagger","Infinite Blades","Doppelganger"],"relics":["Ring of the Snake","Regal Pillow","Kunai","Molten Egg 2","Calling Bell","Happy Flower","Sundial","Pocketwatch"],"acts_visited":["Exordium","TheCity"],"potions_floor_usage":[25],"damage_taken":[{"damage":3.0,"enemies":"Cultist","floor":1.0,"turns":5.0},{"damage":1.0,"enemies":"Jaw Worm","floor":2.0,"turns":5.0},{"damage":5.0,"enemies":"Small Slimes","floor":4.0,"turns":5.0},{"damage":2.0,"enemies":"Looter","floor":5.0,"turns":3.0},{"damage":23.0,"enemies":"Gremlin Nob","floor":7.0,"turns":6.0},{"damage":0.0,"enemies":"Exordium Wildlife","floor":8.0,"turns":3.0},{"damage":18.0,"enemies":"Lagavulin","floor":12.0,"turns":10.0},{"damage":19.0,"enemies":"Gremlin Gang","floor":13.0,"turns":6.0},{"damage":2.0,"enemies":"2 Fungi Beasts","floor":14.0,"turns":4.0},{"damage":21.0,"enemies":"The Guardian","floor":16.0,"turns":17.0},{"damage":17.0,"enemies":"2 Thieves","floor":18.0,"turns":4.0},{"damage":10.0,"enemies":"Shell Parasite","floor":22.0,"turns":8.0},{"damage":21.0,"enemies":"Snake Plant","floor":24.0,"turns":7.0},{"damage":36,"enemies":"Slavers","floor":25,"turns":2}],"seed_played":"-1697282562236683928","potions_obtained":[{"floor":2.0,"key":"Poison Potion"},{"floor":5.0,"key":"GhostInAJar"},{"floor":13.0,"key":"GamblersBrew"},{"floor":16.0,"key":"Explosive Potion"},{"floor":18.0,"key":"Strength Potion"}],"is_trial":false,"path_per_floor":["M","M","$","M","M","R","E","M","T","?","?","E","M","M","R","B",null,"M","?","?","?","M","R","M","E"],"character_chosen":"THE_SILENT","items_purchased":["Footwork"],"campfire_rested":2,"item_purchase_floors":[3],"current_hp_per_floor":[56,55,55,50,48,48,25,25,25,47,47,29,10,8,42,21,55,38,29,29,29,19,53,32,0,0],"gold":328,"neow_bonus":"ONE_RANDOM_RARE_CARD","is_daily":false,"chose_seed":false,"campfire_upgraded":1,"win_rate":0.0,"timestamp":1613330564,"path_taken":["M","M","?","M","M","R","E","M","T","?","?","E","M","M","R","BOSS","M","?","?","?","M","R","M","E"],"items_purchased_type":["Card"],"build_version":"2020-12-22","purchased_purges":0,"victory":false,"max_hp_per_floor":[66,66,66,66,66,66,66,66,66,66,66,66,66,66,66,66,66,66,66,66,66,66,66,66,66,66],"relic_stats":{"Regal Pillow":30,"Happy Flower":[7],"counters":[14,85],"Sundial":[0],"Kunai":[31],"obtain_stats":[{"Calling Bell":17,"Regal Pillow":7,"Happy Flower":17,"Sundial":17,"Molten Egg 2":12,"Kunai":9,"Ring of the Snake":0,"Pocketwatch":17},{"Calling Bell":10,"Regal Pillow":5,"Happy Flower":10,"Sundial":10,"Molten Egg 2":7,"Kunai":6,"Ring of the Snake":0,"Pocketwatch":10},{"Calling Bell":64,"Regal Pillow":24,"Happy Flower":64,"Sundial":64,"Molten Egg 2":37,"Kunai":27,"Ring of the Snake":0,"Pocketwatch":64}],"Ring of the Snake":[28],"Pocketwatch":[6]},"card_choices":[{"not_picked":["Quick Slash","Dagger Throw"],"picked":"Blade Dance","floor":1.0},{"not_picked":["Caltrops","Bane"],"picked":"Deadly Poison","floor":2.0},{"not_picked":["Bane","All Out Attack","Noxious Fumes"],"picked":"SKIP","floor":4.0},{"not_picked":["Caltrops","Acrobatics"],"picked":"Infinite Blades","floor":5.0},{"not_picked":["Catalyst","Acrobatics"],"picked":"Backflip","floor":7.0},{"not_picked":["Choke","Flying Knee"],"picked":"Deflect","floor":8.0},{"not_picked":["Predator+1","Deadly Poison"],"picked":"Backflip","floor":12.0},{"not_picked":["Choke+1","Sucker Punch+1"],"picked":"Finisher+1","floor":13.0},{"not_picked":["Sucker Punch+1","Heel Hook+1"],"picked":"Dodge and Roll","floor":14.0},{"not_picked":["Bullet Time","Malaise"],"picked":"A Thousand Cuts","floor":16.0},{"not_picked":["Sucker Punch+1","Predator+1"],"picked":"Cloak And Dagger","floor":18.0},{"not_picked":["Outmaneuver","Flying Knee+1"],"picked":"Infinite Blades","floor":22.0},{"not_picked":["Backstab+1","Bane+1"],"picked":"Doppelganger","floor":24.0}],"player_experience":1573528,"relics_obtained":[{"floor":7.0,"key":"Regal Pillow"},{"floor":9.0,"key":"Kunai"},{"floor":12.0,"key":"Molten Egg 2"},{"floor":17.0,"key":"Happy Flower"},{"floor":17.0,"key":"Sundial"},{"floor":17.0,"key":"Pocketwatch"}],"event_choices":[{"damage_healed":22.0,"max_hp_gain":0.0,"max_hp_loss":0.0,"gold_gain":0.0,"event_name":"Big Fish","player_choice":"Banana","floor":10.0,"gold_loss":0.0,"damage_taken":0.0},{"damage_healed":0.0,"max_hp_gain":0.0,"max_hp_loss":0.0,"gold_gain":0.0,"event_name":"Liars Game","player_choice":"Ignored","floor":11.0,"gold_loss":0.0,"damage_taken":0.0},{"damage_healed":0.0,"max_hp_gain":0.0,"max_hp_loss":0.0,"gold_gain":0.0,"event_name":"Cursed Tome","player_choice":"Stopped","floor":19.0,"gold_loss":0.0,"damage_taken":9.0},{"damage_healed":0.0,"max_hp_gain":0.0,"max_hp_loss":0.0,"gold_gain":0.0,"event_name":"Ghosts","player_choice":"Ignored","floor":20.0,"gold_loss":0.0,"damage_taken":0.0},{"damage_healed":0.0,"max_hp_gain":0.0,"max_hp_loss":0.0,"gold_gain":50.0,"event_name":"Nest","player_choice":"Stole From Cult","floor":21.0,"gold_loss":0.0,"damage_taken":0.0}],"is_beta":false,"boss_relics":[{"not_picked":["Tiny House","Philosopher\u0027s Stone"],"picked":"Calling Bell"}],"items_purged_floors":[],"is_endless":false,"potions_floor_spawned":[2,5,13,16,18,24],"killed_by":"Slavers","ascension_level":20}}