{"host":"v4tuy5ykrbdcm9o9","time":1613334740,"event":{"mods":["BaseMod","Duelist Mod","Minty Spire (QoL Compilation)","Replay The Spire","StSLib"],"gold_per_floor":[110,122,134,151,161,161,192,192,192,192,225,24,55,74,74,179,179,191,191,210,221,221,221,221,221],"floor_reached":24,"language":"ENG","playtime":3074,"items_purged":[],"score":352,"play_id":"d8867650-8a09-4068-86c7-63e6a6004771","local_time":"20210214153220","is_ascension_mode":true,"campfire_choices":[{"floor":6,"key":"RECALL"},{"data":"Eruption","floor":8,"key":"SMITH"},{"floor":10,"key":"REST"},{"floor":15,"key":"DIG"},{"floor":23,"key":"REST"}],"circlet_count":0,"master_deck":["Strike_P","Strike_P","Strike_P","Strike_P","Defend_P","Defend_P","Defend_P","Defend_P","Eruption+1","Vigilance","Vault","Replay:ManipulateFuture","EmptyFist","Weave","Protect","Replay:BluntJabs","Wallop","ThirdEye","CutThroughFate","PanicButton","Wallop","Protect","LessonLearned","theDuelist:CurseAging","theDuelist:SummoningCurse","Shame","Halt","RitualDagger+1","CrushJoints","Replay:Hum+1"],"relics":["PureWater","TeardropLocket","Bronze Scales","Shovel","Blue Doll","Replay:Ancient Bell","Boot","Meat on the Bone","Calipers"],"acts_visited":["Exordium","TheCity"],"potions_floor_usage":[7,7,13,18,24],"damage_taken":[{"damage":0.0,"enemies":"Small Slimes","floor":1.0,"turns":3.0},{"damage":0.0,"enemies":"2 Louse","floor":2.0,"turns":3.0},{"damage":0.0,"enemies":"Jaw Worm","floor":3.0,"turns":3.0},{"damage":6.0,"enemies":"Looter","floor":4.0,"turns":4.0},{"damage":10.0,"enemies":"Red Slaver","floor":5.0,"turns":7.0},{"damage":7,"enemies":"3 Sentries","floor":7,"turns":11},{"damage":12,"enemies":"Gremlin Nob","floor":11,"turns":4},{"damage":0,"enemies":"3 Sentries","floor":13,"turns":3},{"damage":0,"enemies":"3 Louse","floor":14,"turns":2},{"damage":15,"enemies":"The Guardian","floor":16,"turns":12},{"damage":4,"enemies":"2 Thieves","floor":18,"turns":4},{"damage":1,"enemies":"3 Byrds","floor":20,"turns":4},{"damage":41,"enemies":"Centurion and Healer","floor":21,"turns":6},{"damage":36,"enemies":"Book of Stabbing","floor":24,"turns":6}],"seed_played":"-4564310761510535699","potions_obtained":[{"floor":4.0,"key":"Reflective Coating"},{"floor":5,"key":"LiquidMemories"},{"floor":13,"key":"Doom Potion"},{"floor":16,"key":"StancePotion"},{"floor":21,"key":"Reflective Coating"}],"is_trial":false,"path_per_floor":["M","M","M","M","M","R","E","R","T","R","E","$","E","M","R","B",null,"M","?","M","M","?","R","E"],"character_chosen":"WATCHER","items_purchased":["CutThroughFate","PanicButton","ColorlessPotion"],"campfire_rested":2,"item_purchase_floors":[12,12,12],"current_hp_per_floor":[65,65,65,59,49,49,42,42,42,63,51,51,51,51,51,36,63,59,53,52,23,10,33,0,0],"gold":221,"neow_bonus":"ONE_RANDOM_RARE_CARD","is_daily":false,"chose_seed":false,"campfire_upgraded":1,"win_rate":0.0,"timestamp":1613334740,"path_taken":["M","M","M","M","M","R","E","R","T","R","E","$","E","M","R","BOSS","M","?","M","M","?","R","E"],"items_purchased_type":["Card","Card","Potion"],"build_version":"2020-12-22","purchased_purges":0,"victory":false,"max_hp_per_floor":[72,72,72,72,72,72,72,72,72,72,72,72,72,72,72,72,72,72,72,72,72,77,77,77,77],"card_choices":[{"not_picked":["Replay:BluntJabs","EmptyBody"],"picked":"Replay:ManipulateFuture","floor":1.0},{"not_picked":["Meditate","Conclude"],"picked":"EmptyFist","floor":2.0},{"not_picked":["Evaluate","EmptyBody"],"picked":"Weave","floor":3.0},{"not_picked":["DeceiveReality","Fasting2"],"picked":"Protect","floor":4.0},{"not_picked":["Collect","Pray"],"picked":"Replay:BluntJabs","floor":5},{"not_picked":["Prostrate","EmptyBody"],"picked":"Wallop","floor":7},{"not_picked":["Study","Halt"],"picked":"ThirdEye","floor":11},{"not_picked":["CutThroughFate","Study"],"picked":"Wallop","floor":13},{"not_picked":["Prostrate","Omniscience"],"picked":"Protect","floor":14},{"not_picked":["Replay:AllIn","Brilliance"],"picked":"LessonLearned","floor":16},{"not_picked":["Overencumbered","Pain"],"picked":"theDuelist:CurseAging","floor":17},{"not_picked":["theDuelist:VampireCurse","theDuelist:GravekeeperCurse"],"picked":"theDuelist:SummoningCurse","floor":17},{"not_picked":["Delirium","Amnesia"],"picked":"Shame","floor":17},{"not_picked":["WaveOfTheHand","Consecrate"],"picked":"Halt","floor":18},{"not_picked":["ClearTheMind","EmptyBody"],"picked":"CrushJoints","floor":20},{"not_picked":["EmptyBody","Protect"],"picked":"Replay:Hum+1","floor":21}],"player_experience":873169,"relics_obtained":[{"floor":7,"key":"TeardropLocket"},{"floor":11,"key":"Bronze Scales"},{"floor":13,"key":"Shovel"},{"floor":15,"key":"Blue Doll"}],"event_choices":[{"damage_healed":0,"gold_gain":0,"player_choice":"Joined the Cult","damage_taken":6,"max_hp_gain":0,"max_hp_loss":0,"event_name":"Nest","floor":19,"gold_loss":0,"cards_obtained":["RitualDagger"]},{"damage_healed":0,"gold_gain":0,"player_choice":"Shed Blood","damage_taken":18,"max_hp_gain":5,"max_hp_loss":0,"event_name":"Forgotten Altar","floor":22,"gold_loss":0}],"is_beta":false,"boss_relics":[{"not_picked":["Runic Dome","Sozu"],"picked":"Replay:Ancient Bell"},{"not_picked":["Oddly Smooth Stone","Replay:Rubber Ducky"],"picked":"Boot"},{"not_picked":["Replay:Bottled Eggs","Divine Protection"],"picked":"Meat on the Bone"},{"not_picked":["Ginger","Bird Faced Urn"],"picked":"Calipers"}],"items_purged_floors":[],"is_endless":false,"potions_floor_spawned":[4,5,13,16,21],"killed_by":"Book of Stabbing","ascension_level":9}}