{"host":"hf83sijwe64ts2lm","time":1613269441,"event":{"mods":["2.2 Compatiblity","BaseMod","Better Altar","Better Match","Better Note","Better Sensory Stone","Better Skull","Better Third Choice","Colored Map","Colored Powertips","Highlight Path","Hubris","Infinite Spire","Minty Spire (QoL Compilation)","Quick Restart","Rare Cards Sparkle","Relic Stats","Reliquary","Replay The Spire","Shop Mod","Spicy Shops","Spire Arcade","StSLib","Thieving Mod"],"gold_per_floor":[112,112,131,11,11,46,46,61,84,84,94,109,109,123,123,228,228,245,233,70,0,0,0],"floor_reached":22,"language":"ENG","playtime":561,"items_purged":["Pain"],"score":233,"play_id":"ce04b451-1eee-492d-926d-197dc308e2e5","local_time":"20210213212401","is_ascension_mode":true,"campfire_choices":[{"floor":7,"key":"REST"},{"floor":10,"key":"REST"},{"floor":15,"key":"REST"}],"circlet_count":0,"master_deck":["Strike_R","Strike_R","Strike_R","Strike_R","Strike_R","Defend_R","Defend_R","Defend_R","Defend_R","Bash","Barricade","ReplayTheSpireMod:Muscle Training+1","Armaments","Flex","Iron Wave","Replay:Undeath\u0027s Touch","Intimidate","Combust","Armaments","Demon Form","Massacre+1","Perfected Strike+1","Inflame","Inflame","Disarm"],"relics":["Burning Blood","WarpedTongs","hubris:PeanutButter","hubris:Zylophone","Runic Cube"],"acts_visited":["Exordium","TheCity"],"potions_floor_usage":[6,11,16,22],"damage_taken":[{"damage":23,"enemies":"Cultist","floor":1,"turns":6},{"damage":14,"enemies":"2 Louse","floor":3,"turns":4},{"damage":42,"enemies":"Gremlin Nob","floor":6,"turns":5},{"damage":0,"enemies":"Jaw Worm","floor":8,"turns":3},{"damage":0,"enemies":"3 Louse","floor":11,"turns":1},{"damage":8,"enemies":"2 Fungi Beasts","floor":12,"turns":4},{"damage":15,"enemies":"Lots of Slimes","floor":14,"turns":5},{"damage":41,"enemies":"The Guardian","floor":16,"turns":13},{"damage":32,"enemies":"Spheric Guardian","floor":18,"turns":6},{"damage":20,"enemies":"2 Thieves","floor":19,"turns":4},{"damage":42,"enemies":"Cultist and Chosen","floor":22,"turns":6}],"seed_played":"-4349899063765774214","potions_obtained":[{"floor":3,"key":"SkillPotion"},{"floor":6,"key":"Explosive Potion"},{"floor":11,"key":"Weak Potion"},{"floor":14,"key":"GamblersBrew"},{"floor":19,"key":"SkillPotion"}],"is_trial":false,"path_per_floor":["M","?","M","$","?","E","R","M","T","R","M","M","T","M","R","B",null,"M","M","$","?","M"],"character_chosen":"IRONCLAD","items_purchased":["Flex","Inflame","Disarm"],"campfire_rested":3,"item_purchase_floors":[4,20,20],"current_hp_per_floor":[63,63,55,55,55,19,43,49,49,73,79,77,77,68,80,45,71,45,31,31,31,0,0],"gold":0,"neow_bonus":"ONE_RANDOM_RARE_CARD","is_daily":false,"chose_seed":false,"campfire_upgraded":0,"win_rate":0.0,"timestamp":1613269441,"path_taken":["M","?","?","$","?","E","R","M","T","R","M","M","?","M","R","BOSS","M","M","$","?","M"],"items_purchased_type":["Card","Card","Card"],"build_version":"2020-12-22","purchased_purges":1,"victory":false,"max_hp_per_floor":[80,80,80,80,80,80,80,80,80,80,80,80,80,80,80,80,80,80,80,80,80,80,80],"relic_stats":{"counters":[11,57],"obtain_stats":[{"hubris:Zylophone":13,"hubris:PeanutButter":6,"Burning Blood":0,"WarpedTongs":2,"Runic Cube":17},{"hubris:Zylophone":6,"hubris:PeanutButter":3,"Burning Blood":0,"WarpedTongs":1,"Runic Cube":8},{"hubris:Zylophone":23,"hubris:PeanutButter":15,"Burning Blood":0,"WarpedTongs":6,"Runic Cube":41}],"Burning Blood":60,"WarpedTongs":[49],"Runic Cube":[15]},"card_choices":[{"not_picked":["ReplayTheSpireMod:Corrosion Curse","Headbutt"],"picked":"ReplayTheSpireMod:Muscle Training","floor":1},{"not_picked":["Shrug It Off","ReplayTheSpireMod:Corrosion Curse"],"picked":"Armaments","floor":3},{"not_picked":["Warcry","Clash"],"picked":"Iron Wave","floor":6},{"not_picked":["Havoc","Blood for Blood"],"picked":"Replay:Undeath\u0027s Touch","floor":8},{"not_picked":["hubris:ReadiedAction","Havoc"],"picked":"Intimidate","floor":11},{"not_picked":["Clash","Twin Strike"],"picked":"Combust","floor":12},{"not_picked":["Replay:Undeath\u0027s Touch","hubris:ReadiedAction"],"picked":"Armaments","floor":14},{"not_picked":["Feed","Brutality"],"picked":"Demon Form","floor":16},{"not_picked":["Dual Wield","hubris:ReadiedAction"],"picked":"Massacre+1","floor":18},{"not_picked":["Sword Boomerang","Pommel Strike"],"picked":"Perfected Strike+1","floor":19}],"player_experience":175300,"relics_obtained":[{"floor":6,"key":"hubris:PeanutButter"},{"floor":13,"key":"hubris:Zylophone"}],"event_choices":[{"damage_healed":0,"gold_gain":0,"player_choice":"Rummage","damage_taken":0,"relics_obtained":["WarpedTongs"],"max_hp_gain":0,"max_hp_loss":0,"event_name":"Accursed Blacksmith","floor":2,"gold_loss":0,"cards_obtained":["Pain"]},{"damage_healed":0,"gold_gain":0,"player_choice":"Paid Fearfully","damage_taken":0,"max_hp_gain":0,"max_hp_loss":0,"event_name":"Masked Bandits","floor":21,"gold_loss":70}],"is_beta":false,"boss_relics":[{"not_picked":["reliquary:KinkedSpring","Replay:Grab Bag"],"picked":"Runic Cube"}],"items_purged_floors":[4],"is_endless":false,"potions_floor_spawned":[3,6,11,14,19],"killed_by":"Cultist and Chosen","ascension_level":5}}