{"host":"m4pe905ae9bldoe7","time":1613265892,"event":{"mods":["BaseMod","Bestiary","Block Reminder","Downfall","Minty Spire (QoL Compilation)","StSLib"],"gold_per_floor":[113,188,200,100,100,127,127,145,145,158,158,158],"floor_reached":11,"language":"ENG","playtime":379,"items_purged":["downfall:Bewildered"],"score":110,"play_id":"07642b53-f223-4644-a49d-749ae7e7eb28","local_time":"20210214022452","is_ascension_mode":true,"campfire_choices":[{"floor":7,"key":"REST"}],"circlet_count":0,"master_deck":["AscendersBane","Strike_G","Strike_G","Strike_G","Strike_G","Strike_G","Defend_G","Defend_G","Defend_G","Defend_G+1","Defend_G","Survivor+1","Neutralize","Slice","Acrobatics","Slice","Slice","Sucker Punch"],"relics":["Ring of the Snake","Unceasing Top","Bottled Flame"],"acts_visited":["Exordium"],"potions_floor_usage":[6],"damage_taken":[{"damage":6,"enemies":"2 Louse","floor":1,"turns":4},{"damage":4,"enemies":"Jaw Worm","floor":3,"turns":4},{"damage":25,"enemies":"3 Sentries","floor":6,"turns":9},{"damage":0,"enemies":"Small Slimes","floor":8,"turns":2},{"damage":0,"enemies":"2 Fungi Beasts","floor":10,"turns":4},{"damage":38,"enemies":"Gremlin Nob","floor":11,"turns":5}],"seed_played":"6062186563932653152","potions_obtained":[{"floor":1,"key":"DistilledChaos"},{"floor":6,"key":"Dexterity Potion"}],"is_trial":false,"path_per_floor":["M","?","M","$","?","E","R","M","T","M","E"],"character_chosen":"THE_SILENT","items_purchased":["Slice"],"campfire_rested":1,"item_purchase_floors":[4],"current_hp_per_floor":[57,46,42,42,28,3,24,24,24,24,0,0],"gold":158,"neow_bonus":"ONE_RARE_RELIC","is_daily":false,"chose_seed":false,"campfire_upgraded":0,"win_rate":0.0,"timestamp":1613265892,"path_taken":["M","?","M","$","?","E","R","?","T","M","E"],"items_purchased_type":["Card"],"build_version":"2020-12-22","purchased_purges":1,"victory":false,"max_hp_per_floor":[70,70,70,70,70,70,70,70,70,70,70,70],"card_choices":[{"not_picked":["Dagger Spray","Concentrate"],"picked":"Slice","floor":1},{"not_picked":["Cloak And Dagger","Outmaneuver"],"picked":"Acrobatics","floor":3},{"not_picked":["Dagger Throw","Deadly Poison"],"picked":"Slice","floor":6},{"not_picked":["Blade Dance","Dodge and Roll"],"picked":"Sucker Punch","floor":8},{"not_picked":["Reflex","Deadly Poison","Malaise"],"picked":"SKIP","floor":10}],"player_experience":608826,"relics_obtained":[{"floor":6,"key":"Bottled Flame"}],"event_choices":[{"damage_healed":0,"gold_gain":75,"player_choice":"Gather Gold","damage_taken":11,"max_hp_gain":0,"max_hp_loss":0,"event_name":"World of Goop","floor":2,"gold_loss":0},{"damage_healed":0,"gold_gain":0,"player_choice":"Entered Light","damage_taken":14,"max_hp_gain":0,"max_hp_loss":0,"event_name":"Shining Light","floor":5,"gold_loss":0,"cards_upgraded":["Survivor","Defend_G"]}],"is_beta":false,"boss_relics":[],"items_purged_floors":[4],"is_endless":false,"potions_floor_spawned":[1,6],"killed_by":"Gremlin Nob","ascension_level":10}}