{"host":"iphsb0ccnjx0pfn6","time":1613289604,"event":{"mods":["2.2 Compatiblity","AchievementEnabler","BaseMod","Colored Map","DeckTracker","Keyboard Shortcuts","Minty Spire (QoL Compilation)","Permanent Neow","Quick Restart","Relic Stats","StSLib","SuperFastMode","Uncapped","everything is the same but u backflip on backflip"],"gold_per_floor":[14,24,24,34,46,46,72,84,96,119,131,143,155,155],"floor_reached":13,"language":"KOR","playtime":267,"items_purged":[],"score":170,"play_id":"b9d27dc7-531e-490f-95ab-81625a9a0819","local_time":"20210214170004","is_ascension_mode":true,"campfire_choices":[{"data":"Crippling Poison","floor":6,"key":"SMITH"},{"floor":8,"key":"REST"},{"data":"Bouncing Flask","floor":12,"key":"SMITH"}],"circlet_count":0,"master_deck":["AscendersBane","Strike_G","Strike_G","Strike_G","Defend_G","Defend_G","Defend_G","Defend_G","Survivor","Neutralize","Bouncing Flask+1","Doppelganger","Bane","Endless Agony","Crippling Poison+1","Blur"],"relics":["Ring of the Snake","MawBank","Matryoshka"],"acts_visited":["Exordium"],"potions_floor_usage":[5,7,13],"damage_taken":[{"damage":0.0,"enemies":"Cultist","floor":1.0,"turns":4.0},{"damage":1.0,"enemies":"Small Slimes","floor":2.0,"turns":4.0},{"damage":2,"enemies":"2 Louse","floor":4,"turns":3},{"damage":16,"enemies":"Exordium Thugs","floor":5,"turns":5},{"damage":38,"enemies":"3 Sentries","floor":7,"turns":11},{"damage":3,"enemies":"Large Slime","floor":10,"turns":5},{"damage":27,"enemies":"Gremlin Nob","floor":13,"turns":4}],"seed_played":"7999342473250746850","potions_obtained":[{"floor":1.0,"key":"Poison Potion"},{"floor":5,"key":"Fruit Juice"},{"floor":10,"key":"Ancient Potion"}],"is_trial":false,"path_per_floor":["M","M","?","M","M","R","E","R","T","M","$","R","E"],"character_chosen":"THE_SILENT","items_purchased":[],"campfire_rested":1,"item_purchase_floors":[],"current_hp_per_floor":[59,58,58,56,40,40,7,28,28,25,25,25,0,0],"gold":155,"neow_bonus":"TRANSFORM_TWO_CARDS","is_daily":false,"chose_seed":false,"campfire_upgraded":2,"win_rate":0.0,"timestamp":1613289604,"path_taken":["M","?","?","?","M","R","E","R","T","M","?","R","E"],"items_purchased_type":[],"build_version":"2020-12-22","purchased_purges":0,"victory":false,"max_hp_per_floor":[66,66,66,66,66,66,71,71,71,71,71,71,71,71],"relic_stats":{"counters":[7,36],"MawBank":72,"obtain_stats":[{"Matryoshka":9,"MawBank":7,"Ring of the Snake":0},{"Matryoshka":5,"MawBank":5,"Ring of the Snake":0},{"Matryoshka":27,"MawBank":27,"Ring of the Snake":0}],"Ring of the Snake":[15]},"card_choices":[{"not_picked":["Quick Slash","Dagger Spray"],"picked":"Bane","floor":1.0},{"not_picked":["Underhanded Strike","Outmaneuver","Dodge and Roll"],"picked":"SKIP","floor":2.0},{"not_picked":["Slice","Flying Knee"],"picked":"Crippling Poison","floor":4},{"not_picked":["Riddle With Holes","Underhanded Strike"],"picked":"Blur","floor":5},{"not_picked":["Riddle With Holes","Concentrate","Expertise"],"picked":"SKIP","floor":7},{"not_picked":["Phantasmal Killer","Outmaneuver","Underhanded Strike"],"picked":"SKIP","floor":10}],"player_experience":1311835,"relics_obtained":[{"floor":7,"key":"MawBank"},{"floor":9,"key":"Matryoshka"}],"event_choices":[{"damage_healed":0.0,"max_hp_gain":0.0,"max_hp_loss":0.0,"gold_gain":0.0,"cards_transformed":["Strike_G"],"event_name":"Transmorgrifier","player_choice":"Transformed","floor":3.0,"gold_loss":0.0,"damage_taken":0.0,"cards_obtained":["Endless Agony"]}],"is_beta":false,"boss_relics":[],"items_purged_floors":[],"is_endless":false,"potions_floor_spawned":[1,5,10],"killed_by":"Gremlin Nob","ascension_level":20}}