{"host":"m4pe905ae9bldoe7","time":1613260835,"event":{"mods":["BaseMod","Bestiary","Block Reminder","Downfall","Minty Spire (QoL Compilation)","StSLib"],"gold_per_floor":[14,29,40,190,210,210,310,310,337,352,119,30,60,76,76,153,153,166,216,141,416,433,462,462,475,528,528,528,528,544,57,69,69,69,69,69],"floor_reached":35,"language":"ENG","playtime":1088,"items_purged":["downfall:Haunted"],"score":638,"play_id":"373af83b-45f9-4eb1-b002-3cd26795cee5","local_time":"20210214010035","is_ascension_mode":true,"campfire_choices":[{"data":"Bash","floor":6,"key":"SMITH"},{"data":"downfall:Haunted","floor":8,"key":"PURGE"},{"floor":15,"key":"REST"},{"data":"Regret","floor":24,"key":"PURGE"},{"data":"Heavy Blade","floor":29,"key":"SMITH"},{"floor":33,"key":"REST"},{"data":"Inflame","floor":34,"key":"SMITH"}],"circlet_count":0,"master_deck":["AscendersBane","Strike_R","Strike_R","Strike_R","Strike_R","Strike_R","Defend_R","Defend_R","Defend_R","Defend_R","Bash+1","Fire Breathing","Dual Wield","Sword Boomerang","Doubt","Corruption","Injury","Clumsy","Inflame+1","Heavy Blade+1","True Grit","Exhume","Dual Wield","Sword Boomerang","Heavy Blade","Flex"],"relics":["Burning Blood","Peace Pipe","Du-Vu Doll","Orichalcum","Sling","Anchor","bronze:MakeshiftBattery","Thread and Needle","Regal Pillow","Medical Kit","TungstenRod"],"acts_visited":["Exordium","TheCity"],"potions_floor_usage":[25,35],"damage_taken":[{"damage":10,"enemies":"Small Slimes","floor":1,"turns":3},{"damage":21,"enemies":"Jaw Worm","floor":2,"turns":5},{"damage":13,"enemies":"Cultist","floor":3,"turns":5},{"damage":15,"enemies":"3 Louse","floor":5,"turns":5},{"damage":8,"enemies":"Large Slime","floor":10,"turns":4},{"damage":28,"enemies":"Lagavulin","floor":13,"turns":5},{"damage":3,"enemies":"2 Fungi Beasts","floor":14,"turns":3},{"damage":0,"enemies":"Slime Boss","floor":16,"turns":6},{"damage":6,"enemies":"Chosen","floor":18,"turns":3},{"damage":21,"enemies":"Spheric Guardian","floor":22,"turns":4},{"damage":33,"enemies":"Book of Stabbing","floor":23,"turns":4},{"damage":17,"enemies":"Shelled Parasite and Fungi","floor":25,"turns":3},{"damage":14,"enemies":"Sentry and Sphere","floor":30,"turns":4},{"damage":0,"enemies":"Snake Plant","floor":32,"turns":2},{"damage":109,"enemies":"Automaton","floor":35,"turns":8}],"seed_played":"7816087412550823094","potions_obtained":[{"floor":1,"key":"ElixirPotion"},{"floor":2,"key":"FairyPotion"},{"floor":10,"key":"Weak Potion"},{"floor":16,"key":"BloodPotion"},{"floor":25,"key":"Swift Potion"}],"is_trial":false,"path_per_floor":["M","M","M","?","M","R","?","R","T","M","$","$","E","M","R","B",null,"M","?","?","?","M","E","R","M","T","T","?","R","M","$","M","R","R","B"],"character_chosen":"IRONCLAD","items_purchased":["Sling","Inflame","Medical Kit","TungstenRod"],"campfire_rested":2,"item_purchase_floors":[11,12,31,31],"current_hp_per_floor":[64,49,42,42,33,33,38,38,38,36,36,36,14,17,41,47,72,72,72,72,72,57,30,30,35,35,35,35,35,27,27,33,72,72,0,0],"gold":69,"neow_bonus":"ONE_RARE_RELIC","is_daily":false,"chose_seed":false,"campfire_upgraded":3,"win_rate":0.0,"timestamp":1613260835,"path_taken":["M","M","M","?","M","R","?","R","T","M","?","$","E","?","R","BOSS","M","?","?","?","?","E","R","M","T","T","?","R","?","$","M","R","R","BOSS"],"items_purchased_type":["Relic","Card","Relic","Relic"],"build_version":"2020-12-22","purchased_purges":1,"victory":false,"max_hp_per_floor":[75,75,75,75,75,75,80,80,80,80,80,80,80,80,80,80,80,80,80,80,80,80,80,80,80,80,80,80,80,80,80,80,80,80,80,80],"card_choices":[{"not_picked":["Sentinel","Anger"],"picked":"Fire Breathing","floor":1},{"not_picked":["Warcry","Headbutt"],"picked":"Dual Wield","floor":2},{"not_picked":["Twin Strike","Wild Strike"],"picked":"Sword Boomerang","floor":3},{"not_picked":["Entrench","Clash","Power Through"],"picked":"SKIP","floor":5},{"not_picked":["Anger","Blood for Blood","Intimidate"],"picked":"SKIP","floor":10},{"not_picked":["Twin Strike","Immolate"],"picked":"Heavy Blade","floor":13},{"not_picked":["Clothesline","Body Slam"],"picked":"True Grit","floor":14},{"not_picked":["Juggernaut","Corruption"],"picked":"Exhume","floor":16},{"not_picked":["Dark Embrace","Iron Wave","Clothesline"],"picked":"SKIP","floor":18},{"not_picked":["Uppercut","Rampage"],"picked":"Dual Wield","floor":22},{"not_picked":["Anger","Sever Soul"],"picked":"Sword Boomerang","floor":23},{"not_picked":["Perfected Strike","Bloodletting","True Grit"],"picked":"SKIP","floor":25},{"not_picked":["Shrug It Off","Sever Soul"],"picked":"Flex","floor":30},{"not_picked":["Dark Embrace","Shrug It Off","Sword Boomerang"],"picked":"SKIP","floor":32}],"player_experience":603852,"relics_obtained":[{"floor":9,"key":"Orichalcum"},{"floor":13,"key":"Anchor"},{"floor":23,"key":"Thread and Needle"},{"floor":26,"key":"Regal Pillow"}],"event_choices":[{"damage_healed":0,"gold_gain":150,"player_choice":"AGREE","damage_taken":0,"max_hp_gain":0,"max_hp_loss":0,"event_name":"Liars Game","floor":4,"gold_loss":0,"cards_obtained":["Doubt"]},{"damage_healed":0,"gold_gain":50,"player_choice":"Stole From Cult","damage_taken":0,"max_hp_gain":0,"max_hp_loss":0,"event_name":"Nest","floor":19,"gold_loss":0},{"cards_removed":["downfall:Haunted"],"damage_healed":0,"gold_gain":0,"player_choice":"Gave Gold","damage_taken":0,"max_hp_gain":0,"max_hp_loss":0,"event_name":"Beggar","floor":20,"gold_loss":75},{"damage_healed":0,"gold_gain":275,"player_choice":"Desecrate","damage_taken":0,"max_hp_gain":0,"max_hp_loss":0,"event_name":"Golden Shrine","floor":21,"gold_loss":0,"cards_obtained":["Regret"]},{"damage_healed":0,"gold_gain":0,"player_choice":"Copied","damage_taken":0,"max_hp_gain":0,"max_hp_loss":0,"event_name":"Duplicator","floor":28,"gold_loss":0,"cards_obtained":["Heavy Blade"]}],"is_beta":false,"boss_relics":[{"not_picked":["Runic Dome","Pandora\u0027s Box"],"picked":"bronze:MakeshiftBattery"}],"items_purged_floors":[11],"is_endless":false,"potions_floor_spawned":[1,2,10,16,18,22,25],"killed_by":"Automaton","ascension_level":19}}