{"host":"xp5rvh2jwe2ejyfm","time":1613320784,"event":{"mods":["2.2 Compatiblity","Aspiration","BaseMod","Better Altar","Better Match","Better Note","Better Sensory Stone","Better Skull","BetterRewards","Colored Powertips","Conspire","Downfall","GifTheSpireLib","Gremlin Mod","GungeonMod","Hermit","Hubris","Jorbs\u0027s Wanderer Trilogy","Minty Spire (QoL Compilation)","Potionbrewer","Quick Restart","Replay The Spire","Robot Space Explorer","Shade Mod","Somnambulant","StSLib","The Bug Knight","The Clintock","The Construct","The Cursed","The Disciple","The Forsaken","The Hierophant","The Necromancer","The Runesmith","The Servant 0.9.4","The Valiant","The Witch","TheFirefly","thorton"],"gold_per_floor":[112,197,214,224,224,258,101,116,116,134,167,167,167,177,177,273,273,389,399,138,155,167,93,120,120,143,143,143],"floor_reached":27,"language":"ENG","playtime":830,"items_purged":["TheCursedMod:CursedAmulet"],"score":320,"play_id":"f2e4f646-0fc1-451e-9b29-55d69d1654ba","local_time":"20210214113944","is_ascension_mode":false,"campfire_choices":[{"floor":12,"key":"REST"},{"floor":15,"key":"REST"}],"circlet_count":0,"master_deck":["TheCursedMod:Strike_TheCursed","TheCursedMod:Strike_TheCursed","TheCursedMod:Strike_TheCursed","TheCursedMod:Strike_TheCursed","TheCursedMod:Defend_TheCursed","TheCursedMod:Defend_TheCursed","TheCursedMod:Defend_TheCursed","TheCursedMod:Defend_TheCursed","TheCursedMod:CursedWand","TheCursedMod:CleanUpWorkshop","TheCursedMod:Dregs","TheCursedMod:CursedBlade","TheCursedMod:CursedStaff","TheCursedMod:CursedBlade","TheCursedMod:Torture","TheCursedMod:CircleOfFlame","TheCursedMod:SaltUponWound","TheCursedMod:CircleOfFlame","TheCursedMod:HellfireBreathing","TheCursedMod:CursedBlade","TheCursedMod:SpreadPlague","TheCursedMod:CursedBoomerang","TheCursedMod:VitalStrike","TheCursedMod:SpitefulStrike","TheCursedMod:CircleOfFlame","TheCursedMod:UltimatePain","TheCursedMod:WearCloak","hubris:NaturalOne","TheCursedMod:CircleOfFlame","TheCursedMod:LuckyCharm","TheCursedMod:SaltUponWound","TheCursedMod:CursedShiv","TheCursedMod:AbyssShockwave","TheCursedMod:ShockAndAwe"],"relics":["TheCursedMod:BlackMagic101","NeowsBlessing","ReplayTheSpireMod:TigerMarble","conspire:Dentures","Orrery","aspiration:HummingbirdHeart","DemoMod:JetPack","hubris:Icosahedron","conspire:RoyalGoblet","OrangePellets","hubris:ToyBattleship","Strawberry"],"acts_visited":["Exordium","TheCity"],"potions_floor_usage":[11,11,16,18,24,27],"damage_taken":[{"damage":0,"enemies":"Jaw Worm","floor":1,"turns":1},{"damage":0,"enemies":"Small Slimes","floor":3,"turns":1},{"damage":0,"enemies":"2 Louse","floor":4,"turns":1},{"damage":14,"enemies":"3 Sentries","floor":6,"turns":4},{"damage":9,"enemies":"Exordium Thugs","floor":8,"turns":2},{"damage":7,"enemies":"Blue Slaver","floor":10,"turns":2},{"damage":33,"enemies":"Lagavulin","floor":11,"turns":6},{"damage":0,"enemies":"2 Fungi Beasts","floor":14,"turns":2},{"damage":0,"enemies":"Slime Boss","floor":16,"turns":6},{"damage":4,"enemies":"2 Thieves","floor":18,"turns":3},{"damage":4,"enemies":"3 Byrds","floor":19,"turns":4},{"damage":14,"enemies":"Snecko","floor":21,"turns":4},{"damage":10,"enemies":"3 Cultists","floor":22,"turns":5},{"damage":42,"enemies":"conspire:Head Lice","floor":24,"turns":9},{"damage":24,"enemies":"Cultist and Chosen","floor":27,"turns":4}],"seed_played":"280327422522862229","potions_obtained":[{"floor":3,"key":"Dexterity Potion"},{"floor":4,"key":"potionbrewer:DiscountPotion"},{"floor":11,"key":"Fire Potion"},{"floor":14,"key":"PowerPotion"},{"floor":19,"key":"Block Potion"},{"floor":24,"key":"Weak Potion"}],"is_trial":false,"path_per_floor":["M","?","M","M","?","E","$","M","T","M","E","R","?","M","R","B",null,"M","M","$","M","M","$","E","?","T","M"],"character_chosen":"THE_CURSED","items_purchased":["Orrery","TheCursedMod:LuckyCharm","OrangePellets","TheCursedMod:AbyssShockwave"],"campfire_rested":2,"item_purchase_floors":[7,20,20,23],"current_hp_per_floor":[75,75,75,75,75,61,61,52,52,45,17,39,39,39,61,61,75,71,68,68,54,44,44,2,2,9,0,0],"gold":143,"neow_bonus":"THREE_ENEMY_KILL","is_daily":false,"chose_seed":false,"campfire_upgraded":0,"win_rate":0.0,"timestamp":1613320784,"path_taken":["M","?","M","M","?","E","$","M","T","M","E","R","?","M","R","BOSS","M","M","$","M","M","$","E","?","T","M"],"items_purchased_type":["Relic","Card","Relic","Card"],"build_version":"2020-12-22","purchased_purges":1,"victory":false,"max_hp_per_floor":[75,75,75,75,75,75,75,75,75,75,75,75,75,75,75,75,75,75,76,76,76,76,76,76,76,83,83,83],"card_choices":[{"not_picked":["TheCursedMod:FleshFromBone","TheCursedMod:Torture"],"picked":"TheCursedMod:CursedBlade","floor":1},{"not_picked":["TheCursedMod:CircleOfFlame","TheCursedMod:CursedShiv"],"picked":"TheCursedMod:CursedStaff","floor":2},{"not_picked":["TheCursedMod:Evocation","TheCursedMod:SmokeScreen"],"picked":"TheCursedMod:CursedBlade","floor":2},{"not_picked":["TheCursedMod:FleshFromBone","TheCursedMod:Evocation"],"picked":"TheCursedMod:Torture","floor":3},{"not_picked":["TheCursedMod:FuryStrike","TheCursedMod:DoubleShield"],"picked":"TheCursedMod:CircleOfFlame","floor":4},{"not_picked":["TheCursedMod:CursedMace","TheCursedMod:Wield"],"picked":"TheCursedMod:SaltUponWound","floor":6},{"not_picked":["TheCursedMod:CircleOfFocus","TheCursedMod:TacticalStrike"],"picked":"TheCursedMod:CircleOfFlame","floor":7},{"not_picked":["TheCursedMod:SpitefulPray","TheCursedMod:StunningStrike"],"picked":"TheCursedMod:HellfireBreathing","floor":7},{"not_picked":["TheCursedMod:CircleOfCorruption","TheCursedMod:CursedArmor"],"picked":"TheCursedMod:CursedBlade","floor":7},{"not_picked":["TheCursedMod:UltimatePain","TheCursedMod:RavingStaff"],"picked":"TheCursedMod:SpreadPlague","floor":7},{"not_picked":["TheCursedMod:FleshFromBone","TheCursedMod:Wield"],"picked":"TheCursedMod:CursedBoomerang","floor":7},{"not_picked":["TheCursedMod:Grudge","TheCursedMod:SpreadPlague"],"picked":"TheCursedMod:VitalStrike","floor":8},{"not_picked":["TheCursedMod:Torture","TheCursedMod:SpitefulPray"],"picked":"TheCursedMod:SpitefulStrike","floor":10},{"not_picked":["TheCursedMod:ReleasedKnowledge","TheCursedMod:RapidMovement"],"picked":"TheCursedMod:CursedAmulet","floor":11},{"not_picked":["TheCursedMod:Evocation","TheCursedMod:Stigma"],"picked":"TheCursedMod:CircleOfFlame","floor":14},{"not_picked":["TheCursedMod:ShockAndAwe","TheCursedMod:ManaCirculation"],"picked":"TheCursedMod:UltimatePain","floor":16},{"not_picked":["TheCursedMod:ReleasedKnowledge+1","TheCursedMod:CursedArmor"],"picked":"TheCursedMod:WearCloak","floor":18},{"not_picked":["TheCursedMod:SpitefulPlan+1","TheCursedMod:Stretching"],"picked":"TheCursedMod:CircleOfFlame","floor":19},{"not_picked":["TheCursedMod:BloodBarrier+1","TheCursedMod:CursedAmulet"],"picked":"TheCursedMod:SaltUponWound","floor":21},{"not_picked":["TheCursedMod:Torture","TheCursedMod:Stretching"],"picked":"TheCursedMod:CursedShiv","floor":22},{"not_picked":["TheCursedMod:Stretching","TheCursedMod:AshesToAshes"],"picked":"TheCursedMod:ShockAndAwe","floor":24}],"player_experience":505455,"relics_obtained":[{"floor":2,"key":"ReplayTheSpireMod:TigerMarble"},{"floor":6,"key":"conspire:Dentures"},{"floor":9,"key":"aspiration:HummingbirdHeart"},{"floor":11,"key":"DemoMod:JetPack"},{"floor":24,"key":"hubris:ToyBattleship"},{"floor":26,"key":"Strawberry"}],"event_choices":[{"damage_healed":0,"gold_gain":0,"player_choice":"Leave","damage_taken":0,"max_hp_gain":0,"max_hp_loss":0,"event_name":"The Cleric","floor":5,"gold_loss":0},{"damage_healed":0,"gold_gain":0,"player_choice":"Ignored","damage_taken":0,"max_hp_gain":0,"max_hp_loss":0,"event_name":"betterNote:BetterNote","floor":25,"gold_loss":0,"cards_obtained":["hermit:Headshot"]}],"is_beta":false,"boss_relics":[{"not_picked":["Fusion Hammer","Ring of Chaos"],"picked":"conspire:RoyalGoblet"}],"items_purged_floors":[20],"is_endless":false,"potions_floor_spawned":[3,4,11,14,19,24],"killed_by":"Cultist and Chosen","ascension_level":0}}