{"host":"0bvb57250jt9ju2b","time":1613276608,"event":{"mods":["Aspiration","BaseMod","Better Third Choice","Downfall","Marisa????????","Minty Spire (QoL Compilation)","StSLib"],"gold_per_floor":[99,114,264,280,280,291,291,306,306,45,45,30,41,55,71,172,172,172,186,23,40,57,57,57,57,57,73,73,124,141,141,153,153,153,153],"floor_reached":33,"language":"ENG","playtime":2521,"items_purged":[],"score":241,"play_id":"7b73c635-533f-4926-a1ca-c7c2fca0d46b","local_time":"20210213232328","is_ascension_mode":false,"campfire_choices":[{"data":"champ:Taunt","floor":1.0,"key":"SMITH"},{"floor":9.0,"key":"REST"},{"data":"champ:HoldFirm","floor":18,"key":"SMITH"},{"data":"champ:FanOfKnives","floor":28,"key":"SMITH"}],"circlet_count":0,"master_deck":["champ:Strike","champ:Strike","champ:Strike","champ:Strike","champ:Defend","champ:Defend","champ:Defend","champ:Defend","champ:Execute","champ:Taunt+1","champ:GutPunch","downfall:Icky","champ:AdrenalArmor","champ:Haymaker","champ:RisingSlash","champ:HeartStrike","champ:FanOfKnives+1","champ:Endure","Injury","champ:HoldFirm+1","champ:FaceSlap+1","champ:EnGarde","champ:CalledShot","champ:CheapShot+1","champ:StanceDance+1","champ:SetATrap","champ:Backstep","downfall:Bewildered","champ:ArenaPreparation","champ:EndlessRage+1","champ:UltimateStance"],"relics":["champ:ChampionCrown","downfall:ShatteredFragment","Singing Bowl","Molten Egg 2","bronze:MakeshiftBattery","Vajra","sneckomod:BabySnecko","HornCleat","downfall:RedIOU","Tiny Chest"],"acts_visited":["Exordium","TheCity"],"potions_floor_usage":[21,27,30,33],"damage_taken":[{"damage":11.0,"enemies":"Small Slimes","floor":2.0,"turns":3.0},{"damage":12.0,"enemies":"Jaw Worm","floor":4.0,"turns":3.0},{"damage":22.0,"enemies":"2 Louse","floor":6.0,"turns":3.0},{"damage":15.0,"enemies":"2 Fungi Beasts","floor":8.0,"turns":4.0},{"damage":20.0,"enemies":"downfall:FleeingMerchant","floor":10.0,"turns":4.0},{"damage":25.0,"enemies":"downfall:FleeingMerchant","floor":12.0,"turns":4.0},{"damage":20.0,"enemies":"Gremlin Gang","floor":13.0,"turns":4.0},{"damage":4,"enemies":"3 Louse","floor":14,"turns":3},{"damage":21,"enemies":"Lots of Slimes","floor":15,"turns":3},{"damage":52,"enemies":"IC_STATUS_ARCHETYPE","floor":16,"turns":6},{"damage":25,"enemies":"Spheric Guardian","floor":19,"turns":3},{"damage":38,"enemies":"downfall:FleeingMerchant","floor":20,"turns":5},{"damage":31,"enemies":"downfall:LooterAlt2","floor":21,"turns":3},{"damage":39,"enemies":"Sentry and Sphere","floor":22,"turns":4},{"damage":9,"enemies":"Centurion and Healer","floor":27,"turns":5},{"damage":15,"enemies":"3 Cultists","floor":30,"turns":2},{"damage":15,"enemies":"Snecko","floor":32,"turns":4},{"damage":115,"enemies":"SI_MIRROR_ARCHETYPE","floor":33,"turns":10}],"seed_played":"8317845713093069493","potions_obtained":[{"floor":4.0,"key":"Regen Potion"},{"floor":8.0,"key":"Energy Potion"},{"floor":13,"key":"SteroidPotion"},{"floor":15,"key":"Dexterity Potion"},{"floor":16,"key":"BlessingOfTheForge"},{"floor":19,"key":"champ:CounterPotion"},{"floor":22,"key":"PowerPotion"}],"is_trial":false,"path_per_floor":["R","M","?","M","?","M","T","M","R","$","?","$","M","M","M","B",null,"R","M","$","M","M","?","T","?","?","M","R","T","M","?","M","B"],"character_chosen":"THE_CHAMP","items_purchased":["Orichalcum","champ:FanOfKnives","champ:Endure","Vajra"],"campfire_rested":1,"item_purchase_floors":[10,10,10,20],"current_hp_per_floor":[99,98,98,96,69,62,62,66,95,95,95,85,80,76,70,58,99,99,101,93,77,63,63,63,63,96,92,92,92,92,92,92,0,0,0],"gold":153,"neow_bonus":"TEN_PERCENT_HP_BONUS","is_daily":false,"chose_seed":false,"campfire_upgraded":3,"win_rate":0.0,"timestamp":1613276608,"path_taken":["R","M","?","M","?","M","T","M","R","$","?","?","?","M","M","BOSS","R","M","$","M","M","?","T","?","?","M","R","?","?","?","M","BOSS"],"items_purchased_type":["Relic","Card","Card","Relic"],"build_version":"2020-12-22","purchased_purges":0,"victory":false,"max_hp_per_floor":[99,99,99,99,99,99,99,99,99,99,99,99,99,99,99,99,99,99,101,101,101,101,101,101,101,101,101,101,101,101,101,101,101,101,101],"card_choices":[{"not_picked":["champ:TornadoPunch","champ:RisingSlash"],"picked":"champ:GutPunch","floor":2.0},{"not_picked":["champ:GladiatorStyle","champ:Lariat"],"picked":"champ:AdrenalArmor","floor":4.0},{"not_picked":["champ:AdrenalArmor","champ:CrownThrow"],"picked":"champ:Haymaker","floor":6.0},{"not_picked":["champ:BringItOn","champ:PerfectedStrike"],"picked":"champ:RisingSlash","floor":8.0},{"not_picked":["champ:FlashCut","champ:RecklessLeap"],"picked":"champ:HeartStrike","floor":10.0},{"not_picked":["champ:BladeFlurry+1","champ:GutPunch+1"],"picked":"champ:HoldFirm","floor":12.0},{"not_picked":["champ:PreciseThrust+1","champ:DefensiveShout"],"picked":"champ:FaceSlap+1","floor":13},{"not_picked":["champ:FanOfKnives+1","champ:Backstep"],"picked":"champ:EnGarde","floor":14},{"not_picked":["champ:EnGarde","champ:DeathBlow+1"],"picked":"champ:CalledShot","floor":15},{"not_picked":["champ:MurderStrike+1","champ:StrikeOfGenius"],"picked":"champ:CheapShot+1","floor":16},{"not_picked":["champ:CalledShot","champ:PreciseThrust+1","champ:Backstep"],"picked":"Singing Bowl","floor":19},{"not_picked":["champ:FaceSlap+1","champ:EndlessRage"],"picked":"champ:StanceDance+1","floor":20},{"not_picked":["champ:PreciseThrust+1","champ:Circumvent"],"picked":"champ:SetATrap","floor":21},{"not_picked":["champ:TornadoPunch+1","champ:CrookedStrike+1"],"picked":"champ:Backstep","floor":22},{"not_picked":["champ:BerserkersShout+1","champ:CrownThrow+1"],"picked":"champ:ArenaPreparation","floor":27},{"not_picked":["champ:Circumvent","champ:CrookedStrike+1"],"picked":"champ:EndlessRage+1","floor":30},{"not_picked":["champ:Backstep","champ:TornadoPunch+1"],"picked":"champ:UltimateStance","floor":32}],"player_experience":214686,"relics_obtained":[{"floor":7.0,"key":"Singing Bowl"},{"floor":24,"key":"HornCleat"},{"floor":29,"key":"Tiny Chest"}],"event_choices":[{"damage_healed":33,"gold_gain":0,"player_choice":"Heal","damage_taken":0,"max_hp_gain":0,"max_hp_loss":0,"event_name":"The Library","floor":26,"gold_loss":0},{"damage_healed":0,"gold_gain":0,"player_choice":"Leave","damage_taken":0,"max_hp_gain":0,"max_hp_loss":0,"event_name":"FaceTrader","floor":31,"gold_loss":0}],"is_beta":false,"boss_relics":[{"not_picked":["aspiration:PoetsPen_weak","Cursed Key"],"picked":"bronze:MakeshiftBattery"}],"items_purged_floors":[],"is_endless":false,"potions_floor_spawned":[4,8,13,15,16,19,22],"killed_by":"SI_MIRROR_ARCHETYPE","ascension_level":0}}