{"host":"cdnletu4ypo40ld3","time":1613298897,"event":{"mods":["BaseMod","Colored Map","Downfall","Duelist Mod","GifTheSpireLib","Hermit","Highlight Path","Hubris","Infinite Spire","Jorbs\u0027s Wanderer Trilogy","Marisa????????","Minty Spire (QoL Compilation)","Rare Cards Sparkle","Replay The Spire","StSLib","The Animator","The Bug Knight","The Cursed","The Disciple","The Hierophant","The Servant 0.9.4"],"gold_per_floor":[116,116,134,149,164,192,192,209,256,286,300,300,330,340,340,443,443,455,545,574,182,107,154,154,179,233,233,266,103,153,198,198,318,318,353,432,489,505,518,567,567,597,597,647,659,672,672,691,691,691],"floor_reached":51,"language":"ENG","playtime":3608,"items_purged":["animator:Curse_GriefSeed"],"score":933,"play_id":"ab0d0324-369b-412a-9fac-9fb1e9baf8f4","local_time":"20210214173457","is_ascension_mode":true,"campfire_choices":[{"data":"CasketOfStar","floor":7,"key":"SMITH"},{"floor":12,"key":"REST"},{"data":"EnergyFlow","floor":15,"key":"SMITH"},{"data":"MysteriousBeam","floor":24,"key":"SMITH"},{"floor":32,"key":"DIG"},{"data":"MagicChant","floor":41,"key":"SMITH"},{"data":"infinitespire:UltimateForm","floor":49,"key":"SMITH"}],"circlet_count":0,"master_deck":["Strike_MRS","Defend_MRS","Defend_MRS","Defend_MRS","Defend_MRS","MasterSpark","UpSweep","UnstableBomb","CasketOfStar+1","Acceleration","MysteriousBeam+1","MagicChant+1","EnergyFlow+1","6A","SuperPerseids","MeteoricShower","LuminesStrike","DC","BinaryStars","WitchOfGreed","ReplayTheSpireMod:Brewmster","AbsoluteMagnitude","AsteroidBelt","FairyDestructionRay","Mayhem","SprinkleStarSeal","SporeBomb","hubris:DuctTapeCard","EnergyRecoil+1","ManaRampage","SprinkleStarSeal+1","DC+1","BlazingStar","PowerUp+1","infinitespire:UltimateForm+1"],"relics":["MiniHakkero","SproutingBranch","hubris:PeanutButter","Tiny Chest","Ancient Tea Set","Bag of Preparation","hubris:VirtuousBlindfold","infinitespire:Satchel","hubris:TenFootPole","Blood Vial","Replay:Mystery Machine","Gremlin Horn","infinitespire:Broken Mirror","Replay:WaspNest","ExperimentalFamiliar","hubris:DuctTape","infinitespire:Beetle Shell","Pet Ghost","Shovel","infinitespire:Lucky Rock"],"acts_visited":["Exordium","TheCity","TheBeyond"],"potions_floor_usage":[10,10,25,30,30,30,31,31,33,33,33,33,35,40,44,48,48,48,50,50],"damage_taken":[{"damage":1,"enemies":"Small Slimes","floor":1,"turns":3},{"damage":2,"enemies":"Cultist","floor":3,"turns":3},{"damage":5,"enemies":"2 Louse","floor":4,"turns":3},{"damage":10,"enemies":"Looter","floor":5,"turns":4},{"damage":26,"enemies":"HollowMod:MossKnight","floor":6,"turns":5},{"damage":8,"enemies":"2 Fungi Beasts","floor":8,"turns":4},{"damage":29,"enemies":"3 Sentries","floor":10,"turns":8},{"damage":0,"enemies":"Red Slaver","floor":11,"turns":3},{"damage":2,"enemies":"HollowMod:MossKnight","floor":13,"turns":7},{"damage":0,"enemies":"3 Louse","floor":14,"turns":2},{"damage":19,"enemies":"Slime Boss","floor":16,"turns":5},{"damage":0,"enemies":"Spheric Guardian","floor":18,"turns":3},{"damage":0,"enemies":"Chosen","floor":20,"turns":3},{"damage":18,"enemies":"HollowMod:Nosk","floor":23,"turns":6},{"damage":18,"enemies":"Replay:Snechameleon","floor":25,"turns":5},{"damage":8,"enemies":"Centurion and Healer","floor":28,"turns":6},{"damage":1,"enemies":"theDuelist:KaibaA2","floor":30,"turns":3},{"damage":4,"enemies":"Chosen and Byrds","floor":31,"turns":4},{"damage":6,"enemies":"hubris:MusketHawk","floor":33,"turns":8},{"damage":5,"enemies":"Orb Walker","floor":35,"turns":3},{"damage":0,"enemies":"3 Darklings","floor":38,"turns":1},{"damage":0,"enemies":"Sphere and 2 Shapes","floor":39,"turns":3},{"damage":3,"enemies":"Giant Head","floor":40,"turns":7},{"damage":0,"enemies":"Transient","floor":42,"turns":5},{"damage":0,"enemies":"HollowMod:StalkingDevout","floor":44,"turns":4},{"damage":15,"enemies":"Spire Growth","floor":45,"turns":4},{"damage":8,"enemies":"Sphere and 2 Shapes","floor":46,"turns":4},{"damage":2,"enemies":"Transient","floor":48,"turns":5},{"damage":27,"enemies":"Donu and Deca","floor":50,"turns":5}],"seed_played":"-5945892909869595043","potions_obtained":[{"floor":3,"key":"Swift Potion"},{"floor":5,"key":"Adrenaline Potion"},{"floor":6,"key":"Dexterity Potion"},{"floor":10,"key":"Doom Potion"},{"floor":14,"key":"Explosive Potion"},{"floor":23,"key":"SkillPotion"},{"floor":25,"key":"champ:CounterPotion"},{"floor":30,"key":"infinitespire:BlackPotion"},{"floor":31,"key":"Block Potion"},{"floor":31,"key":"hexamod:SoulburnPotion"},{"floor":35,"key":"BlessingOfTheForge"},{"floor":37,"key":"Flashbang"},{"floor":39,"key":"Strength Potion"}],"is_trial":false,"path_per_floor":["M","?","M","M","M","E","R","M","T","E","M","R","E","M","R","B",null,"M","?","M","$","?","E","R","E","T","AVR","M","$","E","M","R_BF","B",null,"M","T","?","M","M","E","R","M","T","E","M","M","AVR","M","R","B",null],"character_chosen":"MARISA","items_purchased":["ReplayTheSpireMod:Brewmster","infinitespire:Satchel","Mayhem"],"campfire_rested":1,"item_purchase_floors":[21,21,29],"current_hp_per_floor":[75,75,73,70,72,55,55,59,59,45,54,75,73,75,75,56,75,75,63,72,72,72,60,60,56,56,56,65,65,75,73,73,70,75,72,72,57,59,70,72,72,75,75,75,67,73,73,75,75,57],"gold":691,"neow_bonus":"ONE_RARE_RELIC","is_daily":false,"chose_seed":false,"campfire_upgraded":5,"win_rate":0.0,"timestamp":1613298897,"path_taken":["M","?","M","?","M","E","R","M","T","E","?","R","E","M","R","BOSS","M","?","M","$","?","E","R","E","T","AVR","M","$","E","M","R_BF","BOSS","M","?","?","M","M","E","R","M","T","E","?","M","AVR","M","R","BOSS"],"items_purchased_type":["Card","Relic","Card"],"build_version":"2020-12-22","purchased_purges":1,"victory":true,"max_hp_per_floor":[75,75,75,75,75,75,75,75,75,75,75,75,75,75,75,75,75,75,75,75,75,75,75,75,75,75,75,75,75,75,75,75,75,75,75,75,75,75,75,75,75,75,75,75,75,75,75,75,75,75],"card_choices":[{"not_picked":["SporeBomb","EventHorizon"],"picked":"UnstableBomb","floor":1},{"not_picked":["Orbital","DC"],"picked":"MysteriousBeam","floor":3},{"not_picked":["GalacticHalo","DC"],"picked":"MagicChant","floor":4},{"not_picked":["SuperPerseids","IllusionStar"],"picked":"EnergyFlow","floor":5},{"not_picked":["Acceleration","DoubleSpark","GravityBeat"],"picked":"SKIP","floor":6},{"not_picked":["GrandCross","WitchLeyline"],"picked":"6A","floor":8},{"not_picked":["UnstableBomb","DoubleSpark"],"picked":"SuperPerseids","floor":10},{"not_picked":["GrandCross","WitchLeyline"],"picked":"MeteoricShower","floor":11},{"not_picked":["WitchOfGreed","UnstableBomb"],"picked":"LuminesStrike","floor":13},{"not_picked":["PowerUp","EscapeVelocity"],"picked":"DC","floor":14},{"not_picked":["BlazingStar","BigCrunch"],"picked":"BinaryStars","floor":16},{"not_picked":["UnstableBomb+1","OneTimeOff"],"picked":"WitchOfGreed","floor":18},{"not_picked":["DarkMatter","ChargingUp","Acceleration"],"picked":"SKIP","floor":20},{"not_picked":["DoubleSpark+1","PulseMagic"],"picked":"AbsoluteMagnitude","floor":23},{"not_picked":["MilkyWay+1","OneTimeOff"],"picked":"AsteroidBelt","floor":25},{"not_picked":["Robbery","ShootingEcho"],"picked":"FairyDestructionRay","floor":28},{"not_picked":["GalacticHalo","DeepEcoloBomb+1"],"picked":"SprinkleStarSeal","floor":30},{"not_picked":["UnstableBomb+1","DC","Acceleration"],"picked":"SKIP","floor":31},{"not_picked":["MysteriousBeam","6A+1"],"picked":"SporeBomb","floor":35},{"not_picked":["RefractionSpark","Occultation"],"picked":"EnergyRecoil+1","floor":37},{"not_picked":["Occultation+1","DoubleSpark"],"picked":"ManaRampage","floor":37},{"not_picked":["Orbital+1","WitchLeyline+1"],"picked":"SprinkleStarSeal+1","floor":38},{"not_picked":["ShootingEcho+1","WitchLeyline+1"],"picked":"DC+1","floor":39},{"not_picked":["SuperNova","DC+1"],"picked":"BlazingStar","floor":40},{"not_picked":["ShootingEcho","MeteoricShower","GrandCross"],"picked":"SKIP","floor":42},{"not_picked":["Acceleration","WitchOfGreed+1"],"picked":"PowerUp+1","floor":44},{"not_picked":["Acceleration+1","MeteoricShower","ShootTheMoon"],"picked":"SKIP","floor":45},{"not_picked":["SuperPerseids","SporeBomb+1","ShootTheMoon+1"],"picked":"SKIP","floor":46},{"not_picked":["SporeBomb+1","DarkSpark+1","AsteroidBelt+1"],"picked":"SKIP","floor":48}],"player_experience":214731,"relics_obtained":[{"floor":6,"key":"hubris:PeanutButter"},{"floor":9,"key":"Tiny Chest"},{"floor":10,"key":"Ancient Tea Set"},{"floor":13,"key":"Bag of Preparation"},{"floor":23,"key":"hubris:TenFootPole"},{"floor":25,"key":"Blood Vial"},{"floor":26,"key":"Replay:Mystery Machine"},{"floor":30,"key":"infinitespire:Broken Mirror"},{"floor":32,"key":"Replay:WaspNest"},{"floor":36,"key":"hubris:DuctTape"},{"floor":37,"key":"infinitespire:Beetle Shell"},{"floor":40,"key":"Pet Ghost"},{"floor":43,"key":"Shovel"},{"floor":44,"key":"infinitespire:Lucky Rock"}],"event_choices":[{"damage_healed":0,"gold_gain":0,"player_choice":"2 cards matched","damage_taken":0,"max_hp_gain":0,"max_hp_loss":0,"event_name":"Match and Keep!","floor":2,"gold_loss":0,"cards_obtained":["CasketOfStar","Acceleration"]},{"damage_healed":0,"gold_gain":90,"player_choice":"GOLD ","damage_taken":12,"max_hp_gain":0,"max_hp_loss":0,"event_name":"Knowing Skull","floor":19,"potions_obtained":[],"gold_loss":0,"cards_obtained":[]},{"cards_removed":["Strike_MRS"],"damage_healed":0,"gold_gain":0,"player_choice":"Gave Gold","damage_taken":0,"max_hp_gain":0,"max_hp_loss":0,"event_name":"Beggar","floor":22,"gold_loss":75}],"is_beta":false,"boss_relics":[{"not_picked":["Replay:Grab Bag","Kintsugi"],"picked":"hubris:VirtuousBlindfold"},{"not_picked":["ReplayTheSpireMod:DimensionalGlitch","hubris:RunicObelisk"],"picked":"ExperimentalFamiliar"}],"items_purged_floors":[21],"is_endless":false,"potions_floor_spawned":[3,5,6,10,14,18,23,25,31,39,40,42],"ascension_level":1}}