{"host":"pqs17sqrgflf4eqa","time":1613345055,"event":{"mods":["AchievementEnabler","BaseMod","Bestiary","Better Altar","Better Match","Better Skull","Block Reminder","Bossed Relics","Colored Map","Colored Powertips","Curses Come First","Dark Map","DeckTracker","Defective Defect","Displayed Cursed Tome","Emptier Cage","Googly Eyes","Highlight Path","Minty Spire (QoL Compilation)","Quick Restart","Slay-I","StSLib","SuperFastMode","Synergy Search","Thieving Mod","Transform Curses","everything is the same but u backflip on backflip","slay the spire mod where everything is the same but ironclad has a cowboy hat"],"gold_per_floor":[116,116,127,127,137,112,144,144,170,196,371,371,0,18,18,123,123,133,143,154,154,154,171,171,171,171],"floor_reached":25,"language":"ENG","playtime":500,"items_purged":["Doubt"],"score":261,"play_id":"75baece0-a8cd-4716-8f8d-cb990da105af","local_time":"20210214182415","is_ascension_mode":true,"campfire_choices":[{"data":"Bouncing Flask","floor":8,"key":"SMITH"},{"data":"Calculated Gamble","floor":12,"key":"SMITH"},{"data":"Survivor","floor":15,"key":"SMITH"},{"data":"Neutralize","floor":24,"key":"SMITH"}],"circlet_count":0,"master_deck":["Strike_G","Strike_G","Strike_G","Strike_G","Strike_G","Defend_G","Defend_G","Defend_G","Defend_G","Defend_G","Survivor+1","Neutralize+1","Calculated Gamble+1","Bouncing Flask+1","Poisoned Stab","Catalyst+1"],"relics":["Ring of the Snake","NeowsBlessing","Art of War","Oddly Smooth Stone","MealTicket","Odd Mushroom","Kunai","Coffee Dripper"],"acts_visited":["Exordium","TheCity"],"potions_floor_usage":[7,10,18,18],"damage_taken":[{"damage":0,"enemies":"Jaw Worm","floor":1,"turns":1},{"damage":0,"enemies":"2 Louse","floor":3,"turns":1},{"damage":0,"enemies":"Small Slimes","floor":5,"turns":1},{"damage":22,"enemies":"3 Sentries","floor":7,"turns":8},{"damage":21,"enemies":"The Mushroom Lair","floor":10,"turns":4},{"damage":0,"enemies":"3 Louse","floor":14,"turns":2},{"damage":5,"enemies":"Slime Boss","floor":16,"turns":13},{"damage":0,"enemies":"2 Thieves","floor":18,"turns":3},{"damage":11,"enemies":"Spheric Guardian","floor":19,"turns":3},{"damage":14,"enemies":"Snake Plant","floor":20,"turns":3},{"damage":19,"enemies":"Chosen and Byrds","floor":23,"turns":6},{"damage":17,"enemies":"Gremlin Leader","floor":25,"turns":5}],"seed_played":"7912139057208260733","potions_obtained":[{"floor":1,"key":"LiquidBronze"},{"floor":5,"key":"CunningPotion"},{"floor":16,"key":"CunningPotion"},{"floor":18,"key":"Energy Potion"},{"floor":23,"key":"Weak Potion"}],"is_trial":false,"path_per_floor":["M","?","M","?","M","$","E","R","T","?","?","R","$","M","R","B",null,"M","M","M","$","?","M","R","E"],"character_chosen":"THE_SILENT","items_purchased":["Poisoned Stab","Kunai","Energy Potion"],"campfire_rested":0,"item_purchase_floors":[6,13,13],"current_hp_per_floor":[63,68,68,68,68,68,46,46,46,25,25,25,40,40,40,35,65,65,54,40,35,35,16,16,0,0],"gold":171,"neow_bonus":"THREE_ENEMY_KILL","is_daily":false,"chose_seed":false,"campfire_upgraded":4,"win_rate":0.0,"timestamp":1613345055,"path_taken":["M","?","M","?","M","?","E","R","T","?","?","R","$","M","R","BOSS","M","M","M","$","?","M","R","E"],"items_purchased_type":["Card","Relic","Potion"],"build_version":"2020-12-22","purchased_purges":1,"victory":false,"max_hp_per_floor":[70,75,75,75,75,75,75,75,75,75,75,75,75,75,75,75,75,75,75,75,75,75,75,75,75,75],"card_choices":[{"not_picked":["Blur","Slice"],"picked":"Calculated Gamble","floor":1},{"not_picked":["Calculated Gamble","Dodge and Roll","PiercingWail"],"picked":"SKIP","floor":3},{"not_picked":["Cloak And Dagger","Backflip"],"picked":"Bouncing Flask","floor":5},{"not_picked":["Cloak And Dagger","Well Laid Plans","Envenom"],"picked":"SKIP","floor":7},{"not_picked":["Dagger Spray","Accuracy"],"picked":"Masterful Stab","floor":10},{"not_picked":["Quick Slash","Bouncing Flask"],"picked":"Cloak And Dagger","floor":14},{"not_picked":["Phantasmal Killer","Wraith Form v2"],"picked":"Glass Knife","floor":16},{"not_picked":["Poisoned Stab","Bane"],"picked":"Masterful Stab","floor":18},{"not_picked":["Flying Knee","Acrobatics"],"picked":"Slice","floor":19},{"not_picked":["Flying Knee","Cloak And Dagger","Riddle With Holes"],"picked":"SKIP","floor":20},{"not_picked":["Quick Slash+1","Prepared"],"picked":"Catalyst+1","floor":23}],"player_experience":209194,"relics_obtained":[{"floor":7,"key":"Oddly Smooth Stone"},{"floor":9,"key":"MealTicket"},{"floor":10,"key":"Odd Mushroom"}],"event_choices":[{"damage_healed":0,"gold_gain":0,"player_choice":"Donut","damage_taken":0,"max_hp_gain":5,"max_hp_loss":0,"event_name":"Big Fish","floor":2,"gold_loss":0},{"damage_healed":0,"gold_gain":0,"player_choice":"Leave","damage_taken":0,"max_hp_gain":0,"max_hp_loss":0,"event_name":"The Cleric","floor":4,"gold_loss":0},{"damage_healed":0,"gold_gain":0,"player_choice":"Fought Mushrooms","damage_taken":0,"max_hp_gain":0,"max_hp_loss":0,"event_name":"Mushrooms","floor":10,"gold_loss":0},{"damage_healed":0,"gold_gain":175,"player_choice":"AGREE","damage_taken":0,"max_hp_gain":0,"max_hp_loss":0,"event_name":"Liars Game","floor":11,"gold_loss":0,"cards_obtained":["Doubt"]},{"damage_healed":0,"gold_gain":0,"player_choice":"Ignored","damage_taken":0,"max_hp_gain":0,"max_hp_loss":0,"event_name":"Ghosts","floor":22,"gold_loss":0}],"is_beta":false,"boss_relics":[{"not_picked":["Astrolabe","Tiny House"],"picked":"Coffee Dripper"}],"items_purged_floors":[13],"is_endless":false,"potions_floor_spawned":[1,5,16,18,23],"killed_by":"Gremlin Leader","ascension_level":6}}