{"host":"hf83sijwe64ts2lm","time":1613269968,"event":{"mods":["2.2 Compatiblity","BaseMod","Better Altar","Better Match","Better Note","Better Sensory Stone","Better Skull","Better Third Choice","Colored Map","Colored Powertips","Highlight Path","Hubris","Infinite Spire","Minty Spire (QoL Compilation)","Quick Restart","Rare Cards Sparkle","Relic Stats","Reliquary","Replay The Spire","Shop Mod","Spicy Shops","Spire Arcade","StSLib","Thieving Mod"],"gold_per_floor":[117,132,132,147,165,190,205,205,205,205,205,205,205,215,215,317,317,299,313,97,114,35,35,35],"floor_reached":23,"language":"ENG","playtime":517,"items_purged":[],"score":241,"play_id":"fd1b7ec9-6e3d-4b75-bf15-d35a5822941d","local_time":"20210213213248","is_ascension_mode":true,"campfire_choices":[{"floor":10,"key":"REST"},{"data":"Wild Strike","floor":13,"key":"SMITH"},{"data":"Rampage","floor":15,"key":"SMITH"}],"circlet_count":0,"master_deck":["Strike_R","Strike_R","Strike_R","Strike_R","Strike_R","Defend_R","Defend_R","Defend_R+1","Defend_R+1","Bash","Wild Strike+1","Rage","Fire Breathing+1","Impervious","Rampage+1","Metallicize","Immolate","ReplayTheSpireMod:Stacked+1","Rupture","Inflame","Dramatic Entrance"],"relics":["Burning Blood","NeowsBlessing","infinitespire:Lychee Nut","Gremlin Horn","hubris:Towel","Ring of Chaos","Replay:Multitool"],"acts_visited":["Exordium","TheCity"],"potions_floor_usage":[6,6,16,16,21,23],"damage_taken":[{"damage":0,"enemies":"Jaw Worm","floor":1,"turns":1},{"damage":0,"enemies":"Cultist","floor":2,"turns":1},{"damage":0,"enemies":"2 Louse","floor":4,"turns":1},{"damage":1,"enemies":"2 Fungi Beasts","floor":5,"turns":4},{"damage":15,"enemies":"3 Sentries","floor":6,"turns":5},{"damage":14,"enemies":"Exordium Thugs","floor":7,"turns":5},{"damage":0,"enemies":"Blue Slaver","floor":14,"turns":3},{"damage":33,"enemies":"The Guardian","floor":16,"turns":13},{"damage":22,"enemies":"2 Thieves","floor":18,"turns":4},{"damage":18,"enemies":"Shell Parasite","floor":19,"turns":7},{"damage":26,"enemies":"Centurion and Healer","floor":21,"turns":6},{"damage":30,"enemies":"Slavers","floor":23,"turns":4}],"seed_played":"-7504321631043474171","potions_obtained":[{"floor":1,"key":"Adrenaline Potion"},{"floor":2,"key":"Strength Potion"},{"floor":6,"key":"Swift Potion"},{"floor":7,"key":"Elixir"},{"floor":14,"key":"BlessingOfTheForge"},{"floor":19,"key":"infinitespire:BlackPotion"},{"floor":21,"key":"Block Potion"}],"is_trial":false,"path_per_floor":["M","M","?","M","M","E","M","?","T","R","?","?","R","M","R","B",null,"M","M","$","M","$","E"],"character_chosen":"IRONCLAD","items_purchased":["Inflame","Dramatic Entrance","Replay:Multitool"],"campfire_rested":1,"item_purchase_floors":[20,20,22],"current_hp_per_floor":[80,80,80,80,80,60,53,41,41,59,59,59,59,60,60,33,53,43,37,37,23,23,0,0],"gold":35,"neow_bonus":"THREE_ENEMY_KILL","is_daily":false,"chose_seed":false,"campfire_upgraded":2,"win_rate":0.0,"timestamp":1613269968,"path_taken":["M","M","?","?","M","E","M","?","T","R","?","?","R","?","R","BOSS","M","M","$","M","$","E"],"items_purchased_type":["Card","Card","Relic"],"build_version":"2020-12-22","purchased_purges":0,"victory":false,"max_hp_per_floor":[80,80,80,80,80,60,60,60,60,60,60,60,60,60,60,60,60,60,60,60,60,60,60,60],"relic_stats":{"Gremlin Horn":[3,3],"counters":[12,54],"obtain_stats":[{"NeowsBlessing":0,"Gremlin Horn":9,"infinitespire:Lychee Nut":6,"Ring of Chaos":17,"Replay:Multitool":22,"hubris:Towel":11,"Burning Blood":0},{"NeowsBlessing":0,"Gremlin Horn":6,"infinitespire:Lychee Nut":5,"Ring of Chaos":8,"Replay:Multitool":11,"hubris:Towel":6,"Burning Blood":0},{"NeowsBlessing":0,"Gremlin Horn":17,"infinitespire:Lychee Nut":12,"Ring of Chaos":33,"Replay:Multitool":50,"hubris:Towel":17,"Burning Blood":0}],"Burning Blood":37},"card_choices":[{"not_picked":["Dual Wield","hubris:ReadiedAction"],"picked":"Wild Strike","floor":1},{"not_picked":["Clash","Second Wind"],"picked":"Headbutt","floor":2},{"not_picked":["ReplayTheSpireMod:Corrosion Curse","Pommel Strike"],"picked":"Rage","floor":4},{"not_picked":["Perfected Strike","Iron Wave"],"picked":"Fire Breathing","floor":5},{"not_picked":["Heavy Blade","Searing Blow"],"picked":"Impervious","floor":6},{"not_picked":["Perfected Strike","Metallicize"],"picked":"Rampage","floor":7},{"not_picked":["Warcry","Searing Blow"],"picked":"Metallicize","floor":14},{"not_picked":["Berserk","Offering"],"picked":"Immolate","floor":16},{"not_picked":["Seeing Red","Run Through"],"picked":"ReplayTheSpireMod:Stacked+1","floor":18},{"not_picked":["Body Slam","Iron Wave"],"picked":"Rupture","floor":19},{"not_picked":["Abandon","Warcry","Fiend Fire"],"picked":"SKIP","floor":21}],"player_experience":175861,"relics_obtained":[{"floor":6,"key":"infinitespire:Lychee Nut"},{"floor":9,"key":"Gremlin Horn"}],"event_choices":[{"cards_removed":["Headbutt"],"damage_healed":5,"gold_gain":0,"player_choice":"Offered Common","damage_taken":0,"max_hp_gain":0,"max_hp_loss":0,"event_name":"Bonfire Elementals","floor":3,"gold_loss":0},{"cards_removed":["Headbutt"],"damage_healed":5,"gold_gain":0,"player_choice":"Offered Special","damage_taken":0,"max_hp_gain":0,"max_hp_loss":0,"event_name":"Bonfire Elementals","floor":3,"gold_loss":0},{"damage_healed":53,"gold_gain":0,"player_choice":"Upgrade","damage_taken":12,"max_hp_gain":0,"max_hp_loss":60,"event_name":"betterThird:BetterShining","floor":8,"gold_loss":0,"cards_upgraded":["Defend_R","Defend_R"]},{"damage_healed":0,"gold_gain":0,"player_choice":"Grow","damage_taken":0,"max_hp_gain":0,"max_hp_loss":0,"event_name":"Living Wall","floor":12,"gold_loss":0,"cards_upgraded":["Fire Breathing"]}],"is_beta":false,"boss_relics":[{"not_picked":["reliquary:WritOfMandamus","Coffee Dripper"],"picked":"Ring of Chaos"}],"items_purged_floors":[],"is_endless":false,"potions_floor_spawned":[1,2,6,7,14,19,21],"killed_by":"Slavers","ascension_level":5}}