{"host":"2no1vwhhkhf0ohz3","time":1613322294,"event":{"mods":["AchievementEnabler","BaseMod","BetterRewards","Colored Map","DeckTracker","Keyboard Shortcuts","Minty Spire (QoL Compilation)","SuperFastMode"],"gold_per_floor":[115,190,190,290,315,329,329,329],"floor_reached":7,"language":"KOR","playtime":130,"items_purged":[],"score":62,"play_id":"726f3d44-af9e-4f67-a6d8-623a24ddf309","local_time":"20210215020454","is_ascension_mode":true,"campfire_choices":[],"circlet_count":0,"master_deck":["AscendersBane","Strike_R","Strike_R","Strike_R","Strike_R","Strike_R","Defend_R","Defend_R","Defend_R","Defend_R","Bash","Deep Breath","Headbutt","Perfected Strike","Shrug It Off"],"relics":["Burning Blood","Golden Idol"],"acts_visited":["Exordium"],"potions_floor_usage":[],"damage_taken":[{"damage":2.0,"enemies":"2 Louse","floor":1.0,"turns":3.0},{"damage":0.0,"enemies":"Cultist","floor":5.0,"turns":4.0},{"damage":14,"enemies":"Jaw Worm","floor":6,"turns":4},{"damage":37,"enemies":"Lagavulin","floor":7,"turns":8}],"seed_played":"3730983990474816176","potions_obtained":[{"floor":1.0,"key":"ElixirPotion"}],"is_trial":false,"path_per_floor":["M","?","?","?","M","M","E"],"character_chosen":"IRONCLAD","items_purchased":[],"campfire_rested":0,"item_purchase_floors":[],"current_hp_per_floor":[76,65,45,45,51,43,6,6],"gold":329,"neow_bonus":"RANDOM_COLORLESS","is_daily":false,"chose_seed":false,"campfire_upgraded":0,"win_rate":0.0,"timestamp":1613322294,"path_taken":["M","?","?","?","?","M","E"],"items_purchased_type":[],"build_version":"2020-12-22","purchased_purges":0,"victory":false,"max_hp_per_floor":[80,80,80,80,80,80,80,80],"card_choices":[{"not_picked":["Jack Of All Trades","Discovery"],"picked":"Deep Breath","floor":0.0},{"not_picked":["Heavy Blade","Dark Embrace"],"picked":"Headbutt","floor":1.0},{"not_picked":["Thunderclap","Cleave"],"picked":"Perfected Strike","floor":5},{"not_picked":["Clothesline","Sentinel"],"picked":"Shrug It Off","floor":6}],"player_experience":296312,"relics_obtained":[],"event_choices":[{"damage_healed":0.0,"max_hp_gain":0.0,"max_hp_loss":0.0,"gold_gain":75.0,"event_name":"World of Goop","player_choice":"Gather Gold","floor":2.0,"gold_loss":0.0,"damage_taken":11.0},{"damage_healed":0.0,"max_hp_gain":0.0,"max_hp_loss":0.0,"gold_gain":0.0,"event_name":"Golden Idol","player_choice":"Take Damage","floor":3.0,"gold_loss":0.0,"damage_taken":20.0,"relics_obtained":["Golden Idol"]},{"damage_healed":0.0,"max_hp_gain":0.0,"max_hp_loss":0.0,"gold_gain":100.0,"event_name":"Golden Shrine","player_choice":"Pray","floor":4.0,"gold_loss":0.0,"damage_taken":0.0}],"is_beta":false,"boss_relics":[],"items_purged_floors":[],"is_endless":false,"potions_floor_spawned":[1],"killed_by":"Lagavulin","ascension_level":10}}