{"host":"kk2i87xhq8q4h0un","time":1613345600,"event":{"mods":["AchievementEnabler","BaseMod","Downfall","Minty Spire (QoL Compilation)","Shop Mod","StSLib"],"gold_per_floor":[99,112,112,124,124,140,166,24,36,36,21,35,54,82,99,196,196,96,107,121,37,37,37,37,37,256,356,368,22,22,122,138,239,239,239,249,269,369,394,444,498,373,273,273,323,356,356,388,288,288,288,318,47,47,47,47],"floor_reached":57,"language":"ENG","playtime":6679,"items_purged":["Regret","bronze:Defend","bronze:Strike","bronze:Defend"],"score":1331,"play_id":"068a6d82-01b2-4188-bb53-edd1f3a3be3f","local_time":"20210214153320","is_ascension_mode":false,"campfire_choices":[{"floor":1.0,"key":"RECALL"},{"data":"bronze:Iterate","floor":10.0,"key":"SMITH"},{"data":"bronze:MaxOutput","floor":18.0,"key":"SMITH"},{"data":"bronze:Iterate","floor":25.0,"key":"SMITH"},{"floor":30.0,"key":"REST"},{"data":"bronze:DecaBeam","floor":35.0,"key":"SMITH"},{"data":"bronze:DonuBeam","floor":43.0,"key":"SMITH"},{"data":"bronze:Strike","floor":47.0,"key":"PURGE"},{"data":"bronze:Strike","floor":49.0,"key":"PURGE"},{"data":"bronze:Verify","floor":54.0,"key":"SMITH"}],"circlet_count":0,"master_deck":["bronze:Goto","bronze:Boost","bronze:FineTuning","bronze:WhirlingStrike","bronze:MaxOutput+1","bronze:Iterate+1","bronze:Branch","bronze:Repair","bronze:WhirlingStrike","bronze:Verify+1","bronze:Iterate+1","bronze:ChosenStrike","bronze:Flail+1","bronze:RecursiveStrike","bronze:DonuBeam+1","bronze:DecaBeam+1","bronze:FineTuning+1","bronze:ChildClass+1"],"relics":["bronze:BronzeCore","Boot","Bag of Marbles","Smiling Mask","StrikeDummy","Sozu","downfall:HeartBlessingRed","HornCleat","Kunai","Membership Card","Singing Bowl","Regal Pillow","Pocketwatch","Darkstone Periapt","Empty Cage","FossilizedHelix","Centennial Puzzle","Toolbox","downfall:HeartBlessingBlue","Peace Pipe","Meat on the Bone","Bronze Scales","downfall:HeartBlessingGreen","Shuriken","Anchor","StoneCalendar"],"acts_visited":["Exordium","TheCity","TheBeyond","TheEnding"],"potions_floor_usage":[56,56],"damage_taken":[{"damage":0.0,"enemies":"Small Slimes","floor":2.0,"turns":3.0},{"damage":7.0,"enemies":"Jaw Worm","floor":4.0,"turns":4.0},{"damage":3.0,"enemies":"2 Louse","floor":6.0,"turns":4.0},{"damage":7.0,"enemies":"downfall:FleeingMerchant","floor":8.0,"turns":4.0},{"damage":0.0,"enemies":"2 Fungi Beasts","floor":9.0,"turns":1.0},{"damage":0.0,"enemies":"downfall:FleeingMerchant","floor":11.0,"turns":4.0},{"damage":0.0,"enemies":"Gremlin Gang","floor":12.0,"turns":1.0},{"damage":0.0,"enemies":"Exordium Thugs","floor":13.0,"turns":2.0},{"damage":0.0,"enemies":"Lagavulin","floor":14.0,"turns":5.0},{"damage":0.0,"enemies":"3 Louse","floor":15.0,"turns":2.0},{"damage":4.0,"enemies":"SI_SHIV_ARCHETYPE","floor":16.0,"turns":7.0},{"damage":0.0,"enemies":"3 Byrds","floor":19.0,"turns":2.0},{"damage":3.0,"enemies":"Spheric Guardian","floor":20.0,"turns":5.0},{"damage":20.0,"enemies":"downfall:FleeingMerchant","floor":21.0,"turns":4.0},{"damage":11.0,"enemies":"downfall:FleeingMerchant","floor":26.0,"turns":3.0},{"damage":50.0,"enemies":"downfall:FleeingMerchant","floor":27.0,"turns":7.0},{"damage":0.0,"enemies":"Cultist and Chosen","floor":28.0,"turns":1.0},{"damage":9.0,"enemies":"WA_ARCHETYPE_RETAIN","floor":31.0,"turns":3.0},{"damage":0.0,"enemies":"3 Cultists","floor":32.0,"turns":2.0},{"damage":34.0,"enemies":"IC_MUSHROOM_ARCHETYPE","floor":33.0,"turns":7.0},{"damage":19.0,"enemies":"3 Darklings","floor":36.0,"turns":2.0},{"damage":0.0,"enemies":"Orb Walker","floor":37.0,"turns":1.0},{"damage":0.0,"enemies":"Orb Walker","floor":38.0,"turns":2.0},{"damage":0.0,"enemies":"2 Orb Walkers","floor":40.0,"turns":1.0},{"damage":0.0,"enemies":"2 Orb Walkers","floor":45.0,"turns":4.0},{"damage":0.0,"enemies":"Nemesis","floor":46.0,"turns":4.0},{"damage":0.0,"enemies":"Reptomancer","floor":48.0,"turns":3.0},{"damage":8.0,"enemies":"DF_ARCHETYPE_ORBS","floor":50.0,"turns":4.0},{"damage":0.0,"enemies":"downfall:CharBossMerchant","floor":52.0,"turns":5.0},{"damage":11,"enemies":"downfall:NeowBoss","floor":55,"turns":9},{"damage":43,"enemies":"downfall:NeowBossFinal","floor":56,"turns":7}],"seed_played":"5716205891782596926","potions_obtained":[{"floor":2.0,"key":"SteroidPotion"},{"floor":4.0,"key":"hexamod:SoulburnPotion"},{"floor":9.0,"key":"PowerPotion"},{"floor":14.0,"key":"LiquidMemories"}],"is_trial":false,"path_per_floor":["R","M","?","M","?","M","T","$","M","R","$","M","M","E","M","B",null,"R","M","M","$","?","?","T","R","$","?","M","$","R","?","M","B",null,"R","M","M","?","T","?","T","$","R","?","?","E","R","E","R","B",null,"E","$","R","B","B",null],"character_chosen":"THE_AUTOMATON","items_purchased":["bronze:MaxOutput","bronze:ChosenStrike","bronze:RecursiveStrike","Membership Card","Singing Bowl","Regal Pillow","Toolbox","Anchor","StoneCalendar"],"campfire_rested":1,"item_purchase_floors":[8,21,26,29,29,29,42,53,53],"current_hp_per_floor":[63,63,63,56,49,46,46,39,39,39,39,39,39,46,46,49,63,63,63,60,47,47,47,47,47,43,1,1,1,34,35,37,12,69,69,59,61,70,70,70,70,70,80,80,87,89,89,91,91,89,91,93,93,93,82,48],"gold":47,"neow_bonus":"REMOVE_TWO","is_daily":false,"chose_seed":false,"campfire_upgraded":6,"win_rate":0.0,"timestamp":1613345600,"path_taken":["R","M","?","M","?","M","T","$","M","R","?","M","M","E","M","BOSS","R","M","M","$","?","?","T","R","$","?","?","$","R","?","M","BOSS","R","M","M","?","?","?","T","?","R","?","?","E","R","E","R","BOSS","E","$","R","BOSS","BOSS"],"items_purchased_type":["Card","Card","Card","Relic","Relic","Relic","Relic","Relic","Relic"],"build_version":"2020-12-22","purchased_purges":4,"victory":true,"max_hp_per_floor":[63,63,63,63,63,63,63,63,63,63,63,63,63,63,63,63,63,63,63,63,63,63,63,63,63,63,63,63,63,63,65,67,69,69,69,71,73,75,75,75,75,75,85,85,87,89,89,91,91,91,91,93,93,93,93,93],"card_choices":[{"not_picked":["bronze:Overload","bronze:BuggyMess"],"picked":"bronze:Boost","floor":2.0},{"not_picked":["bronze:OilSpill","bronze:Turbo"],"picked":"bronze:FineTuning","floor":4.0},{"not_picked":["bronze:BuggyMess","bronze:Overload","bronze:Shield"],"picked":"SKIP","floor":6.0},{"not_picked":["bronze:DelayedSlice","bronze:BitShift"],"picked":"bronze:WhirlingStrike","floor":8.0},{"not_picked":["bronze:BuggyMess","bronze:DelayedGuard"],"picked":"bronze:Iterate","floor":9.0},{"not_picked":["bronze:Repulsor","bronze:MaxOutput"],"picked":"bronze:Branch","floor":11.0},{"not_picked":["bronze:ChildClass","bronze:Turbo","bronze:OilSpill"],"picked":"SKIP","floor":12.0},{"not_picked":["bronze:HardenedForm","bronze:BugBarrage"],"picked":"bronze:Repair","floor":13.0},{"not_picked":["bronze:BugBarrage","bronze:Shield"],"picked":"bronze:WhirlingStrike","floor":14.0},{"not_picked":["bronze:BuggyMess","bronze:Overheat","bronze:GetLatest"],"picked":"SKIP","floor":15.0},{"not_picked":["bronze:HyperBeam","bronze:Virus"],"picked":"bronze:Verify","floor":16.0},{"not_picked":["bronze:BuggyMess","bronze:WildBeam","bronze:Invalidate"],"picked":"SKIP","floor":19.0},{"not_picked":["bronze:WildBeam+1","bronze:Overload+1"],"picked":"bronze:Iterate","floor":20.0},{"not_picked":["bronze:Frontload","bronze:BugBarrage","bronze:Format"],"picked":"SKIP","floor":21.0},{"not_picked":["bronze:BugBarrage+1","bronze:Frontload"],"picked":"bronze:Flail+1","floor":26.0},{"not_picked":[],"picked":"bronze:DonuBeam","floor":27.0},{"not_picked":[],"picked":"bronze:DecaBeam","floor":27.0},{"not_picked":["bronze:FollowUp+1","bronze:ForLoop"],"picked":"bronze:FineTuning+1","floor":27.0},{"not_picked":["bronze:WildBeam","bronze:OilSpill","bronze:Iterate"],"picked":"SKIP","floor":28.0},{"not_picked":["bronze:CloningBeam","bronze:Iterate+1","bronze:BuggyMess"],"picked":"Singing Bowl","floor":31.0},{"not_picked":["bronze:FollowUp","bronze:BitShift","bronze:CleanCode"],"picked":"Singing Bowl","floor":32.0},{"not_picked":["bronze:ShipIt","bronze:SpaghettiCode","bronze:FindAndReplace"],"picked":"Singing Bowl","floor":33.0},{"not_picked":["bronze:NullPointer","bronze:ChosenStrike+1","bronze:Shield"],"picked":"Singing Bowl","floor":36.0},{"not_picked":["bronze:WhirlingStrike","bronze:WildBeam","bronze:Boost"],"picked":"Singing Bowl","floor":37.0},{"not_picked":["bronze:BuggyMess+1","bronze:Overheat+1","bronze:Iterate"],"picked":"Singing Bowl","floor":38.0},{"not_picked":["bronze:Turbo+1","bronze:Fortify+1"],"picked":"bronze:ChildClass+1","floor":40.0},{"not_picked":["bronze:ItsAFeature","bronze:Branch+1","bronze:Repulsor"],"picked":"Singing Bowl","floor":45.0},{"not_picked":["bronze:Frontload","bronze:Shield+1","bronze:Branch+1"],"picked":"Singing Bowl","floor":46.0},{"not_picked":["bronze:Shield+1","bronze:FollowUp+1","bronze:Verify"],"picked":"Singing Bowl","floor":48.0},{"not_picked":["bronze:ChosenStrike+1","bronze:OilSpill+1","bronze:DigitalCarnage+1"],"picked":"Singing Bowl","floor":52.0}],"player_experience":1069018,"relics_obtained":[{"floor":7.0,"key":"Smiling Mask"},{"floor":14.0,"key":"StrikeDummy"},{"floor":24.0,"key":"Kunai"},{"floor":31.0,"key":"Pocketwatch"},{"floor":31.0,"key":"Darkstone Periapt"},{"floor":40.0,"key":"FossilizedHelix"},{"floor":41.0,"key":"Centennial Puzzle"},{"floor":45.0,"key":"Peace Pipe"},{"floor":46.0,"key":"Meat on the Bone"},{"floor":48.0,"key":"Bronze Scales"},{"floor":52.0,"key":"Shuriken"}],"event_choices":[{"damage_healed":0.0,"max_hp_gain":0.0,"max_hp_loss":0.0,"gold_gain":0.0,"event_name":"Big Fish","player_choice":"Box","floor":3.0,"gold_loss":0.0,"damage_taken":0.0,"relics_obtained":["Boot"],"cards_obtained":["Regret"]},{"damage_healed":0.0,"max_hp_gain":0.0,"max_hp_loss":0.0,"gold_gain":0.0,"event_name":"Scrap Ooze","player_choice":"Success","floor":5.0,"gold_loss":0.0,"damage_taken":7.0,"relics_obtained":["Bag of Marbles"]},{"damage_healed":0.0,"max_hp_gain":0.0,"max_hp_loss":0.0,"gold_gain":0.0,"event_name":"Vampires","player_choice":"Ignored","floor":22.0,"gold_loss":0.0,"damage_taken":0.0},{"damage_healed":0.0,"max_hp_gain":0.0,"max_hp_loss":0.0,"gold_gain":0.0,"event_name":"Mysterious Sphere","player_choice":"Fight","floor":40.0,"gold_loss":0.0,"damage_taken":0.0}],"is_beta":false,"boss_relics":[{"not_picked":["SlaversCollar","Calling Bell"],"picked":"Sozu"},{"not_picked":["bronze:MakeshiftBattery","SacredBark"],"picked":"Empty Cage"}],"items_purged_floors":[8,26,42,53],"is_endless":false,"potions_floor_spawned":[2,4,9,12,13,14,27,28,31,33,36,45,48,52],"ascension_level":0}}