{"host":"t7mx8yfj1no5p62f","time":1613274993,"event":{"mods":["BaseMod","Colored Map","Colored Powertips","Curses Come First","Minty Spire (QoL Compilation)","Relic Stats","StSLib"],"gold_per_floor":[114,128,147,147,166,166,179,179,179,219,257,293,316,336,336,432,432,455,370,386,436,449,449,485,485,485,516,516,167,187,225,225,225,225],"floor_reached":33,"language":"ENG","playtime":1162,"items_purged":["Strike_R"],"score":634,"play_id":"5e43fc62-8840-4d7c-b9b6-03b1eaacb4c6","local_time":"20210213225633","is_ascension_mode":true,"campfire_choices":[{"data":"Uppercut","floor":6,"key":"SMITH"},{"data":"Immolate","floor":15,"key":"SMITH"},{"data":"Feel No Pain","floor":23,"key":"SMITH"},{"data":"Evolve","floor":25,"key":"SMITH"},{"floor":28,"key":"REST"},{"floor":32,"key":"REST"}],"circlet_count":0,"master_deck":["AscendersBane","Strike_R","Strike_R","Strike_R","Defend_R","Defend_R","Defend_R","Defend_R","Bash","Reaper","Thunderclap","Ghostly Armor","Twin Strike","Uppercut+1","Immolate+1","Evolve+1","Shrug It Off","Impervious","Power Through","Feel No Pain+1","Armaments","Intimidate","Body Slam"],"relics":["Burning Blood","Golden Idol","Question Card","StoneCalendar","Odd Mushroom","Kunai","Mark of Pain","Art of War","Bottled Tornado","Boot","Medical Kit","Paper Frog"],"acts_visited":["Exordium","TheCity"],"potions_floor_usage":[10,11,20,24,27,30,33,33],"damage_taken":[{"damage":18,"enemies":"Jaw Worm","floor":1,"turns":7},{"damage":7,"enemies":"Cultist","floor":2,"turns":4},{"damage":4,"enemies":"2 Louse","floor":3,"turns":4},{"damage":9,"enemies":"2 Fungi Beasts","floor":5,"turns":4},{"damage":4,"enemies":"Looter","floor":7,"turns":5},{"damage":15,"enemies":"Lagavulin","floor":10,"turns":7},{"damage":0,"enemies":"The Mushroom Lair","floor":11,"turns":2},{"damage":22,"enemies":"3 Sentries","floor":12,"turns":6},{"damage":4,"enemies":"Exordium Wildlife","floor":13,"turns":3},{"damage":18,"enemies":"Exordium Thugs","floor":14,"turns":6},{"damage":30,"enemies":"Slime Boss","floor":16,"turns":8},{"damage":34,"enemies":"Spheric Guardian","floor":18,"turns":6},{"damage":16,"enemies":"Shell Parasite","floor":20,"turns":5},{"damage":4,"enemies":"Centurion and Healer","floor":22,"turns":5},{"damage":24,"enemies":"Slavers","floor":24,"turns":5},{"damage":28,"enemies":"Gremlin Leader","floor":27,"turns":7},{"damage":0,"enemies":"3 Cultists","floor":30,"turns":2},{"damage":30,"enemies":"Slavers","floor":31,"turns":6},{"damage":36,"enemies":"Automaton","floor":33,"turns":6}],"seed_played":"-8419452784805557297","potions_obtained":[{"floor":1,"key":"Swift Potion"},{"floor":7,"key":"Strength Potion"},{"floor":11,"key":"Swift Potion"},{"floor":14,"key":"Weak Potion"},{"floor":16,"key":"Dexterity Potion"},{"floor":22,"key":"Block Potion"},{"floor":27,"key":"Swift Potion"},{"floor":30,"key":"Strength Potion"}],"is_trial":false,"path_per_floor":["M","M","M","?","M","R","M","?","T","E","?","E","M","M","R","B",null,"M","?","M","?","M","R","E","R","T","E","R","$","M","E","R","B"],"character_chosen":"IRONCLAD","items_purchased":["Medical Kit","LiquidMemories","Body Slam"],"campfire_rested":2,"item_purchase_floors":[29,29,29],"current_hp_per_floor":[42,47,57,57,62,62,64,64,64,55,61,45,55,51,51,27,58,36,36,26,26,32,32,22,22,22,14,34,34,40,16,36,0,0],"gold":225,"neow_bonus":"THREE_RARE_CARDS","is_daily":false,"chose_seed":false,"campfire_upgraded":4,"win_rate":0.0,"timestamp":1613274993,"path_taken":["M","M","M","?","?","R","M","?","T","E","?","E","M","M","R","BOSS","M","?","M","?","M","R","E","R","T","E","R","$","M","E","R","BOSS"],"items_purchased_type":["Relic","Potion","Card"],"build_version":"2020-12-22","purchased_purges":1,"victory":false,"max_hp_per_floor":[75,75,75,75,75,75,75,68,68,68,68,68,68,68,68,68,68,68,68,68,68,68,68,68,68,68,68,68,68,68,68,68,68,68],"relic_stats":{"counters":[19,98],"Golden Idol":87,"StoneCalendar":[100],"Art of War":[3],"Kunai":[11],"Question Card":13,"Boot":[9],"Medical Kit":[20],"obtain_stats":[{"Golden Idol":8,"StoneCalendar":10,"Mark of Pain":17,"Art of War":19,"Kunai":12,"Odd Mushroom":11,"Bottled Tornado":24,"Question Card":9,"Boot":27,"Medical Kit":29,"Burning Blood":0,"Paper Frog":31},{"Golden Idol":5,"StoneCalendar":6,"Mark of Pain":11,"Art of War":12,"Kunai":8,"Odd Mushroom":7,"Bottled Tornado":15,"Question Card":5,"Boot":16,"Medical Kit":16,"Burning Blood":0,"Paper Frog":18},{"Golden Idol":24,"StoneCalendar":31,"Mark of Pain":56,"Art of War":62,"Kunai":39,"Odd Mushroom":33,"Bottled Tornado":77,"Question Card":24,"Boot":84,"Medical Kit":84,"Burning Blood":0,"Paper Frog":92}],"Burning Blood":108},"card_choices":[{"not_picked":["Brutality","Demon Form"],"picked":"Reaper","floor":0},{"not_picked":["Metallicize","Shrug It Off"],"picked":"Thunderclap","floor":1},{"not_picked":["Rage","True Grit"],"picked":"Ghostly Armor","floor":2},{"not_picked":["Rupture","Dark Embrace"],"picked":"Twin Strike","floor":3},{"not_picked":["Twin Strike","Perfected Strike"],"picked":"Uppercut","floor":5},{"not_picked":["Bloodletting","Sword Boomerang","Heavy Blade"],"picked":"SKIP","floor":7},{"not_picked":["Barricade","Burning Pact","Cleave"],"picked":"Immolate","floor":10},{"not_picked":["Searing Blow","Wild Strike","Perfected Strike"],"picked":"Evolve","floor":12},{"not_picked":["Headbutt","Wild Strike","Thunderclap","Clash"],"picked":"SKIP","floor":13},{"not_picked":["Burning Pact","Infernal Blade","Body Slam"],"picked":"Shrug It Off","floor":14},{"not_picked":["Berserk","Juggernaut","Demon Form"],"picked":"Impervious","floor":16},{"not_picked":["Seeing Red","Searing Blow","Headbutt","Thunderclap"],"picked":"SKIP","floor":18},{"not_picked":["Cleave","Perfected Strike","Feel No Pain"],"picked":"Power Through","floor":20},{"not_picked":["Havoc","Wild Strike","Heavy Blade"],"picked":"Feel No Pain","floor":22},{"not_picked":["Twin Strike","Iron Wave","Bloodletting"],"picked":"Armaments","floor":24},{"not_picked":["Hemokinesis","Limit Break","Brutality"],"picked":"Intimidate","floor":27},{"not_picked":["Clash","Flex","Perfected Strike","Cleave"],"picked":"SKIP","floor":30},{"not_picked":["Blood for Blood","Sever Soul","Thunderclap","Disarm"],"picked":"SKIP","floor":31}],"player_experience":1963371,"relics_obtained":[{"floor":9,"key":"Question Card"},{"floor":10,"key":"StoneCalendar"},{"floor":11,"key":"Odd Mushroom"},{"floor":12,"key":"Kunai"},{"floor":24,"key":"Bottled Tornado"},{"floor":27,"key":"Boot"},{"floor":31,"key":"Paper Frog"}],"event_choices":[{"cards_removed":["Strike_R"],"damage_healed":0,"gold_gain":0,"player_choice":"Offered Basic","damage_taken":0,"max_hp_gain":0,"max_hp_loss":0,"event_name":"Bonfire Elementals","floor":4,"gold_loss":0},{"damage_healed":0,"gold_gain":0,"player_choice":"Lose Max HP","damage_taken":0,"relics_obtained":["Golden Idol"],"max_hp_gain":0,"max_hp_loss":7,"event_name":"Golden Idol","floor":8,"gold_loss":0},{"damage_healed":0,"gold_gain":0,"player_choice":"Fought Mushrooms","damage_taken":0,"max_hp_gain":0,"max_hp_loss":0,"event_name":"Mushrooms","floor":11,"gold_loss":0},{"damage_healed":0,"gold_gain":0,"player_choice":"Obtained Relic","damage_taken":0,"relics_obtained":["Art of War"],"max_hp_gain":0,"max_hp_loss":0,"event_name":"Addict","floor":19,"gold_loss":85},{"damage_healed":0,"gold_gain":50,"player_choice":"Stole From Cult","damage_taken":0,"max_hp_gain":0,"max_hp_loss":0,"event_name":"Nest","floor":21,"gold_loss":0}],"is_beta":false,"boss_relics":[{"not_picked":["Fusion Hammer","SacredBark"],"picked":"Mark of Pain"}],"items_purged_floors":[29],"is_endless":false,"potions_floor_spawned":[1,7,11,14,16,22,27,30,31],"killed_by":"Automaton","ascension_level":20}}