{"host":"0fd22hpf43j6tvvm","time":1613331717,"event":{"mods":["AchievementEnabler","BaseMod","Colored Map","Minty Spire (QoL Compilation)","Relic Stats"],"gold_per_floor":[118,129,129,146,146,176,176,203,273,273,293,308,335,348,348,422,422,438,388,407,109,109,137,137,137,137,137,152,178,178,28,28,104,104,122,172,191,209,223,251,263,310,322,361,393,6,39,59,59,59],"floor_reached":51,"language":"ENG","playtime":4813,"items_purged":["Strike_P","SignatureMove"],"score":1488,"play_id":"dfb96504-41f9-4d59-9d9d-0d945ecd0379","local_time":"20210214144157","is_ascension_mode":true,"campfire_choices":[{"data":"1","floor":7.0,"key":"LIFT"},{"data":"2","floor":10.0,"key":"LIFT"},{"data":"3","floor":15.0,"key":"LIFT"},{"data":"DevaForm","floor":25.0,"key":"SMITH"},{"floor":27.0,"key":"REST"},{"data":"Wallop","floor":32.0,"key":"SMITH"},{"floor":49,"key":"REST"}],"circlet_count":0,"master_deck":["AscendersBane","Strike_P+1","Strike_P+1","Defend_P+1","Eruption+1","Vigilance+1","ThirdEye+1","EmptyBody+1","Wallop+1","LessonLearned+1","WheelKick+1","SashWhip+1","PathToVictory+1","FearNoEvil+1","BowlingBash+1","PathToVictory+1","DevaForm+1","Wireheading+1","InnerPeace+1","MentalFortress+1","CutThroughFate+1","Wallop+1","Scrawl+1","ThirdEye+1","Fasting2+1","PathToVictory+1"],"relics":["PureWater","Bronze Scales","Girya","Blood Vial","HornCleat","Orichalcum","Runic Pyramid","War Paint","Frozen Egg 2","CloakClasp","Incense Burner","SlaversCollar","MawBank","Singing Bowl","Thread and Needle","Lantern","Toxic Egg 2","PreservedInsect"],"acts_visited":["Exordium","TheCity","TheBeyond"],"potions_floor_usage":[50,50],"damage_taken":[{"damage":2.0,"enemies":"Jaw Worm","floor":1.0,"turns":4.0},{"damage":3.0,"enemies":"Cultist","floor":2.0,"turns":4.0},{"damage":0.0,"enemies":"Small Slimes","floor":4.0,"turns":5.0},{"damage":21.0,"enemies":"3 Sentries","floor":6.0,"turns":12.0},{"damage":12.0,"enemies":"Lagavulin","floor":8.0,"turns":7.0},{"damage":14.0,"enemies":"Exordium Thugs","floor":11.0,"turns":3.0},{"damage":7.0,"enemies":"3 Louse","floor":12.0,"turns":2.0},{"damage":0.0,"enemies":"3 Sentries","floor":13.0,"turns":5.0},{"damage":0.0,"enemies":"Blue Slaver","floor":14.0,"turns":3.0},{"damage":5.0,"enemies":"Hexaghost","floor":16.0,"turns":9.0},{"damage":0.0,"enemies":"Chosen","floor":18.0,"turns":4.0},{"damage":10.0,"enemies":"2 Thieves","floor":20.0,"turns":3.0},{"damage":11.0,"enemies":"Book of Stabbing","floor":23.0,"turns":5.0},{"damage":2.0,"enemies":"Chosen and Byrds","floor":28.0,"turns":4.0},{"damage":1.0,"enemies":"Slavers","floor":29.0,"turns":4.0},{"damage":32.0,"enemies":"Champ","floor":33.0,"turns":9.0},{"damage":0.0,"enemies":"Orb Walker","floor":35.0,"turns":5.0},{"damage":12.0,"enemies":"3 Shapes","floor":37.0,"turns":5.0},{"damage":0.0,"enemies":"Maw","floor":38.0,"turns":6.0},{"damage":3.0,"enemies":"Writhing Mass","floor":39.0,"turns":6.0},{"damage":4.0,"enemies":"Giant Head","floor":40.0,"turns":8.0},{"damage":0,"enemies":"Reptomancer","floor":42,"turns":6},{"damage":0,"enemies":"Nemesis","floor":44,"turns":7},{"damage":0,"enemies":"Jaw Worm Horde","floor":45,"turns":5},{"damage":12,"enemies":"Reptomancer","floor":47,"turns":5},{"damage":10,"enemies":"4 Shapes","floor":48,"turns":5},{"damage":31,"enemies":"Awakened One","floor":50,"turns":8}],"seed_played":"3625609476122902122","potions_obtained":[{"floor":1.0,"key":"BlessingOfTheForge"},{"floor":3.0,"key":"DuplicationPotion"},{"floor":4.0,"key":"SteroidPotion"},{"floor":6.0,"key":"Explosive Potion"},{"floor":11.0,"key":"EssenceOfSteel"},{"floor":13.0,"key":"LiquidMemories"},{"floor":16.0,"key":"Energy Potion"},{"floor":18.0,"key":"FearPotion"},{"floor":33.0,"key":"FearPotion"},{"floor":38.0,"key":"LiquidMemories"},{"floor":39.0,"key":"Ancient Potion"},{"floor":44,"key":"AttackPotion"}],"is_trial":false,"path_per_floor":["M","M","?","M","?","E","R","E","T","R","M","M","E","M","R","B",null,"M","?","M","$","?","E","?","R","T","R","M","E","?","$","R","B",null,"M","?","M","M","M","E","?","E","T","E","M","$","E","M","R","B",null],"character_chosen":"WATCHER","items_purchased":["Wireheading","War Paint","Energy Potion","Fasting2+1","Strength Potion","Toxic Egg 2","PathToVictory+1"],"campfire_rested":2,"item_purchase_floors":[21,21,31,46,46,46,46],"current_hp_per_floor":[59,56,56,56,56,35,35,23,23,23,11,6,8,10,10,7,53,55,55,47,47,28,19,19,19,19,40,40,41,41,41,41,11,58,60,60,50,52,51,49,49,53,53,57,61,61,53,47,70,41],"gold":59,"neow_bonus":"RANDOM_COMMON_RELIC","is_daily":false,"chose_seed":false,"campfire_upgraded":2,"win_rate":0.0,"timestamp":1613331717,"path_taken":["M","M","?","?","?","E","R","E","T","R","M","M","E","?","R","BOSS","M","?","M","$","?","E","?","R","T","R","?","E","?","$","R","BOSS","M","?","M","?","?","E","?","E","T","E","M","$","E","M","R","BOSS"],"items_purchased_type":["Card","Relic","Potion","Card","Potion","Relic","Card"],"build_version":"2020-12-22","purchased_purges":2,"victory":true,"max_hp_per_floor":[68,68,68,68,68,68,68,68,68,68,68,68,68,68,68,68,68,68,68,68,68,73,73,73,73,73,73,73,73,73,73,73,73,73,73,73,73,73,73,73,69,71,71,73,75,75,77,79,79,79],"relic_stats":{"Blood Vial":44,"Singing Bowl":10,"counters":[27,149],"Bronze Scales":[414],"PreservedInsect":0,"CloakClasp":[408],"Orichalcum":[84],"War Paint":["Defend_P","Defend_P"],"MawBank":72,"obtain_stats":[{"Girya":6,"Lantern":44,"Singing Bowl":42,"Thread and Needle":43,"PreservedInsect":47,"CloakClasp":26,"Incense Burner":29,"Orichalcum":13,"War Paint":21,"Frozen Egg 2":23,"MawBank":40,"Blood Vial":8,"SlaversCollar":34,"HornCleat":9,"Bronze Scales":0,"PureWater":0,"Toxic Egg 2":46,"Runic Pyramid":17},{"Girya":4,"Lantern":23,"Singing Bowl":22,"Thread and Needle":22,"PreservedInsect":25,"CloakClasp":13,"Incense Burner":15,"Orichalcum":8,"War Paint":12,"Frozen Egg 2":13,"MawBank":21,"Blood Vial":5,"SlaversCollar":16,"HornCleat":5,"Bronze Scales":0,"PureWater":0,"Toxic Egg 2":24,"Runic Pyramid":10},{"Girya":25,"Lantern":126,"Singing Bowl":119,"Thread and Needle":119,"PreservedInsect":136,"CloakClasp":66,"Incense Burner":74,"Orichalcum":42,"War Paint":61,"Frozen Egg 2":66,"MawBank":113,"Blood Vial":32,"SlaversCollar":83,"HornCleat":32,"Bronze Scales":0,"PureWater":0,"Toxic Egg 2":131,"Runic Pyramid":54}]},"card_choices":[{"not_picked":["Indignation","SashWhip"],"picked":"ThirdEye","floor":1.0},{"not_picked":["FlurryOfBlows","Adaptation"],"picked":"EmptyBody","floor":2.0},{"not_picked":["Tantrum","EmptyBody"],"picked":"Wallop","floor":4.0},{"not_picked":["ForeignInfluence","Halt"],"picked":"WheelKick","floor":6.0},{"not_picked":["Adaptation","Prostrate"],"picked":"SashWhip","floor":8.0},{"not_picked":["EmptyBody","Worship"],"picked":"PathToVictory","floor":11.0},{"not_picked":["JustLucky","ThirdEye"],"picked":"FearNoEvil","floor":12.0},{"not_picked":["CrushJoints","WindmillStrike"],"picked":"BowlingBash","floor":13.0},{"not_picked":["EmptyFist","SpiritShield"],"picked":"PathToVictory","floor":14.0},{"not_picked":["Omniscience","Scrawl"],"picked":"DevaForm","floor":16.0},{"not_picked":["Vengeance","CrushJoints","SashWhip"],"picked":"SKIP","floor":18.0},{"not_picked":["Evaluate","EmptyBody","PathToVictory"],"picked":"SKIP","floor":20.0},{"not_picked":["FlurryOfBlows","ClearTheMind","EmptyBody"],"picked":"SKIP","floor":23.0},{"not_picked":["Nirvana+1","Wallop"],"picked":"MentalFortress+1","floor":28.0},{"not_picked":["BowlingBash","Halt"],"picked":"CutThroughFate","floor":29.0},{"not_picked":["LessonLearned","Establishment+1"],"picked":"Scrawl","floor":33.0},{"not_picked":["FollowUp","CutThroughFate","ForeignInfluence"],"picked":"SKIP","floor":35.0},{"not_picked":["FollowUp","CutThroughFate","ForeignInfluence"],"picked":"SKIP","floor":35.0},{"not_picked":["Prostrate","Halt","Evaluate"],"picked":"SKIP","floor":37.0},{"not_picked":["FearNoEvil","EmptyBody","CutThroughFate"],"picked":"SKIP","floor":38.0},{"not_picked":["WheelKick","Crescendo+1","CrushJoints"],"picked":"SKIP","floor":39.0},{"not_picked":["DevaForm+1","Establishment+1"],"picked":"ThirdEye","floor":40.0},{"not_picked":["Halt","SashWhip","Prostrate"],"picked":"Singing Bowl","floor":42},{"not_picked":["SashWhip","WheelKick","Worship"],"picked":"Singing Bowl","floor":44},{"not_picked":["Halt","SashWhip","FlyingSleeves"],"picked":"Singing Bowl","floor":45},{"not_picked":["InnerPeace+1","DeusExMachina+1","JustLucky"],"picked":"Singing Bowl","floor":47},{"not_picked":["Consecrate+1","Evaluate+1","Crescendo+1"],"picked":"Singing Bowl","floor":48}],"player_experience":564329,"relics_obtained":[{"floor":6.0,"key":"Girya"},{"floor":8.0,"key":"Blood Vial"},{"floor":9.0,"key":"HornCleat"},{"floor":13.0,"key":"Orichalcum"},{"floor":23.0,"key":"Frozen Egg 2"},{"floor":26.0,"key":"CloakClasp"},{"floor":29.0,"key":"Incense Burner"},{"floor":40.0,"key":"MawBank"},{"floor":42,"key":"Singing Bowl"},{"floor":43,"key":"Thread and Needle"},{"floor":44,"key":"Lantern"},{"floor":47,"key":"PreservedInsect"}],"event_choices":[{"damage_healed":0.0,"max_hp_gain":0.0,"max_hp_loss":0.0,"gold_gain":0.0,"event_name":"Lab","player_choice":"Got Potions","floor":3.0,"gold_loss":0.0,"damage_taken":0.0},{"damage_healed":0.0,"max_hp_gain":0.0,"max_hp_loss":0.0,"gold_gain":0.0,"cards_transformed":["Defend_P"],"event_name":"Transmorgrifier","player_choice":"Transformed","floor":5.0,"gold_loss":0.0,"damage_taken":0.0,"cards_obtained":["LessonLearned"]},{"damage_healed":0.0,"max_hp_gain":0.0,"max_hp_loss":0.0,"gold_gain":0.0,"event_name":"Designer","player_choice":"Upgrade","floor":19.0,"gold_loss":50.0,"damage_taken":0.0,"cards_upgraded":["Eruption"]},{"damage_healed":0.0,"max_hp_gain":5.0,"max_hp_loss":0.0,"gold_gain":0.0,"event_name":"Forgotten Altar","player_choice":"Shed Blood","floor":22.0,"gold_loss":0.0,"damage_taken":24.0},{"damage_healed":0.0,"max_hp_gain":0.0,"max_hp_loss":0.0,"gold_gain":0.0,"cards_transformed":["Defend_P"],"event_name":"Transmorgrifier","player_choice":"Transformed","floor":24.0,"gold_loss":0.0,"damage_taken":0.0,"cards_obtained":["InnerPeace"]},{"damage_healed":0.0,"max_hp_gain":0.0,"max_hp_loss":0.0,"gold_gain":0.0,"cards_transformed":["Defend_P","Strike_P"],"event_name":"Drug Dealer","player_choice":"Became Test Subject","floor":30.0,"gold_loss":0.0,"damage_taken":0.0,"cards_obtained":["SignatureMove","Wallop"]},{"damage_healed":0.0,"max_hp_gain":0.0,"max_hp_loss":0.0,"gold_gain":50.0,"event_name":"Golden Shrine","player_choice":"Pray","floor":36.0,"gold_loss":0.0,"damage_taken":0.0},{"damage_healed":0.0,"max_hp_gain":0.0,"max_hp_loss":4.0,"gold_gain":0.0,"event_name":"Winding Halls","player_choice":"Max HP","floor":41.0,"gold_loss":0.0,"damage_taken":0.0}],"is_beta":false,"boss_relics":[{"not_picked":["HolyWater","Black Star"],"picked":"Runic Pyramid"},{"not_picked":["Pandora\u0027s Box","Tiny House"],"picked":"SlaversCollar"}],"items_purged_floors":[21,31],"is_endless":false,"potions_floor_spawned":[1,4,6,11,13,16,18,33,38,39,44,47],"ascension_level":15}}