{"host":"i9z6y8pcdeu2qxnx","time":1613268077,"event":{"mods":["BaseMod","Colored Map","Googly Eyes","Highlight Path","Minty Spire (QoL Compilation)","Replay The Spire","StSLib"],"gold_per_floor":[110,128,49,49,67,96,106,124,124,124,143,174,193,268,268,371,371,385,396,396,396,406,433,478,508,508,508,100,131,131,6,6,6,6],"floor_reached":33,"language":"ENG","playtime":2946,"items_purged":["ReplayTheSpireMod:Splinters"],"score":390,"play_id":"a62c8d7a-f5a1-426e-8fd9-b95665bbbb61","local_time":"20210213210117","daily_mods":["Allstar","Flight","Binary"],"is_ascension_mode":false,"campfire_choices":[{"floor":10,"key":"REST"},{"floor":15,"key":"REST"},{"floor":27,"key":"REST"},{"floor":30,"key":"REST"},{"floor":32,"key":"REST"}],"circlet_count":0,"master_deck":["Defend_B","Defend_B","Defend_B","Zap","Dualcast","Good Instincts","Apotheosis","Magnetism","Purity","Poisoned Strike","Auto Shields","Ball Lightning","Streamline","Streamline","Beam Cell","Fission+1","Go for the Eyes","Gash","Go for the Eyes","Beam Cell","Streamline","Defragment","Go for the Eyes","Stack","Turbo","Bite","Bite","Bite","Bite","Bite","Cold Snap+1","Steam","Rebound","Compile Driver","Defragment","Hologram","Buffer","Leap","Electrodynamics","Streamline+1","Scrape","Ball Lightning","Conserve Battery"],"relics":["Cracked Core","Replay:Mystery Machine","ReplayTheSpireMod:TigerMarble","Juzu Bracelet","Nuclear Battery","Gremlin Horn","Dream Catcher","Shovel","White Beast Statue","Runic Capacitor","Kunai"],"acts_visited":["Exordium","TheCity"],"potions_floor_usage":[12,16,25,33,33],"damage_taken":[{"damage":9,"enemies":"Cultist","floor":1,"turns":4},{"damage":0,"enemies":"2 Louse","floor":2,"turns":2},{"damage":0,"enemies":"Jaw Worm","floor":5,"turns":2},{"damage":4,"enemies":"Gremlin Nob","floor":6,"turns":3},{"damage":7,"enemies":"Exordium Wildlife","floor":7,"turns":4},{"damage":14,"enemies":"Exordium Thugs","floor":8,"turns":5},{"damage":1,"enemies":"Looter","floor":11,"turns":3},{"damage":18,"enemies":"Lagavulin","floor":12,"turns":6},{"damage":5,"enemies":"Blue Slaver","floor":13,"turns":3},{"damage":50,"enemies":"Fading Forest","floor":16,"turns":11},{"damage":3,"enemies":"Shell Parasite","floor":18,"turns":3},{"damage":2,"enemies":"Spheric Guardian","floor":19,"turns":4},{"damage":24,"enemies":"Centurion and Healer","floor":22,"turns":7},{"damage":20,"enemies":"Replay:Snechameleon","floor":23,"turns":4},{"damage":26,"enemies":"Gremlin Leader","floor":25,"turns":7},{"damage":27,"enemies":"Slavers","floor":29,"turns":6},{"damage":74,"enemies":"Champ","floor":33,"turns":11}],"seed_played":"5439796493090136078","potions_obtained":[{"floor":7,"key":"LiquidBronze"},{"floor":8,"key":"PotionOfCapacity"},{"floor":11,"key":"BlessingOfTheForge"},{"floor":19,"key":"EssenceOfDarkness"},{"floor":22,"key":"GamblersBrew"},{"floor":24,"key":"Block Potion"},{"floor":29,"key":"Weak Potion"}],"is_trial":true,"path_per_floor":["M","M","$","?","M","E","M","M","T","R","M","E","M","?","R","B",null,"M","M","?","?","M","E","?","E","T","R","$","E","R","$","R","B"],"character_chosen":"DEFECT","items_purchased":["Streamline","Beam Cell","Runic Capacitor","Buffer","Leap","Scrape","Ball Lightning"],"campfire_rested":5,"item_purchase_floors":[3,3,28,28,28,31,31],"current_hp_per_floor":[66,66,66,66,66,62,55,41,41,63,62,44,39,28,50,18,75,72,70,70,52,36,28,28,23,23,38,38,19,34,34,49,0,0],"gold":6,"neow_bonus":"","is_daily":false,"chose_seed":false,"campfire_upgraded":0,"win_rate":0.0,"timestamp":1613268077,"path_taken":["M","M","$","?","M","E","M","M","T","R","M","E","M","?","R","BOSS","M","M","?","?","M","E","?","E","T","R","$","E","R","?","R","BOSS"],"items_purchased_type":["Card","Card","Relic","Card","Card","Card","Card"],"build_version":"2020-12-22","purchased_purges":1,"victory":false,"max_hp_per_floor":[75,75,75,75,75,75,75,75,75,75,75,75,75,75,75,75,75,75,75,75,52,52,52,52,52,52,52,52,52,52,52,52,52,52],"card_choices":[{"not_picked":["Skim"],"picked":"Auto Shields","floor":1},{"not_picked":["Scrape"],"picked":"Ball Lightning","floor":2},{"not_picked":["Panic Button"],"picked":"Go for the Eyes","floor":5},{"not_picked":["Coolheaded"],"picked":"Gash","floor":6},{"not_picked":["Barrage"],"picked":"Go for the Eyes","floor":7},{"not_picked":["Consume"],"picked":"Beam Cell","floor":8},{"not_picked":["Rebound"],"picked":"Streamline","floor":11},{"not_picked":["ReplayTheSpireMod:Repulse"],"picked":"Defragment","floor":12},{"not_picked":["Coolheaded"],"picked":"Go for the Eyes","floor":13},{"not_picked":["ReplaySort"],"picked":"Stack","floor":18},{"not_picked":["Melter"],"picked":"Turbo","floor":19},{"not_picked":["Compile Driver+1"],"picked":"Cold Snap+1","floor":22},{"not_picked":["Consume"],"picked":"Steam","floor":23},{"not_picked":["ReplayTheSpireMod:Repulse+1"],"picked":"Rebound","floor":24},{"not_picked":["BasicCrystalCard"],"picked":"Compile Driver","floor":24},{"not_picked":["ReplayRNGCard"],"picked":"Defragment","floor":25},{"not_picked":["Barrage"],"picked":"Hologram","floor":27},{"not_picked":["Reboot"],"picked":"Electrodynamics","floor":29},{"not_picked":["Storm"],"picked":"Streamline+1","floor":30},{"not_picked":["Chaos"],"picked":"Conserve Battery","floor":32}],"player_experience":1008184,"relics_obtained":[{"floor":6,"key":"Replay:Mystery Machine"},{"floor":9,"key":"ReplayTheSpireMod:TigerMarble"},{"floor":12,"key":"Juzu Bracelet"},{"floor":23,"key":"Gremlin Horn"},{"floor":24,"key":"Dream Catcher"},{"floor":25,"key":"Shovel"},{"floor":26,"key":"White Beast Statue"},{"floor":29,"key":"Kunai"}],"event_choices":[{"damage_healed":0,"gold_gain":75,"player_choice":"Gather Gold","damage_taken":11,"max_hp_gain":0,"max_hp_loss":0,"event_name":"World of Goop","floor":14,"gold_loss":0},{"damage_healed":0,"gold_gain":0,"player_choice":"Ignored","damage_taken":0,"max_hp_gain":0,"max_hp_loss":0,"event_name":"Ghosts","floor":20,"gold_loss":0},{"damage_healed":0,"gold_gain":0,"player_choice":"Became a vampire","damage_taken":0,"max_hp_gain":0,"max_hp_loss":23,"event_name":"Vampires","floor":21,"gold_loss":0,"cards_obtained":["Bite","Bite","Bite","Bite","Bite"]}],"is_beta":false,"boss_relics":[{"not_picked":["Replay:Grab Bag","ReplayTheSpireMod:DimensionalGlitch"],"picked":"Nuclear Battery"}],"items_purged_floors":[28],"is_endless":false,"potions_floor_spawned":[7,8,11,19,22,29],"killed_by":"Champ","ascension_level":0}}