{"host":"y8kub5kglio122n4","time":1613296312,"event":{"mods":["Aspiration","Bard","BaseMod","Colored Powertips","Conspire","Downfall","Hubris","Minty Spire (QoL Compilation)","Replay The Spire","StSLib","The Hierophant","The Jungle","The Runesmith","The Servant 0.9.4","The Valiant","The Wild Card"],"gold_per_floor":[99,118,118,135,152,87,113,126,158,158,191,135,151,163,181,276,276,226,245,280,299,312,344,369,369,369,369,369,369],"floor_reached":27,"language":"ENG","playtime":3036,"items_purged":[],"score":247,"play_id":"1efa0231-801f-4c8a-9ac8-e7f57ba06974","local_time":"20210214045152","is_ascension_mode":false,"campfire_choices":[{"floor":1,"key":"DIG"},{"data":"Slimebound:SlimeSlap","floor":25,"key":"SMITH"}],"circlet_count":0,"master_deck":["Slimebound:Tackle","Slimebound:Split","Slimebound:CorrosiveSpit","Slimebound:RollThrough","Slimebound:LivingWall","Slimebound:SamplingLick","Slimebound:ForwardTackle","Slimebound:SplitBruiser","Slimebound:FinishingTackle","Slimebound:Schlurp","Slimebound:SlimeSlap+1","Hallucinations","Slimebound:FinishingTackle","Slimebound:PressTheAttack","Slimebound:DisruptingSlam","Slimebound:RainOfGoop","Slimebound:LeechEnergy","Slimebound:RollThrough","Slimebound:MassRepurpose","Slimebound:Equalize","Slimebound:GoopSpray","Slimebound:PressTheAttack","Slimebound:Nibble","Slimebound:AcidTongue","Slimebound:Dissolve","Slimebound:Teamwork","conspire:SpireCoStock","Slimebound:GoopSpray+1","Slimebound:Dissolve+1","Slimebound:HauntingLick","Slimebound:SplitLeeching+1","Slimebound:Schlurp"],"relics":["Slimebound:AbsorbEndCombat","Prayer Beads","hubris:Towel","hubris:TenFootPole","aspiration:Lifesprig","Ring of Searing","Smiling Mask","Pandora\u0027s Box","Bronze Scales","Pet Ghost","hubris:Icosahedron"],"acts_visited":["Exordium","TheCity"],"potions_floor_usage":[16,22,22,22,22,23,23],"damage_taken":[{"damage":6,"enemies":"Jaw Worm","floor":2,"turns":4},{"damage":1,"enemies":"2 Louse","floor":4,"turns":2},{"damage":0,"enemies":"Cultist","floor":5,"turns":3},{"damage":0,"enemies":"downfall:FleeingMerchant","floor":6,"turns":4},{"damage":7,"enemies":"3 Louse","floor":8,"turns":3},{"damage":21,"enemies":"3 Sentries","floor":9,"turns":5},{"damage":18,"enemies":"Lagavulin","floor":11,"turns":5},{"damage":4,"enemies":"downfall:FleeingMerchant","floor":12,"turns":4},{"damage":1,"enemies":"downfall:LooterAlt","floor":13,"turns":2},{"damage":9,"enemies":"Gremlin Gang","floor":14,"turns":3},{"damage":11,"enemies":"Large Slime","floor":15,"turns":3},{"damage":13,"enemies":"IC_STATUS_ARCHETYPE","floor":16,"turns":6},{"damage":25,"enemies":"conspire:FuzzyDice","floor":19,"turns":5},{"damage":22,"enemies":"Shell Parasite","floor":20,"turns":4},{"damage":6,"enemies":"Cultist and Chosen","floor":21,"turns":4},{"damage":34,"enemies":"conspire:HollyBat","floor":22,"turns":7},{"damage":10,"enemies":"conspire:Head Lice","floor":23,"turns":5},{"damage":32,"enemies":"Slavers","floor":27,"turns":1}],"seed_played":"1421880089908488676","potions_obtained":[{"floor":5,"key":"Energy Potion"},{"floor":9,"key":"Toxic Potion"},{"floor":13,"key":"DuplicationPotion"},{"floor":15,"key":"Slimebound:SlimedPotion"},{"floor":21,"key":"EntropicBrew"},{"floor":22,"key":"Ancient Potion"}],"is_trial":false,"path_per_floor":["R","M","?","M","M","$","T","M","E","?","E","$","M","M","M","B",null,"R","M","M","M","M","E","T","R","?","E"],"character_chosen":"SLIMEBOUND","items_purchased":["Slimebound:FinishingTackle","Slimebound:DisruptingSlam"],"campfire_rested":0,"item_purchase_floors":[6,12],"current_hp_per_floor":[65,63,63,65,65,65,65,64,43,43,29,31,32,25,16,11,65,65,48,34,36,6,22,22,22,22,0,0,0],"gold":369,"neow_bonus":"THREE_CARDS","is_daily":false,"chose_seed":false,"campfire_upgraded":1,"win_rate":0.0,"timestamp":1613296312,"path_taken":["R","M","?","M","M","$","T","M","E","?","E","?","M","M","M","BOSS","R","M","M","?","M","E","T","R","?","E"],"items_purchased_type":["Card","Card"],"build_version":"2020-12-22","purchased_purges":0,"victory":false,"max_hp_per_floor":[65,65,65,65,65,65,65,65,65,65,65,65,65,65,65,65,65,65,65,65,65,65,65,65,65,65,65,65,65],"card_choices":[{"not_picked":["Slimebound:Schlurp","Slimebound:LeechingTouch"],"picked":"Slimebound:RollThrough","floor":0},{"not_picked":["Slimebound:GoopTackle","Slimebound:Gluttony"],"picked":"Slimebound:LivingWall","floor":2},{"not_picked":["Slimebound:FormOfPuddle","Slimebound:TongueLash"],"picked":"Slimebound:SamplingLick","floor":4},{"not_picked":["Slimebound:SplitMire","Slimebound:RejuvenatingLick"],"picked":"Slimebound:ForwardTackle","floor":5},{"not_picked":["Slimebound:Replication","Slimebound:FormOfPuddle"],"picked":"Slimebound:SplitBruiser","floor":6},{"not_picked":["Slimebound:Chomp","Slimebound:ComboTackle"],"picked":"Slimebound:Schlurp","floor":8},{"not_picked":["Slimebound:ItLooksTasty","Slimebound:FlameTackle"],"picked":"Slimebound:SlimeSlap","floor":9},{"not_picked":["Slimebound:ItLooksTasty","Slimebound:AcidTongue"],"picked":"Slimebound:FinishingTackle","floor":11},{"not_picked":["Slimebound:SpikyOuterGoop","Slimebound:GoopTackle"],"picked":"Slimebound:PressTheAttack","floor":12},{"not_picked":["Slimebound:ItLooksTasty","Slimebound:SplitBruiser"],"picked":"Slimebound:RainOfGoop","floor":13},{"not_picked":["Slimebound:Equalize","Slimebound:Nibble"],"picked":"Slimebound:LeechEnergy","floor":14},{"not_picked":["Slimebound:SplitBruiser","Slimebound:FormOfPuddle"],"picked":"Slimebound:RollThrough","floor":15},{"not_picked":["Slimebound:OneTwoCombo","Slimebound:Overexert"],"picked":"Slimebound:MassRepurpose","floor":16},{"not_picked":["Slimebound:LeechingTouch","Slimebound:SlimeSpikes+1"],"picked":"Slimebound:GoopSpray+1","floor":19},{"not_picked":["Slimebound:GoopSpray","Slimebound:PressTheAttack"],"picked":"Slimebound:Dissolve+1","floor":20},{"not_picked":["Slimebound:FlameTackle","Slimebound:SamplingLick"],"picked":"Slimebound:HauntingLick","floor":21},{"not_picked":["Slimebound:SlimeTap","Slimebound:Prepare"],"picked":"Slimebound:SplitLeeching+1","floor":22},{"not_picked":["Slimebound:RainOfGoop","Slimebound:Equalize"],"picked":"Slimebound:Schlurp","floor":23}],"player_experience":422453,"relics_obtained":[{"floor":1,"key":"Prayer Beads"},{"floor":7,"key":"hubris:TenFootPole"},{"floor":9,"key":"aspiration:Lifesprig"},{"floor":10,"key":"Ring of Searing"},{"floor":11,"key":"Smiling Mask"},{"floor":23,"key":"Bronze Scales"},{"floor":24,"key":"Pet Ghost"}],"event_choices":[{"damage_healed":0,"gold_gain":0,"player_choice":"Invest 1","damage_taken":0,"max_hp_gain":0,"max_hp_loss":0,"event_name":"conspire:Investor","floor":18,"gold_loss":0}],"is_beta":false,"boss_relics":[{"not_picked":["Runesmith:UraniumAnvil","aspiration:RunicSpoon"],"picked":"Pandora\u0027s Box"}],"items_purged_floors":[],"is_endless":false,"potions_floor_spawned":[5,9,13,15,21,22],"killed_by":"Slavers","ascension_level":0}}