{"host":"uv5ws9rdk87e8i5k","time":1613341289,"event":{"mods":["AchievementEnabler","BaseMod","Colored Map","Minty Spire (QoL Compilation)","Permanent Neow","Quick Restart","StSLib","SuperFastMode","The Necromancer"],"gold_per_floor":[109,121,134,145,145,173,185,185,185],"floor_reached":8,"language":"ENG","playtime":232,"items_purged":[],"score":60,"play_id":"9dd7c1f7-6251-482e-90ab-4ed29cae9f17","local_time":"20210214162129","is_ascension_mode":false,"campfire_choices":[],"circlet_count":0,"master_deck":["Strike_P","Strike_P","Strike_P","Strike_P","Defend_P","Defend_P","Defend_P","Defend_P","Eruption","Vigilance","PathToVictory","Study","FollowUp","ThirdEye","FearNoEvil","CutThroughFate","ThirdEye"],"relics":["PureWater","Art of War"],"acts_visited":["Exordium"],"potions_floor_usage":[6],"damage_taken":[{"damage":10,"enemies":"Small Slimes","floor":1,"turns":3},{"damage":7,"enemies":"Jaw Worm","floor":2,"turns":5},{"damage":0,"enemies":"2 Louse","floor":3,"turns":2},{"damage":2,"enemies":"Looter","floor":4,"turns":4},{"damage":15,"enemies":"Gremlin Nob","floor":6,"turns":4},{"damage":4,"enemies":"Blue Slaver","floor":7,"turns":4},{"damage":11,"enemies":"3 Sentries","floor":8,"turns":2}],"seed_played":"7540050235461327207","potions_obtained":[{"floor":3,"key":"Block Potion"},{"floor":4,"key":"SkillPotion"}],"is_trial":false,"path_per_floor":["M","M","M","M","?","E","M","E"],"character_chosen":"WATCHER","items_purchased":[],"campfire_rested":0,"item_purchase_floors":[],"current_hp_per_floor":[62,55,55,53,53,38,34,23,23],"gold":185,"neow_bonus":"THREE_CARDS","is_daily":false,"chose_seed":false,"campfire_upgraded":0,"win_rate":0.0,"timestamp":1613341289,"path_taken":["M","M","M","M","?","E","M","E"],"items_purchased_type":[],"build_version":"2020-12-22","purchased_purges":0,"victory":false,"max_hp_per_floor":[72,72,72,72,72,72,72,72,72],"card_choices":[{"not_picked":["BowlingBash","SandsOfTime"],"picked":"PathToVictory","floor":0},{"not_picked":["CrushJoints","EmptyMind"],"picked":"Study","floor":1},{"not_picked":["Adaptation","Perseverance"],"picked":"FollowUp","floor":2},{"not_picked":["Consecrate","CutThroughFate"],"picked":"ThirdEye","floor":3},{"not_picked":["InnerPeace","FlyingSleeves"],"picked":"FearNoEvil","floor":4},{"not_picked":["Worship","MentalFortress"],"picked":"CutThroughFate","floor":6},{"not_picked":["Vengeance","Crescendo"],"picked":"ThirdEye","floor":7}],"player_experience":184026,"relics_obtained":[{"floor":6,"key":"Art of War"}],"event_choices":[{"damage_healed":0,"gold_gain":0,"player_choice":"Ignored","damage_taken":0,"max_hp_gain":0,"max_hp_loss":0,"event_name":"Liars Game","floor":5,"gold_loss":0}],"is_beta":false,"boss_relics":[],"items_purged_floors":[],"is_endless":false,"potions_floor_spawned":[3,4],"killed_by":"3 Sentries","ascension_level":0}}