{"host":"2no1vwhhkhf0ohz3","time":1613322465,"event":{"mods":["AchievementEnabler","BaseMod","BetterRewards","Colored Map","DeckTracker","Keyboard Shortcuts","Minty Spire (QoL Compilation)","SuperFastMode"],"gold_per_floor":[118,129,139,40,52,52,52,52,75,75,104,16,91,91,91,91,91],"floor_reached":16,"language":"KOR","playtime":164,"items_purged":["Defend_R","Strike_R"],"score":147,"play_id":"a3e6b568-79a1-423e-9ee5-c21fde4ae22e","local_time":"20210215020745","is_ascension_mode":true,"campfire_choices":[{"data":"Flex","floor":6,"key":"SMITH"},{"data":"Bash","floor":8,"key":"SMITH"},{"data":"Sword Boomerang","floor":10,"key":"SMITH"},{"floor":15,"key":"REST"}],"circlet_count":0,"master_deck":["AscendersBane","Strike_R","Strike_R","Strike_R","Strike_R","Defend_R","Defend_R","Defend_R","Bash+1","Sword Boomerang+1","Flex+1","Ghostly Armor","Power Through+1"],"relics":["Burning Blood","NeowsBlessing","Bronze Scales","MawBank"],"acts_visited":["Exordium"],"potions_floor_usage":[11,16],"damage_taken":[{"damage":0,"enemies":"2 Louse","floor":1,"turns":1},{"damage":0,"enemies":"Small Slimes","floor":2,"turns":1},{"damage":0,"enemies":"Jaw Worm","floor":3,"turns":1},{"damage":61,"enemies":"Exordium Thugs","floor":5,"turns":6},{"damage":18,"enemies":"Gremlin Nob","floor":11,"turns":4},{"damage":0,"enemies":"The Guardian","floor":16,"turns":2}],"seed_played":"-5431572687274021243","potions_obtained":[{"floor":2,"key":"DuplicationPotion"},{"floor":5,"key":"PowerPotion"}],"is_trial":false,"path_per_floor":["M","M","M","$","M","R","?","R","T","R","E","$","?","?","R","B"],"character_chosen":"IRONCLAD","items_purchased":["Flex"],"campfire_rested":1,"item_purchase_floors":[4],"current_hp_per_floor":[78,80,80,80,25,25,51,51,51,51,39,39,28,28,52,52,52],"gold":91,"neow_bonus":"THREE_ENEMY_KILL","is_daily":false,"chose_seed":false,"campfire_upgraded":3,"win_rate":0.0,"timestamp":1613322465,"path_taken":["M","M","M","$","M","R","?","R","T","R","E","$","?","?","R","BOSS"],"items_purchased_type":["Card"],"build_version":"2020-12-22","purchased_purges":2,"victory":false,"max_hp_per_floor":[80,80,80,80,80,80,80,80,80,80,80,80,80,80,80,80,80],"card_choices":[{"not_picked":["Clash","Havoc","Warcry"],"picked":"SKIP","floor":1},{"not_picked":["Pummel","Heavy Blade"],"picked":"Sword Boomerang","floor":2},{"not_picked":["Blood for Blood","Sentinel","Sword Boomerang"],"picked":"SKIP","floor":3},{"not_picked":["Dual Wield","Second Wind"],"picked":"Ghostly Armor","floor":5},{"not_picked":["Anger","Clash"],"picked":"Power Through","floor":11}],"player_experience":296442,"relics_obtained":[{"floor":9,"key":"Bronze Scales"},{"floor":11,"key":"MawBank"}],"event_choices":[{"damage_healed":26,"gold_gain":0,"player_choice":"Banana","damage_taken":0,"max_hp_gain":0,"max_hp_loss":0,"event_name":"Big Fish","floor":7,"gold_loss":0},{"damage_healed":0,"gold_gain":75,"player_choice":"Gather Gold","damage_taken":11,"max_hp_gain":0,"max_hp_loss":0,"event_name":"World of Goop","floor":13,"gold_loss":0},{"damage_healed":0,"gold_gain":0,"player_choice":"Grow","damage_taken":0,"max_hp_gain":0,"max_hp_loss":0,"event_name":"Living Wall","floor":14,"gold_loss":0,"cards_upgraded":["Power Through"]}],"is_beta":false,"boss_relics":[],"items_purged_floors":[4,12],"is_endless":false,"potions_floor_spawned":[2,5],"killed_by":"The Guardian","ascension_level":10}}