{"host":"gjwzgdilc53yxmt0","time":1613325852,"event":{"mods":["2.2 Compatiblity","BaseMod","Bestiary","Highlight Path","Minty Spire (QoL Compilation)","Relic Stats","StSLib","ojb\u0027s Info Mod"],"gold_per_floor":[118,118,118,118,136,170,170,181,181,207,218,218,238,266,266,340,340,351,351,351,351,362,388,402,435,435,466,483,512,512,527,527,601,601,613,666,666,666,686,686,712,729,729,760,760,771,787,816,816,816,816,816,816,26,59,59],"floor_reached":57,"language":"ENG","playtime":4577,"items_purged":["Juggernaut+1"],"score":3105,"play_id":"cd99a3c9-fd4a-4f6a-b4ee-7109e50044ad","local_time":"20210214130412","is_ascension_mode":true,"campfire_choices":[{"floor":7.0,"key":"REST"},{"floor":12.0,"key":"REST"},{"data":"Rupture","floor":15.0,"key":"SMITH"},{"data":"J.A.X.","floor":30.0,"key":"SMITH"},{"data":"Shockwave","floor":32.0,"key":"SMITH"},{"floor":40.0,"key":"RECALL"},{"data":"Dark Embrace","floor":49.0,"key":"SMITH"},{"data":"Strike_R","floor":53.0,"key":"PURGE"}],"circlet_count":0,"master_deck":["AscendersBane","Defend_R","Defend_R","Defend_R+1","Bash","True Grit+1","Power Through+1","Sword Boomerang","Brutality","Headbutt","Ghostly Armor","Shockwave+1","Rupture+1","Exhume+1","True Grit","Dark Embrace+1","Reaper","Shrug It Off","J.A.X.+1","Seeing Red+1","Burning Pact+1","Burning Pact+1","Entrench+1","Havoc+1","Seeing Red+1","Limit Break+1","Evolve","Disarm+1","Apotheosis+1","Purity+1","Deep Breath+1","Madness+1","Madness+1","Headbutt","Dual Wield+1","Shrug It Off+1","Battle Trance+1","Dark Embrace","Impervious+1","Exhume+1","Disarm+1","Entrench+1","Warcry+1","Shrug It Off+1","Limit Break+1"],"relics":["Astrolabe","InkBottle","Mercury Hourglass","Omamori","Incense Burner","Coffee Dripper","Toxic Egg 2","Question Card","Eternal Feather","Sundial","Red Skull","White Beast Statue","Calling Bell","Bag of Marbles","Paper Frog","Peace Pipe","Thread and Needle","The Courier","War Paint","Kunai","Toy Ornithopter","Boot"],"acts_visited":["Exordium","TheCity","TheBeyond","TheEnding"],"potions_floor_usage":[56,56],"damage_taken":[{"damage":0.0,"enemies":"Jaw Worm","floor":1.0,"turns":4.0},{"damage":8.0,"enemies":"2 Louse","floor":5.0,"turns":3.0},{"damage":30.0,"enemies":"Gremlin Nob","floor":6.0,"turns":4.0},{"damage":1.0,"enemies":"Cultist","floor":8.0,"turns":4.0},{"damage":8.0,"enemies":"3 Sentries","floor":10.0,"turns":7.0},{"damage":7.0,"enemies":"Gremlin Gang","floor":11.0,"turns":5.0},{"damage":6.0,"enemies":"Looter","floor":13.0,"turns":4.0},{"damage":8.0,"enemies":"Lagavulin","floor":14.0,"turns":6.0},{"damage":27.0,"enemies":"The Guardian","floor":16.0,"turns":11.0},{"damage":19.0,"enemies":"3 Byrds","floor":18.0,"turns":5.0},{"damage":24.0,"enemies":"Chosen","floor":22.0,"turns":6.0},{"damage":31.0,"enemies":"Slavers","floor":23.0,"turns":6.0},{"damage":20.0,"enemies":"Shelled Parasite and Fungi","floor":24.0,"turns":5.0},{"damage":9.0,"enemies":"Book of Stabbing","floor":25.0,"turns":5.0},{"damage":73.0,"enemies":"Gremlin Leader","floor":27.0,"turns":8.0},{"damage":26.0,"enemies":"Chosen and Byrds","floor":28.0,"turns":7.0},{"damage":44.0,"enemies":"Slavers","floor":29.0,"turns":7.0},{"damage":17.0,"enemies":"3 Cultists","floor":31.0,"turns":4.0},{"damage":38.0,"enemies":"Automaton","floor":33.0,"turns":9.0},{"damage":4.0,"enemies":"3 Shapes","floor":35.0,"turns":5.0},{"damage":44.0,"enemies":"2 Orb Walkers","floor":36.0,"turns":5.0},{"damage":14.0,"enemies":"Orb Walker","floor":39.0,"turns":4.0},{"damage":31.0,"enemies":"Nemesis","floor":41.0,"turns":7.0},{"damage":16.0,"enemies":"Sphere and 2 Shapes","floor":42.0,"turns":5.0},{"damage":7.0,"enemies":"Giant Head","floor":44.0,"turns":5.0},{"damage":17.0,"enemies":"4 Shapes","floor":46.0,"turns":6.0},{"damage":37.0,"enemies":"3 Darklings","floor":47.0,"turns":5.0},{"damage":8.0,"enemies":"Nemesis","floor":48.0,"turns":7.0},{"damage":73.0,"enemies":"Donu and Deca","floor":50.0,"turns":6.0},{"damage":9.0,"enemies":"Awakened One","floor":51.0,"turns":7.0},{"damage":40,"enemies":"Shield and Spear","floor":55,"turns":6},{"damage":39,"enemies":"The Heart","floor":56,"turns":7}],"seed_played":"-7523079078418185725","potions_obtained":[{"floor":1.0,"key":"Swift Potion"},{"floor":4.0,"key":"EssenceOfSteel"},{"floor":4.0,"key":"BloodPotion"},{"floor":6.0,"key":"EssenceOfSteel"},{"floor":11.0,"key":"ColorlessPotion"},{"floor":24.0,"key":"DistilledChaos"},{"floor":27.0,"key":"GamblersBrew"},{"floor":28.0,"key":"Weak Potion"},{"floor":29.0,"key":"BlessingOfTheForge"},{"floor":36.0,"key":"Weak Potion"},{"floor":39.0,"key":"ColorlessPotion"},{"floor":42.0,"key":"BloodPotion"},{"floor":47.0,"key":"Strength Potion"}],"is_trial":false,"path_per_floor":["M","?","?","?","M","E","R","M","T","E","M","R","M","E","R","B",null,"M","?","?","T","M","E","M","E","T","E","M","E","R","M","R","B",null,"M","?","?","?","M","R","E","M","T","E","?","M","M","E","R","B","B",null,"R","$","E","B",null],"character_chosen":"IRONCLAD","items_purchased":["Dark Embrace","Impervious+1","Exhume+1","Disarm+1","Entrench+1","Toy Ornithopter","Warcry+1","Shrug It Off+1","Limit Break+1"],"campfire_rested":2,"item_purchase_floors":[54,54,54,54,54,54,54,54,54],"current_hp_per_floor":[68,61,61,61,53,23,45,44,44,36,29,51,45,37,37,10,59,49,49,49,49,43,60,73,70,70,57,56,48,63,66,75,51,69,73,71,61,47,55,75,72,75,75,75,75,58,56,75,75,59,69,74,75,75,75,61],"gold":59,"neow_bonus":"BOSS_RELIC","is_daily":false,"chose_seed":false,"campfire_upgraded":4,"win_rate":0.0,"timestamp":1613325852,"path_taken":["M","?","?","?","M","E","R","?","T","E","?","R","M","E","R","BOSS","M","?","?","?","M","E","?","E","T","E","M","E","R","M","R","BOSS","M","?","?","?","M","R","E","M","T","E","?","?","M","E","R","BOSS","BOSS","R","$","E","BOSS"],"items_purchased_type":["Card","Card","Card","Card","Card","Relic","Card","Card","Card"],"build_version":"2020-12-22","purchased_purges":1,"victory":true,"max_hp_per_floor":[75,75,75,75,75,75,75,75,75,75,75,75,75,75,75,75,75,75,75,75,75,75,75,75,75,75,75,75,75,75,75,75,75,75,75,75,75,75,75,75,75,75,75,75,75,75,75,75,75,75,75,75,75,75,75,75],"relic_stats":{"counters":[32,183],"Astrolabe":["True Grit","Juggernaut","Power Through"],"Eternal Feather":45,"War Paint":["Defend_R","Exhume"],"Question Card":21,"Boot":[0],"Mercury Hourglass":[797],"Peace Pipe":1,"Sundial":[34],"Kunai":[3],"obtain_stats":[{"Astrolabe":0,"Eternal Feather":25,"Thread and Needle":36,"The Courier":41,"Omamori":10,"Incense Burner":14,"War Paint":44,"Question Card":23,"Boot":55,"Burning Blood":0,"White Beast Statue":29,"Mercury Hourglass":9,"Calling Bell":34,"Peace Pipe":34,"Sundial":26,"Coffee Dripper":17,"Bag of Marbles":34,"Kunai":48,"Toxic Egg 2":21,"InkBottle":6,"Red Skull":27,"Toy Ornithopter":54,"Paper Frog":34},{"Astrolabe":0,"Eternal Feather":14,"Thread and Needle":21,"The Courier":23,"Omamori":5,"Incense Burner":8,"War Paint":25,"Question Card":12,"Boot":31,"Burning Blood":0,"White Beast Statue":17,"Mercury Hourglass":4,"Calling Bell":19,"Peace Pipe":19,"Sundial":14,"Coffee Dripper":9,"Bag of Marbles":19,"Kunai":28,"Toxic Egg 2":10,"InkBottle":3,"Red Skull":15,"Toy Ornithopter":30,"Paper Frog":19},{"Astrolabe":0,"Eternal Feather":75,"Thread and Needle":118,"The Courier":129,"Omamori":22,"Incense Burner":37,"War Paint":139,"Question Card":65,"Boot":176,"Burning Blood":0,"White Beast Statue":96,"Mercury Hourglass":15,"Calling Bell":109,"Peace Pipe":109,"Sundial":75,"Coffee Dripper":48,"Bag of Marbles":109,"Kunai":157,"Toxic Egg 2":53,"InkBottle":11,"Red Skull":83,"Toy Ornithopter":170,"Paper Frog":109}],"InkBottle":[70],"Toy Ornithopter":10},"card_choices":[{"not_picked":["Hemokinesis","Thunderclap"],"picked":"Sword Boomerang","floor":1.0},{"not_picked":["Warcry","Heavy Blade"],"picked":"Headbutt","floor":5.0},{"not_picked":["Warcry","Clothesline"],"picked":"Ghostly Armor","floor":6.0},{"not_picked":["Thunderclap","Clash"],"picked":"Shockwave","floor":8.0},{"not_picked":["Thunderclap","Flex"],"picked":"Rupture","floor":10.0},{"not_picked":["Clothesline","Thunderclap"],"picked":"Exhume","floor":11.0},{"not_picked":["Sever Soul","Flex"],"picked":"True Grit","floor":13.0},{"not_picked":["Dual Wield","Body Slam"],"picked":"Dark Embrace","floor":14.0},{"not_picked":["Fiend Fire","Feed"],"picked":"Reaper","floor":16.0},{"not_picked":["Headbutt","Cleave"],"picked":"Shrug It Off","floor":18.0},{"not_picked":["Anger","Perfected Strike","Pommel Strike"],"picked":"SKIP","floor":22.0},{"not_picked":["Clash","Sever Soul"],"picked":"Seeing Red+1","floor":23.0},{"not_picked":["Cleave+1","Blood for Blood","Iron Wave","Carnage"],"picked":"SKIP","floor":24.0},{"not_picked":["Rampage","Twin Strike","Reckless Charge"],"picked":"Burning Pact+1","floor":25.0},{"not_picked":["Metallicize","Clothesline","Pommel Strike"],"picked":"Burning Pact+1","floor":27.0},{"not_picked":["Clothesline","Flame Barrier+1","Bloodletting+1"],"picked":"Entrench+1","floor":28.0},{"not_picked":["Inflame","Entrench+1","Demon Form"],"picked":"Havoc+1","floor":29.0},{"not_picked":["Body Slam","Armaments+1","Intimidate+1"],"picked":"Seeing Red+1","floor":31.0},{"not_picked":["Berserk","Demon Form","Corruption"],"picked":"Limit Break+1","floor":33.0},{"not_picked":["Twin Strike","Wild Strike","Combust"],"picked":"Evolve","floor":35.0},{"not_picked":["Heavy Blade+1","Twin Strike","Cleave"],"picked":"Disarm+1","floor":36.0},{"not_picked":["Mind Blast","Forethought+1","Thinking Ahead+1"],"picked":"Apotheosis+1","floor":37.0},{"not_picked":["Blind+1","Madness+1","Trip+1"],"picked":"Purity+1","floor":37.0},{"not_picked":["Apotheosis+1","Jack Of All Trades+1","Swift Strike"],"picked":"Deep Breath+1","floor":37.0},{"not_picked":["Iron Wave","Twin Strike","Armaments+1"],"picked":"Headbutt","floor":39.0},{"not_picked":["Twin Strike","Demon Form","True Grit+1"],"picked":"Dual Wield+1","floor":41.0},{"not_picked":["Blood for Blood","Anger","Whirlwind","Body Slam"],"picked":"SKIP","floor":42.0},{"not_picked":["Shockwave+1","Entrench+1","Fire Breathing+1"],"picked":"Shrug It Off+1","floor":44.0},{"not_picked":["Armaments+1","Clothesline","Clash","Havoc+1"],"picked":"SKIP","floor":46.0},{"not_picked":["Thunderclap","Blood for Blood","Flex+1","Inflame"],"picked":"SKIP","floor":47.0},{"not_picked":["Clothesline+1","Headbutt","Infernal Blade+1"],"picked":"Battle Trance+1","floor":48.0},{"not_picked":["Juggernaut","Heavy Blade","Thunderclap","Sword Boomerang+1"],"picked":"SKIP","floor":55}],"player_experience":4938501,"relics_obtained":[{"floor":6.0,"key":"InkBottle"},{"floor":9.0,"key":"Mercury Hourglass"},{"floor":10.0,"key":"Omamori"},{"floor":14.0,"key":"Incense Burner"},{"floor":21.0,"key":"Toxic Egg 2"},{"floor":23.0,"key":"Question Card"},{"floor":25.0,"key":"Eternal Feather"},{"floor":26.0,"key":"Sundial"},{"floor":27.0,"key":"Red Skull"},{"floor":29.0,"key":"White Beast Statue"},{"floor":34.0,"key":"Bag of Marbles"},{"floor":34.0,"key":"Paper Frog"},{"floor":34.0,"key":"Peace Pipe"},{"floor":36.0,"key":"Thread and Needle"},{"floor":41.0,"key":"The Courier"},{"floor":44.0,"key":"War Paint"},{"floor":48.0,"key":"Kunai"},{"floor":55,"key":"Boot"}],"event_choices":[{"cards_removed":["Strike_R"],"damage_healed":0.0,"max_hp_gain":0.0,"max_hp_loss":0.0,"gold_gain":0.0,"event_name":"Golden Wing","player_choice":"Card Removal","floor":2.0,"gold_loss":0.0,"damage_taken":7.0},{"damage_healed":0.0,"max_hp_gain":0.0,"max_hp_loss":0.0,"gold_gain":0.0,"cards_transformed":["Strike_R"],"event_name":"Living Wall","player_choice":"Change","floor":3.0,"gold_loss":0.0,"damage_taken":0.0,"cards_obtained":["Brutality"]},{"damage_healed":0.0,"max_hp_gain":0.0,"max_hp_loss":0.0,"gold_gain":0.0,"event_name":"Lab","player_choice":"Got Potions","floor":4.0,"gold_loss":0.0,"damage_taken":0.0},{"damage_healed":0.0,"max_hp_gain":0.0,"max_hp_loss":0.0,"gold_gain":0.0,"event_name":"Drug Dealer","player_choice":"Obtain J.A.X.","floor":19.0,"gold_loss":0.0,"damage_taken":0.0,"cards_obtained":["J.A.X."]},{"damage_healed":0.0,"max_hp_gain":0.0,"max_hp_loss":0.0,"gold_gain":0.0,"event_name":"Vampires","player_choice":"Ignored","floor":20.0,"gold_loss":0.0,"damage_taken":0.0},{"damage_healed":0.0,"max_hp_gain":0.0,"max_hp_loss":0.0,"gold_gain":0.0,"event_name":"Mysterious Sphere","player_choice":"Fight","floor":36.0,"gold_loss":0.0,"damage_taken":0.0},{"damage_healed":0.0,"max_hp_gain":0.0,"max_hp_loss":0.0,"gold_gain":0.0,"event_name":"SensoryStone","player_choice":"Memory 3","floor":37.0,"gold_loss":0.0,"damage_taken":10.0},{"damage_healed":0.0,"max_hp_gain":0.0,"max_hp_loss":0.0,"gold_gain":0.0,"event_name":"Winding Halls","player_choice":"Embrace Madness","floor":38.0,"gold_loss":0.0,"damage_taken":14.0,"cards_obtained":["Madness","Madness"]},{"damage_healed":0.0,"max_hp_gain":0.0,"max_hp_loss":0.0,"gold_gain":0.0,"event_name":"Tomb of Lord Red Mask","player_choice":"Ignored","floor":45.0,"gold_loss":0.0,"damage_taken":0.0}],"is_beta":false,"boss_relics":[{"not_picked":["Pandora\u0027s Box","Runic Dome"],"picked":"Coffee Dripper"},{"not_picked":["SacredBark","Black Star"],"picked":"Calling Bell"}],"items_purged_floors":[54],"is_endless":false,"potions_floor_spawned":[1,6,11,24,27,28,29,31,33,35,36,39,41,42,44,46,47,48,55],"ascension_level":20}}