{"host":"e8062yfkmywf26f0","time":1613332370,"event":{"mods":["AchievementEnabler","BaseMod","Colored Map","Minty Spire (QoL Compilation)","Quick Restart","Shop Mod","StSLib"],"gold_per_floor":[110,110,110,110,285,285,302,302,302,316,351,146,178,195,195,295,295,313,313,313,170,181,210,285,304,349,349,367,367,386,386,386,481,481,496,496,496,145,158,158,174,90,117,146,164,164,214,89,89,89,89],"floor_reached":50,"language":"ENG","playtime":9509,"items_purged":["Doubt","Defend_G+1","Writhe"],"score":521,"play_id":"0f860f9c-806a-4546-b539-522ab0e09116","local_time":"20210214195250","is_ascension_mode":false,"campfire_choices":[{"floor":6,"key":"REST"},{"data":"Poisoned Stab","floor":8,"key":"SMITH"},{"data":"Well Laid Plans","floor":15,"key":"SMITH"},{"floor":27,"key":"REST"},{"floor":29,"key":"REST"},{"data":"Adrenaline","floor":32,"key":"SMITH"},{"floor":40,"key":"REST"},{"floor":49,"key":"REST"}],"circlet_count":0,"master_deck":["Strike_G+1","Strike_G+1","Strike_G+1","Strike_G+1","Strike_G+1","Defend_G+1","Defend_G+1","Defend_G+1","Defend_G+1","Survivor","Neutralize","Deadly Poison","Poisoned Stab+1","Well Laid Plans+1","Predator+1","Dramatic Entrance+1","Bouncing Flask","Underhanded Strike+1","Adrenaline+1","Eviscerate+1","RitualDagger+1","Terror","Poisoned Stab+1","Flying Knee+1","Blade Dance+1","Dagger Throw+1","Bullet Time","Deadly Poison+1","Dramatic Entrance+1","Burst+1"],"relics":["Ring of the Serpent","Blood Vial","Happy Flower","Eternal Feather","Molten Egg 2","Ginger","Bag of Preparation","Dream Catcher","MealTicket","Philosopher\u0027s Stone","Toxic Egg 2","Bag of Marbles","Thread and Needle","Peace Pipe"],"acts_visited":["Exordium","TheCity","TheBeyond"],"potions_floor_usage":[33,50,50,50],"damage_taken":[{"damage":0,"enemies":"Small Slimes","floor":1,"turns":3},{"damage":2,"enemies":"Jaw Worm","floor":7,"turns":5},{"damage":0,"enemies":"2 Louse","floor":10,"turns":2},{"damage":6,"enemies":"Lagavulin","floor":11,"turns":6},{"damage":4,"enemies":"3 Sentries","floor":13,"turns":6},{"damage":0,"enemies":"Lots of Slimes","floor":14,"turns":1},{"damage":23,"enemies":"The Guardian","floor":16,"turns":7},{"damage":8,"enemies":"Shell Parasite","floor":18,"turns":5},{"damage":20,"enemies":"Spheric Guardian","floor":22,"turns":4},{"damage":20,"enemies":"Gremlin Leader","floor":23,"turns":5},{"damage":16,"enemies":"Centurion and Healer","floor":25,"turns":3},{"damage":24,"enemies":"Shelled Parasite and Fungi","floor":28,"turns":4},{"damage":10,"enemies":"Sentry and Sphere","floor":30,"turns":4},{"damage":51,"enemies":"Automaton","floor":33,"turns":10},{"damage":40,"enemies":"3 Darklings","floor":35,"turns":3},{"damage":33,"enemies":"3 Shapes","floor":39,"turns":2},{"damage":20,"enemies":"Maw","floor":41,"turns":4},{"damage":19,"enemies":"Giant Head","floor":44,"turns":6},{"damage":9,"enemies":"4 Shapes","floor":45,"turns":1},{"damage":38,"enemies":"Mind Bloom Boss Battle","floor":47,"turns":6},{"damage":90,"enemies":"Awakened One","floor":50,"turns":10}],"seed_played":"5922686353020068861","potions_obtained":[{"floor":11,"key":"DistilledChaos"},{"floor":14,"key":"SpeedPotion"},{"floor":16,"key":"DuplicationPotion"},{"floor":22,"key":"GhostInAJar"},{"floor":33,"key":"GhostInAJar"},{"floor":39,"key":"Regen Potion"}],"is_trial":false,"path_per_floor":["M","?","?","T","?","R","M","R","T","M","E","$","E","M","R","B",null,"M","?","?","$","M","E","?","M","T","R","M","R","M","?","R","B",null,"M","?","?","$","M","R","M","$","T","E","M","?","?","$","R","B"],"character_chosen":"THE_SILENT","items_purchased":["Predator+1","Dramatic Entrance+1","Terror","Poisoned Stab+1","Flying Knee+1","Toxic Egg 2","Dramatic Entrance+1"],"campfire_rested":5,"item_purchase_floors":[12,12,21,21,21,38,42],"current_hp_per_floor":[70,37,42,42,42,70,70,75,75,75,69,69,67,69,75,52,75,67,67,61,61,43,25,18,4,4,41,19,56,48,48,63,14,75,35,35,35,50,19,56,38,53,53,36,29,48,12,27,64,0,0],"gold":89,"neow_bonus":"RANDOM_COMMON_RELIC","is_daily":false,"chose_seed":false,"campfire_upgraded":3,"win_rate":0.0,"timestamp":1613332370,"path_taken":["M","?","?","?","?","R","?","R","T","M","E","$","E","M","R","BOSS","M","?","?","$","M","E","?","M","T","R","M","R","?","?","R","BOSS","M","?","?","$","M","R","M","$","T","E","?","?","?","?","R","BOSS"],"items_purchased_type":["Card","Card","Card","Card","Card","Relic","Card"],"build_version":"2020-12-22","purchased_purges":3,"victory":false,"max_hp_per_floor":[70,70,75,75,75,75,75,75,75,75,75,75,75,75,75,75,75,75,75,75,75,75,75,75,75,75,75,75,75,75,75,75,75,75,75,75,75,75,75,75,75,75,75,75,75,75,75,75,75,75,75],"card_choices":[{"not_picked":["Backflip","Dagger Throw"],"picked":"Deadly Poison","floor":1},{"not_picked":["Deflect","Outmaneuver"],"picked":"Poisoned Stab","floor":7},{"not_picked":["Backflip","Acrobatics","Dash+1"],"picked":"SKIP","floor":10},{"not_picked":["Flechettes+1","Backflip"],"picked":"Well Laid Plans","floor":11},{"not_picked":["Predator+1","Prepared"],"picked":"Bouncing Flask","floor":13},{"not_picked":["Prepared","Dagger Spray+1"],"picked":"Underhanded Strike+1","floor":14},{"not_picked":["Venomology","Burst"],"picked":"Adrenaline","floor":16},{"not_picked":["Flying Knee+1","Masterful Stab+1"],"picked":"Eviscerate+1","floor":18},{"not_picked":["Flying Knee+1","Slice+1"],"picked":"Blade Dance+1","floor":22},{"not_picked":["Eviscerate+1","Quick Slash+1"],"picked":"Dagger Throw+1","floor":23},{"not_picked":["Acrobatics","Prepared","Predator+1"],"picked":"SKIP","floor":25},{"not_picked":["Dagger Spray+1","Flying Knee+1","Expertise"],"picked":"SKIP","floor":28},{"not_picked":["Flying Knee+1","Sucker Punch+1","Underhanded Strike+1"],"picked":"SKIP","floor":30},{"not_picked":["Adrenaline","A Thousand Cuts"],"picked":"Bullet Time","floor":33},{"not_picked":["Finisher+1","Sucker Punch+1"],"picked":"Deadly Poison+1","floor":35},{"not_picked":["Acrobatics+1","Slice+1","Backflip+1"],"picked":"SKIP","floor":39},{"not_picked":["Infinite Blades","Acrobatics+1","Blade Dance+1"],"picked":"SKIP","floor":41},{"not_picked":["PiercingWail+1","Acrobatics+1","Cloak And Dagger+1"],"picked":"SKIP","floor":44},{"not_picked":["Blade Dance+1","PiercingWail+1","Distraction+1"],"picked":"SKIP","floor":45},{"not_picked":["Blade Dance+1","Well Laid Plans"],"picked":"Burst+1","floor":49}],"player_experience":85855,"relics_obtained":[{"floor":4,"key":"Eternal Feather"},{"floor":9,"key":"Molten Egg 2"},{"floor":11,"key":"Ginger"},{"floor":13,"key":"Bag of Preparation"},{"floor":23,"key":"Dream Catcher"},{"floor":26,"key":"MealTicket"},{"floor":43,"key":"Bag of Marbles"},{"floor":44,"key":"Thread and Needle"},{"floor":47,"key":"Peace Pipe"}],"event_choices":[{"damage_healed":0,"gold_gain":0,"player_choice":"Success","damage_taken":33,"relics_obtained":["Happy Flower"],"max_hp_gain":0,"max_hp_loss":0,"event_name":"Scrap Ooze","floor":2,"gold_loss":0},{"damage_healed":0,"gold_gain":0,"player_choice":"Donut","damage_taken":0,"max_hp_gain":5,"max_hp_loss":0,"event_name":"Big Fish","floor":3,"gold_loss":0},{"damage_healed":0,"gold_gain":175,"player_choice":"AGREE","damage_taken":0,"max_hp_gain":0,"max_hp_loss":0,"event_name":"Liars Game","floor":5,"gold_loss":0,"cards_obtained":["Doubt"]},{"damage_healed":0,"gold_gain":0,"player_choice":"Simplicity","damage_taken":0,"max_hp_gain":0,"max_hp_loss":0,"event_name":"Back to Basics","floor":19,"gold_loss":0,"cards_upgraded":["Strike_G","Strike_G","Strike_G","Strike_G","Strike_G","Defend_G","Defend_G","Defend_G","Defend_G","Defend_G"]},{"damage_healed":0,"gold_gain":0,"player_choice":"Joined the Cult","damage_taken":6,"max_hp_gain":0,"max_hp_loss":0,"event_name":"Nest","floor":20,"gold_loss":0,"cards_obtained":["RitualDagger"]},{"damage_healed":0,"gold_gain":75,"player_choice":"Touch","damage_taken":7,"max_hp_gain":0,"max_hp_loss":0,"event_name":"FaceTrader","floor":24,"gold_loss":0},{"damage_healed":0,"gold_gain":0,"player_choice":"Ignored","damage_taken":0,"max_hp_gain":0,"max_hp_loss":0,"event_name":"Beggar","floor":31,"gold_loss":0},{"damage_healed":0,"gold_gain":0,"player_choice":"Ignored","damage_taken":0,"max_hp_gain":0,"max_hp_loss":0,"event_name":"Tomb of Lord Red Mask","floor":36,"gold_loss":0},{"damage_healed":0,"gold_gain":0,"player_choice":"Ignored","damage_taken":0,"max_hp_gain":0,"max_hp_loss":0,"event_name":"SecretPortal","floor":37,"gold_loss":0},{"damage_healed":19,"gold_gain":0,"player_choice":"Writhe","damage_taken":0,"max_hp_gain":0,"max_hp_loss":0,"event_name":"Winding Halls","floor":46,"gold_loss":0,"cards_obtained":["Writhe"]},{"damage_healed":0,"gold_gain":0,"player_choice":"Fight","damage_taken":0,"max_hp_gain":0,"max_hp_loss":0,"event_name":"MindBloom","floor":47,"gold_loss":0}],"is_beta":false,"boss_relics":[{"not_picked":["Snecko Eye","Empty Cage"],"picked":"Ring of the Serpent"},{"not_picked":["Fusion Hammer","Tiny House"],"picked":"Philosopher\u0027s Stone"}],"items_purged_floors":[12,38,48],"is_endless":false,"potions_floor_spawned":[11,14,16,22,25,33,39,44],"killed_by":"Awakened One","ascension_level":0}}