{"host":"8rqsnaeml9gxb0kp","time":1613343724,"event":{"mods":["AchievementEnabler","BaseMod","Colored Powertips","Dark Map","Minty Spire (QoL Compilation)","Rare Cards Sparkle","Relic Stats","StSLib","slay the spire mod where everything is the same but ironclad has a cowboy hat"],"gold_per_floor":[115,115,115,115,131,164,164,13,84,84,103,32,58,68,68,168,168,181,200,214,214,394,394,427,444,444,43,61,61,61,61,61,157,157,175,227,227,244,244,244,262,312,360,391,391,405,405,418,418,418],"floor_reached":51,"language":"ENG","playtime":2690,"items_purged":[],"score":914,"play_id":"2319c3bc-580a-45ab-b022-7689e604144b","local_time":"20210214150204","is_ascension_mode":true,"campfire_choices":[{"data":"Crippling Poison","floor":7,"key":"SMITH"},{"data":"Poisoned Stab","floor":10,"key":"SMITH"},{"data":"Terror","floor":15,"key":"SMITH"},{"floor":23,"key":"REST"},{"floor":30,"key":"REST"},{"data":"1","floor":32,"key":"LIFT"},{"floor":40,"key":"REST"},{"data":"2","floor":47,"key":"LIFT"},{"data":"3","floor":49,"key":"LIFT"}],"circlet_count":0,"master_deck":["Strike_G+1","Strike_G+1","Strike_G+1","Strike_G+1","Defend_G+1","Defend_G+1","Defend_G+1","Defend_G+1","Survivor","Neutralize","Poisoned Stab+1","Crippling Poison+1","Quick Slash","Backstab","Terror+1","Wraith Form v2","CurseOfTheBell","Deflect","Cloak And Dagger+1","Leg Sweep","Acrobatics+1","Accuracy","Bouncing Flask","Malaise+1","Backflip+1","Dodge and Roll","Concentrate+1","Blade Dance+1","Accuracy","Envenom","Parasite","Poisoned Stab+1"],"relics":["Ring of the Serpent","NeowsBlessing","Darkstone Periapt","Pocketwatch","Sling","Sundial","PreservedInsect","Calling Bell","Blood Vial","The Courier","Incense Burner","Dream Catcher","Mummified Hand","Girya","Potion Belt","Thread and Needle","CultistMask","Bird Faced Urn","Mango","Smiling Mask","Ninja Scroll"],"acts_visited":["Exordium","TheCity","TheBeyond"],"potions_floor_usage":[24,36,44,50,50,50,50,50,50,50],"damage_taken":[{"damage":0,"enemies":"Small Slimes","floor":1,"turns":1},{"damage":0,"enemies":"Jaw Worm","floor":5,"turns":1},{"damage":0,"enemies":"3 Sentries","floor":6,"turns":2},{"damage":2,"enemies":"2 Louse","floor":11,"turns":2},{"damage":2,"enemies":"Gremlin Nob","floor":13,"turns":3},{"damage":6,"enemies":"Lots of Slimes","floor":14,"turns":3},{"damage":36,"enemies":"Slime Boss","floor":16,"turns":11},{"damage":13,"enemies":"3 Byrds","floor":18,"turns":5},{"damage":9,"enemies":"Chosen","floor":19,"turns":4},{"damage":16,"enemies":"Centurion and Healer","floor":20,"turns":6},{"damage":5,"enemies":"Slavers","floor":24,"turns":5},{"damage":0,"enemies":"Snecko","floor":25,"turns":5},{"damage":9,"enemies":"Chosen and Byrds","floor":28,"turns":5},{"damage":16,"enemies":"Collector","floor":33,"turns":9},{"damage":6,"enemies":"3 Shapes","floor":35,"turns":6},{"damage":35,"enemies":"2 Orb Walkers","floor":36,"turns":6},{"damage":0,"enemies":"Orb Walker","floor":38,"turns":4},{"damage":3,"enemies":"4 Shapes","floor":41,"turns":7},{"damage":2,"enemies":"Mind Bloom Boss Battle","floor":42,"turns":7},{"damage":21,"enemies":"Reptomancer","floor":44,"turns":7},{"damage":9,"enemies":"Maw","floor":46,"turns":8},{"damage":15,"enemies":"Writhing Mass","floor":48,"turns":5},{"damage":83,"enemies":"Time Eater","floor":50,"turns":13}],"seed_played":"5682327278275801856","potions_obtained":[{"floor":5,"key":"FairyPotion"},{"floor":14,"key":"EntropicBrew"},{"floor":19,"key":"SteroidPotion"},{"floor":24,"key":"SpeedPotion"},{"floor":28,"key":"Strength Potion"},{"floor":33,"key":"Block Potion"},{"floor":38,"key":"Block Potion"},{"floor":42,"key":"Strength Potion"}],"is_trial":false,"path_per_floor":["M","?","T","?","M","E","R","$","T","R","M","$","E","M","R","B",null,"M","M","M","?","?","R","E","M","T","$","M","T","R","?","R","B",null,"M","?","?","M","?","R","M","?","T","E","?","M","R","M","R","B",null],"character_chosen":"THE_SILENT","items_purchased":["Sling","Terror","Girya","Potion Belt","Accuracy"],"campfire_rested":3,"item_purchase_floors":[8,12,27,27,27],"current_hp_per_floor":[70,63,63,63,63,63,63,63,63,63,61,61,59,53,53,17,76,63,56,42,42,23,45,42,44,44,44,37,37,59,59,59,45,76,70,37,37,41,41,63,64,80,80,65,65,64,64,63,63,24],"gold":418,"neow_bonus":"THREE_ENEMY_KILL","is_daily":false,"chose_seed":false,"campfire_upgraded":3,"win_rate":0.0,"timestamp":1613343724,"path_taken":["M","?","?","?","?","E","R","$","T","R","M","$","E","M","R","BOSS","M","M","M","?","?","R","E","?","T","$","M","?","R","?","R","BOSS","M","?","?","?","?","R","M","?","T","E","?","M","R","M","R","BOSS"],"items_purchased_type":["Relic","Card","Relic","Relic","Card"],"build_version":"2020-12-22","purchased_purges":0,"victory":true,"max_hp_per_floor":[70,70,70,70,70,70,70,70,70,70,70,70,70,70,70,70,76,76,76,76,76,76,76,76,76,76,76,76,76,76,76,76,76,76,76,76,76,76,76,76,76,90,90,90,90,90,90,96,96,96],"relic_stats":{"Darkstone Periapt":12,"Blood Vial":28,"Dream Catcher":2,"counters":[23,125],"Sundial":[24],"Mummified Hand":[20],"Bird Faced Urn":[28],"PreservedInsect":97,"Smiling Mask":0,"obtain_stats":[{"Darkstone Periapt":3,"Potion Belt":27,"Girya":27,"NeowsBlessing":0,"Thread and Needle":29,"Mango":42,"PreservedInsect":13,"The Courier":17,"Incense Burner":17,"Sling":8,"Smiling Mask":43,"Calling Bell":17,"Blood Vial":17,"Dream Catcher":24,"Sundial":9,"Mummified Hand":26,"Ninja Scroll":44,"Bird Faced Urn":36,"CultistMask":31,"Ring of the Serpent":34,"Ring of the Snake":0,"Pocketwatch":6},{"Darkstone Periapt":1,"Potion Belt":12,"Girya":12,"NeowsBlessing":0,"Thread and Needle":13,"Mango":19,"PreservedInsect":5,"The Courier":7,"Incense Burner":7,"Sling":3,"Smiling Mask":19,"Calling Bell":7,"Blood Vial":7,"Dream Catcher":11,"Sundial":3,"Mummified Hand":12,"Ninja Scroll":20,"Bird Faced Urn":16,"CultistMask":13,"Ring of the Serpent":14,"Ring of the Snake":0,"Pocketwatch":3},{"Darkstone Periapt":1,"Potion Belt":48,"Girya":48,"NeowsBlessing":0,"Thread and Needle":53,"Mango":92,"PreservedInsect":9,"The Courier":23,"Incense Burner":23,"Sling":4,"Smiling Mask":92,"Calling Bell":23,"Blood Vial":23,"Dream Catcher":43,"Sundial":4,"Mummified Hand":48,"Ninja Scroll":99,"Bird Faced Urn":74,"CultistMask":53,"Ring of the Serpent":62,"Ring of the Snake":0,"Pocketwatch":4}],"Pocketwatch":[117]},"card_choices":[{"not_picked":["Cloak And Dagger","Slice"],"picked":"Poisoned Stab","floor":1},{"not_picked":["Deadly Poison","Infinite Blades"],"picked":"Crippling Poison","floor":5},{"not_picked":["Concentrate","PiercingWail"],"picked":"Quick Slash","floor":6},{"not_picked":["Outmaneuver","Eviscerate"],"picked":"Backstab","floor":11},{"not_picked":["Reflex","Prepared","Eviscerate"],"picked":"SKIP","floor":13},{"not_picked":["Terror","Outmaneuver","Sucker Punch"],"picked":"SKIP","floor":14},{"not_picked":["A Thousand Cuts","Unload"],"picked":"Wraith Form v2","floor":16},{"not_picked":["Infinite Blades","Cloak And Dagger"],"picked":"Deflect","floor":18},{"not_picked":["Sucker Punch+1","Quick Slash"],"picked":"Cloak And Dagger+1","floor":19},{"not_picked":["Blade Dance+1","Predator"],"picked":"Leg Sweep","floor":20},{"not_picked":["Night Terror","Quick Slash"],"picked":"Acrobatics+1","floor":24},{"not_picked":["Blade Dance","Cloak And Dagger","Sucker Punch"],"picked":"SKIP","floor":25},{"not_picked":["Crippling Poison","Distraction","Underhanded Strike"],"picked":"SKIP","floor":28},{"not_picked":["Heel Hook","Flying Knee+1"],"picked":"Bouncing Flask","floor":30},{"not_picked":["Unload","Doppelganger"],"picked":"Malaise","floor":33},{"not_picked":["Endless Agony+1","Outmaneuver"],"picked":"Backflip+1","floor":35},{"not_picked":["Prepared","Expertise+1"],"picked":"Dodge and Roll","floor":36},{"not_picked":["Endless Agony","Bouncing Flask+1"],"picked":"Concentrate+1","floor":38},{"not_picked":["Infinite Blades","Prepared"],"picked":"Blade Dance+1","floor":41},{"not_picked":["PiercingWail","Backflip+1"],"picked":"Accuracy","floor":42},{"not_picked":["Slice+1","Underhanded Strike+1"],"picked":"Envenom","floor":44},{"not_picked":["Underhanded Strike+1","Dagger Throw+1","Riddle With Holes"],"picked":"SKIP","floor":46},{"not_picked":["Infinite Blades+1","Backflip+1"],"picked":"Poisoned Stab+1","floor":48}],"player_experience":228523,"relics_obtained":[{"floor":3,"key":"Darkstone Periapt"},{"floor":6,"key":"Pocketwatch"},{"floor":9,"key":"Sundial"},{"floor":13,"key":"PreservedInsect"},{"floor":17,"key":"Blood Vial"},{"floor":17,"key":"The Courier"},{"floor":17,"key":"Incense Burner"},{"floor":24,"key":"Dream Catcher"},{"floor":26,"key":"Mummified Hand"},{"floor":29,"key":"Thread and Needle"},{"floor":36,"key":"Bird Faced Urn"},{"floor":42,"key":"Mango"},{"floor":43,"key":"Smiling Mask"},{"floor":44,"key":"Ninja Scroll"}],"event_choices":[{"cards_removed":["Defend_G"],"damage_healed":0,"gold_gain":0,"player_choice":"Card Removal","damage_taken":7,"max_hp_gain":0,"max_hp_loss":0,"event_name":"Golden Wing","floor":2,"gold_loss":0},{"cards_removed":["Strike_G"],"damage_healed":0,"gold_gain":0,"player_choice":"Purged","damage_taken":0,"max_hp_gain":0,"max_hp_loss":0,"event_name":"Purifier","floor":4,"gold_loss":0},{"damage_healed":0,"gold_gain":0,"player_choice":"Simplicity","damage_taken":0,"max_hp_gain":0,"max_hp_loss":0,"event_name":"Back to Basics","floor":21,"gold_loss":0,"cards_upgraded":["Strike_G","Strike_G","Strike_G","Strike_G","Defend_G","Defend_G","Defend_G","Defend_G"]},{"damage_healed":0,"gold_gain":180,"player_choice":"GOLD GOLD ","damage_taken":19,"max_hp_gain":0,"max_hp_loss":0,"event_name":"Knowing Skull","floor":22,"potions_obtained":[],"gold_loss":0,"cards_obtained":[]},{"damage_healed":0,"gold_gain":0,"player_choice":"Trade","damage_taken":0,"relics_obtained":["CultistMask"],"max_hp_gain":0,"max_hp_loss":0,"event_name":"FaceTrader","floor":31,"gold_loss":0},{"damage_healed":0,"gold_gain":0,"player_choice":"Fight","damage_taken":0,"max_hp_gain":0,"max_hp_loss":0,"event_name":"Mysterious Sphere","floor":36,"gold_loss":0},{"damage_healed":0,"gold_gain":0,"player_choice":"Upgraded","damage_taken":0,"max_hp_gain":0,"max_hp_loss":0,"event_name":"Upgrade Shrine","floor":37,"gold_loss":0,"cards_upgraded":["Malaise"]},{"damage_healed":0,"gold_gain":0,"player_choice":"Ignored","damage_taken":0,"max_hp_gain":0,"max_hp_loss":0,"event_name":"Tomb of Lord Red Mask","floor":39,"gold_loss":0},{"damage_healed":0,"gold_gain":0,"player_choice":"Fight","damage_taken":0,"max_hp_gain":0,"max_hp_loss":0,"event_name":"MindBloom","floor":42,"gold_loss":0},{"damage_healed":0,"gold_gain":0,"player_choice":"Memory 1","damage_taken":0,"max_hp_gain":0,"max_hp_loss":0,"event_name":"SensoryStone","floor":45,"gold_loss":0}],"is_beta":false,"boss_relics":[{"not_picked":["HoveringKite","Runic Pyramid"],"picked":"Calling Bell"},{"not_picked":["Pandora\u0027s Box","Tiny House"],"picked":"Ring of the Serpent"}],"items_purged_floors":[],"is_endless":false,"potions_floor_spawned":[5,14,19,24,28,33,35,38,42],"ascension_level":4}}