{"host":"04x9isxu4s2lvye3","time":1613274577,"event":{"mods":["BaseMod","Colored Powertips","Highlight Path","Minty Spire (QoL Compilation)"],"gold_per_floor":[114,114,124,12,12,12,44,60,60,73,73,90,110,128,128,231,231,242,47,65,65,65,65,399,399,422,434,434,434],"floor_reached":28,"language":"ENG","playtime":973,"items_purged":["Strike_G","Pain"],"score":411,"play_id":"c727e274-1fca-407d-8f7e-5365683d857e","local_time":"20210213224937","is_ascension_mode":true,"campfire_choices":[{"data":"Neutralize","floor":6.0,"key":"SMITH"},{"data":"Dash","floor":11.0,"key":"SMITH"},{"floor":15.0,"key":"REST"},{"data":"Terror","floor":23.0,"key":"SMITH"},{"data":"Infinite Blades","floor":25.0,"key":"SMITH"}],"circlet_count":0,"master_deck":["AscendersBane","Strike_G","Strike_G","Defend_G+1","Defend_G","Defend_G","Defend_G","Defend_G+1","Survivor","Neutralize+1","Dash+1","Flying Knee","Terror+1","Phantasmal Killer+1","Reflex+1","Backflip+1","Dagger Throw","Blade Dance+1","Infinite Blades+1","Burst+1","Bandage Up+1","Finisher","Leg Sweep+1","Decay","Endless Agony+1","Blade Dance+1"],"relics":["Ring of the Snake","NeowsBlessing","WarpedTongs","Toxic Egg 2","Art of War","Philosopher\u0027s Stone","Old Coin","Omamori"],"acts_visited":["Exordium","TheCity"],"potions_floor_usage":[28],"damage_taken":[{"damage":0.0,"enemies":"Small Slimes","floor":1.0,"turns":1.0},{"damage":0.0,"enemies":"Cultist","floor":3.0,"turns":1.0},{"damage":0.0,"enemies":"Lagavulin","floor":7.0,"turns":1.0},{"damage":0.0,"enemies":"2 Louse","floor":8.0,"turns":2.0},{"damage":5.0,"enemies":"2 Fungi Beasts","floor":10.0,"turns":4.0},{"damage":3.0,"enemies":"3 Louse","floor":12.0,"turns":2.0},{"damage":5.0,"enemies":"Gremlin Gang","floor":13.0,"turns":5.0},{"damage":6.0,"enemies":"Exordium Thugs","floor":14.0,"turns":4.0},{"damage":8.0,"enemies":"Hexaghost","floor":16.0,"turns":6.0},{"damage":5.0,"enemies":"Spheric Guardian","floor":18.0,"turns":3.0},{"damage":0.0,"enemies":"Shell Parasite","floor":20.0,"turns":3.0},{"damage":3.0,"enemies":"Book of Stabbing","floor":24.0,"turns":5.0},{"damage":1.0,"enemies":"Centurion and Healer","floor":27.0,"turns":3.0},{"damage":0,"enemies":"Slavers","floor":28,"turns":1}],"seed_played":"8726292028067862866","potions_obtained":[{"floor":1.0,"key":"SpeedPotion"},{"floor":7.0,"key":"EssenceOfSteel"},{"floor":14.0,"key":"SkillPotion"},{"floor":16.0,"key":"SteroidPotion"},{"floor":20.0,"key":"DuplicationPotion"},{"floor":24.0,"key":"Fire Potion"}],"is_trial":false,"path_per_floor":["M","?","M","$","?","R","E","M","T","M","R","M","M","M","R","B",null,"M","$","M","?","?","R","E","R","T","M","E"],"character_chosen":"THE_SILENT","items_purchased":["Terror","Bandage Up+1"],"campfire_rested":1,"item_purchase_floors":[4,19],"current_hp_per_floor":[63,49,49,49,49,49,49,49,49,44,44,41,36,30,51,43,63,58,58,64,64,64,64,67,67,67,70,70,70],"gold":434,"neow_bonus":"THREE_ENEMY_KILL","is_daily":false,"chose_seed":false,"campfire_upgraded":4,"win_rate":0.0,"timestamp":1613274577,"path_taken":["M","?","M","$","?","R","E","M","T","M","R","M","?","M","R","BOSS","M","$","M","?","?","R","E","R","T","M","E"],"items_purchased_type":["Card","Card"],"build_version":"2020-12-22","purchased_purges":2,"victory":false,"max_hp_per_floor":[70,70,70,70,70,70,70,70,70,70,70,70,70,70,70,70,70,70,70,70,70,70,70,70,70,70,70,70,70],"card_choices":[{"not_picked":["Dagger Spray","Concentrate"],"picked":"Dash","floor":1.0},{"not_picked":["Outmaneuver","Accuracy"],"picked":"Flying Knee","floor":3.0},{"not_picked":["Crippling Poison+1","Prepared+1"],"picked":"Phantasmal Killer+1","floor":7.0},{"not_picked":["Cloak And Dagger+1","Dagger Spray"],"picked":"Reflex+1","floor":8.0},{"not_picked":["Choke","Outmaneuver+1"],"picked":"Backflip+1","floor":10.0},{"not_picked":["Flying Knee","Dagger Spray"],"picked":"Dagger Throw","floor":12.0},{"not_picked":["Flechettes","Backflip+1"],"picked":"Blade Dance+1","floor":13.0},{"not_picked":["Riddle With Holes","Sucker Punch"],"picked":"Infinite Blades","floor":14.0},{"not_picked":["Grand Finale","Unload"],"picked":"Burst+1","floor":16.0},{"not_picked":["Flying Knee+1","Dagger Spray","Slice"],"picked":"SKIP","floor":18.0},{"not_picked":["Eviscerate","Underhanded Strike","Poisoned Stab"],"picked":"SKIP","floor":20.0},{"not_picked":["Dagger Throw","Backstab+1"],"picked":"Endless Agony+1","floor":24.0},{"not_picked":["Deflect+1","Dagger Throw+1"],"picked":"Blade Dance+1","floor":27.0}],"player_experience":278621,"relics_obtained":[{"floor":7.0,"key":"Toxic Egg 2"},{"floor":9.0,"key":"Art of War"},{"floor":24.0,"key":"Old Coin"},{"floor":26.0,"key":"Omamori"}],"event_choices":[{"damage_healed":0.0,"max_hp_gain":0.0,"max_hp_loss":0.0,"gold_gain":0.0,"event_name":"Shining Light","player_choice":"Entered Light","floor":2.0,"gold_loss":0.0,"damage_taken":14.0,"cards_upgraded":["Defend_G","Defend_G"]},{"damage_healed":0.0,"max_hp_gain":0.0,"max_hp_loss":0.0,"gold_gain":0.0,"event_name":"Accursed Blacksmith","player_choice":"Rummage","floor":5.0,"gold_loss":0.0,"damage_taken":0.0,"relics_obtained":["WarpedTongs"],"cards_obtained":["Pain"]},{"damage_healed":0.0,"max_hp_gain":0.0,"max_hp_loss":0.0,"gold_gain":0.0,"cards_transformed":["Strike_G","Strike_G"],"event_name":"Drug Dealer","player_choice":"Became Test Subject","floor":21.0,"gold_loss":0.0,"damage_taken":0.0,"cards_obtained":["Finisher","Leg Sweep"]},{"damage_healed":0.0,"max_hp_gain":0.0,"max_hp_loss":0.0,"gold_gain":0.0,"event_name":"Forgotten Altar","player_choice":"Smashed Altar","floor":22.0,"gold_loss":0.0,"damage_taken":0.0,"cards_obtained":["Decay"]}],"is_beta":false,"boss_relics":[{"not_picked":["Calling Bell","Runic Pyramid"],"picked":"Philosopher\u0027s Stone"}],"items_purged_floors":[4,19],"is_endless":false,"potions_floor_spawned":[1,7,14,16,20,24,27],"killed_by":"Slavers","ascension_level":11}}