{"host":"wk46m6kgjezp23jj","time":1613340331,"event":{"mods":["AchievementEnabler","BaseMod","Beaked The Cultist","Bestiary","Colored Map","Colored Powertips","Downfall","Hermit","Minty Spire (QoL Compilation)","Replay The Spire","StSLib","The Bladedancer","The Construct","The Cursed"],"gold_per_floor":[112,27,44,44,57,57,85,85,112,124,149,161,173,211,223,334,446,470,492,531,555,587,634,664,676,688,700,738,750,762,784,796,909,921,933,933],"floor_reached":35,"language":"ENG","playtime":3500,"items_purged":[],"score":430,"play_id":"b9dc64db-b7b1-4536-bc2d-c0020c52d0b3","local_time":"20210214170531","is_ascension_mode":false,"campfire_choices":[{"data":"Enlightenment","floor":6,"key":"SMITH"},{"floor":8,"key":"REST"},{"data":"beaked:Ceremony","floor":13,"key":"SMITH"},{"data":"beaked:Ceremony","floor":25,"key":"SMITH"},{"data":"beaked:KnowThyFoe","floor":27,"key":"SMITH"},{"data":"beaked:BloodForTheGods","floor":30,"key":"SMITH"}],"circlet_count":0,"master_deck":["beaked:Defend_Y","beaked:Defend_Y","beaked:Defend_Y+1","beaked:Defend_Y","beaked:Ceremony+1","beaked:Ceremony+1","beaked:Ceremony+1","Enlightenment+1","beaked:Poke","beaked:Insight+1","ReplayTheSpireMod:RavenHex","beaked:Brace","beaked:MimicHuntress","Pot Of Greed","Pot Of Greed","beaked:Tradeoff","beaked:Tweet","beaked:BounceBack","beaked:KnowThyFoe+1","beaked:DigDeep","Pot Of Greed","beaked:Evade+1","beaked:VigorBurst","beaked:BloodForTheGods+1","Bite","Bite","Bite","Bite","Bite","beaked:Hexing","beaked:ScreechingChant"],"relics":["beaked:MendingPlumage","Grinning Jar","MawBank","Bottled Tornado","Replay:Wanted Poster","Strawberry","Snack Pack","Kunai","Du-Vu Doll","construct:WeddingRing"],"acts_visited":["Exordium","TheCity","TheBeyond"],"potions_floor_usage":[19,21,21,22,23,33],"damage_taken":[{"damage":5,"enemies":"Small Slimes","floor":1,"turns":6},{"damage":9,"enemies":"2 Louse","floor":3,"turns":4},{"damage":9,"enemies":"Cultist","floor":5,"turns":5},{"damage":39,"enemies":"3 Sentries","floor":7,"turns":6},{"damage":16,"enemies":"Red Slaver","floor":11,"turns":6},{"damage":7,"enemies":"Lagavulin","floor":14,"turns":7},{"damage":41,"enemies":"Hexaghost","floor":16,"turns":9},{"damage":14,"enemies":"Chosen","floor":18,"turns":7},{"damage":41,"enemies":"Spheric Guardian","floor":19,"turns":5},{"damage":20,"enemies":"Centurion and Healer","floor":21,"turns":5},{"damage":40,"enemies":"3 Cultists","floor":22,"turns":6},{"damage":34,"enemies":"Gremlin Leader","floor":23,"turns":8},{"damage":29,"enemies":"Snecko","floor":24,"turns":6},{"damage":76,"enemies":"Book of Stabbing","floor":28,"turns":8},{"damage":70,"enemies":"Chosen and Byrds","floor":31,"turns":9},{"damage":93,"enemies":"Champ","floor":33,"turns":9},{"damage":59,"enemies":"3 Darklings","floor":35,"turns":4}],"seed_played":"-5542549368786553910","potions_obtained":[{"floor":3,"key":"SneckoOil"},{"floor":14,"key":"Explosive Potion"},{"floor":18,"key":"Death Potion"},{"floor":21,"key":"AttackPotion"},{"floor":22,"key":"beaked:MendingBrew"},{"floor":32,"key":"SteroidPotion"},{"floor":32,"key":"Doom Potion"},{"floor":33,"key":"DistilledChaos"}],"is_trial":false,"path_per_floor":["M","$","M","?","M","R","E","R","T","?","M","?","R","E","R_BF","B",null,"M","M","T","M","M","E","M","R","T","R","E","?","R","M","R_BF","B",null,"M"],"character_chosen":"BEAKED_THE_CULTIST","items_purchased":["beaked:Insight","ReplayTheSpireMod:RavenHex"],"campfire_rested":1,"item_purchase_floors":[2,2],"current_hp_per_floor":[50,50,50,40,46,46,22,37,37,37,44,44,44,50,50,42,50,49,17,24,30,23,62,62,62,62,62,36,36,36,32,32,43,43,0,0],"gold":933,"neow_bonus":"RANDOM_COLORLESS","is_daily":false,"chose_seed":false,"campfire_upgraded":5,"win_rate":0.0,"timestamp":1613340331,"path_taken":["M","$","M","?","M","R","E","R","T","?","M","?","R","E","R_BF","BOSS","M","M","?","M","M","E","?","R","T","R","E","?","R","M","R_BF","BOSS","M"],"items_purchased_type":["Card","Card"],"build_version":"2020-12-22","purchased_purges":0,"victory":false,"max_hp_per_floor":[50,50,50,50,50,50,50,50,50,50,50,50,50,50,50,50,50,50,50,57,57,62,62,62,62,62,62,62,43,43,43,43,43,43,43,43],"card_choices":[{"not_picked":["ReplayTheSpireMod:Private Reserves","Panacea"],"picked":"Enlightenment","floor":0},{"not_picked":["beaked:RuinSticks","beaked:Devastation"],"picked":"beaked:Poke","floor":1},{"not_picked":["beaked:Redirect","beaked:WarriorEssence"],"picked":"beaked:Brace","floor":3},{"not_picked":["beaked:BloodForTheGods","beaked:DesperateSwing"],"picked":"beaked:MimicHuntress","floor":5},{"not_picked":["beaked:WarriorEssence","beaked:Tweet"],"picked":"beaked:Tradeoff","floor":7},{"not_picked":["beaked:CursingBlood","beaked:Mantra"],"picked":"beaked:Tweet","floor":11},{"not_picked":["beaked:WarriorEssence","beaked:CursingBlood"],"picked":"beaked:BounceBack","floor":14},{"not_picked":["beaked:FullHouse","beaked:DarkPact"],"picked":"beaked:KnowThyFoe","floor":16},{"not_picked":["beaked:Poke","beaked:Tradeoff","beaked:DesperateSwing+1"],"picked":"SKIP","floor":18},{"not_picked":["beaked:Roost","beaked:Flinch"],"picked":"beaked:DigDeep","floor":19},{"not_picked":["beaked:Mantra","beaked:BraceForImpact"],"picked":"beaked:Evade+1","floor":21},{"not_picked":["beaked:FeelMyPain","beaked:Mantra"],"picked":"beaked:VigorBurst","floor":22},{"not_picked":["beaked:HuntressEssence+1","beaked:Tradeoff","beaked:Resilience+1"],"picked":"SKIP","floor":23},{"not_picked":["beaked:Insight","beaked:Redirect","beaked:DarkTribute"],"picked":"SKIP","floor":24},{"not_picked":["beaked:MimicWarrior","beaked:Molting"],"picked":"beaked:BloodForTheGods","floor":28},{"not_picked":["beaked:Brace+1","beaked:Pecker"],"picked":"beaked:Hexing","floor":31},{"not_picked":["beaked:KnowThyFoe","beaked:ShadowFade"],"picked":"beaked:ScreechingChant","floor":33}],"player_experience":33919,"relics_obtained":[{"floor":7,"key":"Grinning Jar"},{"floor":9,"key":"MawBank"},{"floor":14,"key":"Bottled Tornado"},{"floor":20,"key":"Strawberry"},{"floor":23,"key":"Snack Pack"},{"floor":26,"key":"Kunai"},{"floor":28,"key":"Du-Vu Doll"}],"event_choices":[{"damage_healed":0,"gold_gain":0,"player_choice":"Entered Light","damage_taken":10,"max_hp_gain":0,"max_hp_loss":0,"event_name":"Shining Light","floor":4,"gold_loss":0,"cards_upgraded":["beaked:Strike_Y","beaked:Defend_Y"]},{"damage_healed":0,"gold_gain":0,"player_choice":"Upgraded","damage_taken":0,"max_hp_gain":0,"max_hp_loss":0,"event_name":"Upgrade Shrine","floor":12,"gold_loss":0,"cards_upgraded":["beaked:Ceremony"]},{"damage_healed":0,"gold_gain":0,"player_choice":"Became a vampire","damage_taken":0,"max_hp_gain":0,"max_hp_loss":19,"event_name":"Vampires","floor":29,"gold_loss":0,"cards_obtained":["Bite","Bite","Bite","Bite","Bite"]}],"is_beta":false,"boss_relics":[{"not_picked":["beaked:MawFillet","Painkiller Herb"],"picked":"Replay:Wanted Poster"},{"not_picked":["Replay:Ancient Bell","Busted Crown"],"picked":"construct:WeddingRing"}],"items_purged_floors":[],"is_endless":false,"potions_floor_spawned":[3,14,18,21,22,33],"killed_by":"3 Darklings","ascension_level":0}}