{"host":"Ringo","time":1613300851,"event":{"mods":["BaseMod","Colored Map","Conspire","Dota2Spire","Hubris","Minty Spire (QoL Compilation)","Replay The Spire","StSLib","The Construct","[IsaacMod]ÒÔÈö¼âËþ","¡¾ÒÅÎï¿¨ÅÆ¡¿REMEMod"],"gold_per_floor":[113,126,176,176,190,216,243,243,322,322,334,360,388,420,420,494,494,511,550,475,221,233,233,233,262,337,337,363,363,394,423,423,500,500,514,594,606,636,61,88,113,151,163,205,248,293,305,26,26,26,26],"floor_reached":52,"language":"ZHS","playtime":1847,"items_purged":[],"score":3761,"play_id":"a490682b-5c8b-46bd-afa4-477f7b10fd4c","local_time":"20210214190731","daily_mods":["SealedDeck","Vintage","Colorless Cards","Heirloom","Time Dilation","Flight","DeadlyEvents","Elite Swarm","Lethality","Binary"],"is_ascension_mode":true,"campfire_choices":[{"data":"Crescendo","floor":8.0,"key":"SMITH"},{"data":"construct:MemoryTap","floor":8.0,"key":"SMITH"},{"data":"conspire:Banana+1","floor":10.0,"key":"SMITH"},{"data":"conspire:Banana+2","floor":10.0,"key":"SMITH"},{"data":"Prostrate","floor":15.0,"key":"SMITH"},{"data":"Prostrate+1","floor":15.0,"key":"SMITH"},{"data":"hubris:EnhanceAbility","floor":23.0,"key":"SMITH"},{"data":"hubris:EnhanceAbility+1","floor":23.0,"key":"SMITH"},{"data":"hubris:EnhanceAbility+2","floor":24.0,"key":"SMITH"},{"data":"hubris:EnhanceAbility+3","floor":24.0,"key":"SMITH"},{"data":"hubris:EnhanceAbility+4","floor":27.0,"key":"SMITH"},{"data":"Prostrate+2","floor":27.0,"key":"SMITH"},{"data":"hubris:EnhanceAbility+5","floor":29.0,"key":"SMITH"},{"data":"Prostrate+3","floor":29.0,"key":"SMITH"},{"data":"FlurryOfBlows","floor":32.0,"key":"SMITH"},{"data":"FollowUp","floor":32.0,"key":"SMITH"},{"data":"TalkToTheHand+1","floor":49.0,"key":"SMITH"},{"data":"CarveReality","floor":49.0,"key":"SMITH"}],"circlet_count":0,"master_deck":["AscendersBane","Pray","CutThroughFate","SashWhip","FollowUp+1","Replay:BluntJabs","EmptyBody","Prostrate+5","conspire:Banana+4","Consecrate","Crescendo+1","construct:MemoryTap+1","FlurryOfBlows+1","Pot Of Greed","hubris:EnhanceAbility+6","CarveReality+1","Protect","REME_MusicOfDeath","LikeWater","Electrodynamics","TalkToTheHand+2"],"relics":["PureWater","Busted Crown","HushsDoor","REME_ComplimentaryCards","replay:Trail_Library","PunchingBag","TheBean","Toy Ornithopter","Ginger","Dota2Spire:Desolator","Omamori","conspire:Boomerang","conspire:InfiniteJournal","Replay:Arrowhead","Meat on the Bone","Blood Vial","SharpPlug","GnawedLeaf","TungstenRod","Ring of Chaos","Incubus","Grinning Jar","Dota2Spire:ArcaneBoots","Replay:Baseball","Dota2Spire:Vanguard","Sundial","Replay:Mystery Machine","The Courier","War Paint","Philosopher\u0027s Stone","SalivaCoin","Girya","Dota2Spire:HeartOfTarrasque","hubris:CuriousFeather","Vajra","Prayer Wheel","BookOfRevelations","MawBank","ReplayTheSpireMod:TigerMarble","Dota2Spire:EtherealBlade","Pantograph","Dota2Spire:PowerTreads","Molten Egg 2","Membership Card","hubris:GlazedTorus"],"acts_visited":["Exordium","TheCity","TheBeyond"],"potions_floor_usage":[51,51],"damage_taken":[{"damage":0.0,"enemies":"Small Slimes","floor":1.0,"turns":2.0},{"damage":0.0,"enemies":"Cultist","floor":2.0,"turns":2.0},{"damage":0.0,"enemies":"Hiden Room Battle","floor":3.0,"turns":1.0},{"damage":0.0,"enemies":"conspire:RoseBush","floor":5.0,"turns":2.0},{"damage":0.0,"enemies":"3 Sentries","floor":6.0,"turns":2.0},{"damage":0.0,"enemies":"Gremlin Nob","floor":7.0,"turns":1.0},{"damage":0.0,"enemies":"Gremlin Gang","floor":11.0,"turns":1.0},{"damage":0.0,"enemies":"Lagavulin","floor":12.0,"turns":1.0},{"damage":0.0,"enemies":"Gremlin Nob","floor":13.0,"turns":2.0},{"damage":1.0,"enemies":"3 Sentries","floor":14.0,"turns":3.0},{"damage":0.0,"enemies":"Slime Boss","floor":16.0,"turns":1.0},{"damage":15.0,"enemies":"3 Byrds","floor":18.0,"turns":2.0},{"damage":0.0,"enemies":"2 Thieves","floor":19.0,"turns":2.0},{"damage":0.0,"enemies":"Sentry and Sphere","floor":22.0,"turns":2.0},{"damage":0.0,"enemies":"conspire:Head Lice","floor":25.0,"turns":2.0},{"damage":0.0,"enemies":"Gremlin Leader","floor":28.0,"turns":2.0},{"damage":0.0,"enemies":"REME_1_Revenger","floor":30.0,"turns":2.0},{"damage":0.0,"enemies":"conspire:SneckoGhost","floor":31.0,"turns":2.0},{"damage":0.0,"enemies":"Automaton","floor":33.0,"turns":4.0},{"damage":0.0,"enemies":"3 Darklings","floor":35.0,"turns":1.0},{"damage":0.0,"enemies":"Orb Walker","floor":37.0,"turns":1.0},{"damage":0.0,"enemies":"Giant Head","floor":38.0,"turns":2.0},{"damage":0.0,"enemies":"R_Hoarder","floor":40.0,"turns":2.0},{"damage":0.0,"enemies":"Reptomancer","floor":41.0,"turns":2.0},{"damage":0.0,"enemies":"Nemesis","floor":42.0,"turns":3.0},{"damage":0.0,"enemies":"R_Hoarder","floor":44.0,"turns":4.0},{"damage":0.0,"enemies":"Nemesis","floor":45.0,"turns":3.0},{"damage":0.0,"enemies":"R_Hoarder","floor":46.0,"turns":3.0},{"damage":0,"enemies":"Time Eater","floor":50,"turns":3},{"damage":0,"enemies":"hubris:GrandSnecko","floor":51,"turns":1}],"seed_played":"-8217977675326924283","potions_obtained":[{"floor":1.0,"key":"construct:ShiftPotion"},{"floor":7.0,"key":"conspire:TimeTravelPotion"},{"floor":13.0,"key":"AttackPotion"},{"floor":16.0,"key":"Dota2Spire:Clarity"},{"floor":19.0,"key":"SpeedPotion"},{"floor":25.0,"key":"Swift Potion"},{"floor":31.0,"key":"Energy Potion"},{"floor":33.0,"key":"Dexterity Potion"},{"floor":35.0,"key":"LiquidMemories"},{"floor":41.0,"key":"Energy Potion"},{"floor":45.0,"key":"SteroidPotion"}],"is_trial":true,"path_per_floor":["M","M","?","?","M","E","E","R","T","R","M","E","E","E","R","B",null,"M","M","?","$","M","R","R","E","T","R","E","R","E","E","R","B",null,"M","?","M","E","$","E","E","E","T","E","E","E","?","$","R","B","B",null],"character_chosen":"WATCHER","items_purchased":["Incubus","hubris:EnhanceAbility","CarveReality","REME_MusicOfDeath","LikeWater","hubris:CuriousFeather","MentalFortress","Vajra","Membership Card","hubris:GlazedTorus","TalkToTheHand+1"],"campfire_rested":0,"item_purchase_floors":[17,21,21,39,39,39,39,39,48,48,48],"current_hp_per_floor":[62,63,49,49,53,55,55,55,55,55,81,81,85,88,88,93,73,62,68,68,68,74,74,74,85,85,85,91,91,97,101,101,106,106,111,68,75,85,85,87,94,106,106,127,139,151,151,151,151,179,179],"gold":26,"neow_bonus":"","is_daily":false,"chose_seed":false,"campfire_upgraded":18,"win_rate":0.0,"timestamp":1613300851,"path_taken":["M","M","?","?","M","E","E","R","T","R","M","E","E","E","R","BOSS","M","?","?","$","?","R","R","E","T","R","E","R","E","?","R","BOSS","M","?","?","?","$","E","E","E","T","E","E","E","?","?","R","BOSS","BOSS"],"items_purchased_type":["Relic","Card","Card","Card","Card","Relic","Card","Relic","Relic","Relic","Card"],"build_version":"2020-12-18","purchased_purges":0,"victory":true,"max_hp_per_floor":[69,70,71,71,75,77,77,77,77,77,81,81,85,89,89,93,73,77,81,81,81,85,85,85,89,89,89,93,93,97,101,101,106,106,111,111,116,124,124,124,129,139,139,149,159,169,169,169,169,179,179],"card_choices":[],"player_experience":687370,"relics_obtained":[{"floor":1.0,"key":"Toy Ornithopter"},{"floor":2.0,"key":"Ginger"},{"floor":3.0,"key":"Dota2Spire:Desolator"},{"floor":3.0,"key":"Omamori"},{"floor":5.0,"key":"conspire:Boomerang"},{"floor":6.0,"key":"conspire:InfiniteJournal"},{"floor":7.0,"key":"Replay:Arrowhead"},{"floor":9.0,"key":"Meat on the Bone"},{"floor":11.0,"key":"Blood Vial"},{"floor":12.0,"key":"SharpPlug"},{"floor":13.0,"key":"GnawedLeaf"},{"floor":14.0,"key":"TungstenRod"},{"floor":18.0,"key":"Grinning Jar"},{"floor":19.0,"key":"Dota2Spire:ArcaneBoots"},{"floor":22.0,"key":"Replay:Baseball"},{"floor":25.0,"key":"Dota2Spire:Vanguard"},{"floor":26.0,"key":"Sundial"},{"floor":28.0,"key":"Replay:Mystery Machine"},{"floor":30.0,"key":"The Courier"},{"floor":31.0,"key":"War Paint"},{"floor":35.0,"key":"SalivaCoin"},{"floor":37.0,"key":"Girya"},{"floor":38.0,"key":"Dota2Spire:HeartOfTarrasque"},{"floor":40.0,"key":"BookOfRevelations"},{"floor":41.0,"key":"MawBank"},{"floor":42.0,"key":"ReplayTheSpireMod:TigerMarble"},{"floor":43.0,"key":"Dota2Spire:EtherealBlade"},{"floor":44.0,"key":"Pantograph"},{"floor":45.0,"key":"Dota2Spire:PowerTreads"},{"floor":46.0,"key":"Molten Egg 2"}],"event_choices":[{"damage_healed":0.0,"max_hp_gain":0.0,"max_hp_loss":0.0,"gold_gain":0.0,"event_name":"HidenRoomEvent","player_choice":"Fight","floor":3.0,"gold_loss":0.0,"damage_taken":0.0},{"cards_removed":["Pot Of Greed"],"damage_healed":0.0,"max_hp_gain":0.0,"max_hp_loss":0.0,"gold_gain":0.0,"event_name":"Beggar","player_choice":"Gave Gold","floor":20.0,"gold_loss":75.0,"damage_taken":0.0},{"cards_removed":["MentalFortress"],"damage_healed":0.0,"max_hp_gain":0.0,"max_hp_loss":0.0,"gold_gain":0.0,"event_name":"Falling","player_choice":"Removed Power","floor":47.0,"gold_loss":0.0,"damage_taken":0.0}],"is_beta":true,"boss_relics":[{"not_picked":["hubris:RunicObelisk","conspire:SeveredTorchhead"],"picked":"Ring of Chaos"},{"not_picked":[]},{"not_picked":["hubris:CrackedHourglass","VioletLotus"],"picked":"Philosopher\u0027s Stone"},{"not_picked":[]}],"items_purged_floors":[],"is_endless":false,"potions_floor_spawned":[1,7,12,13,16,19,25,31,33,35,41,45],"ascension_level":20}}