{"host":"xc18ixkpjvqrt8st","time":1613324332,"event":{"mods":["Act Like it!","BaseMod","Better Match","Better Third Choice","Conspire","Downfall","Hallownest","Hermit","Minty Spire (QoL Compilation)","Reliquary","Robot Space Explorer","Shop Mod","Spicy Shops","Spire Arcade","StSLib","The Animator","The Edgeheg","The Jungle","The Sage"],"gold_per_floor":[289,329,229,229,229,264,264],"floor_reached":6,"language":"ENG","playtime":273,"items_purged":[],"score":37,"play_id":"f9073a2a-12be-4673-a467-3a71285e64d2","local_time":"20210214113852","is_ascension_mode":true,"campfire_choices":[],"circlet_count":0,"master_deck":["animator:Strike_Kancolle","animator:Defend_Kancolle","animator:Strike","animator:Strike","animator:Strike","animator:Defend","animator:Defend","animator:Defend","animator:Shimakaze","animator:IchigoKurosaki","animator:CowGirl","animator:KyokoSakura","conspire:SpireCoStock","conspire:SpireCoStock"],"relics":["animator:LivingPicture","animator:TheMissingPiece","Bag of Preparation","betterThird:SlimedRelic"],"acts_visited":["Exordium"],"potions_floor_usage":[6],"damage_taken":[{"damage":6,"enemies":"Cultist","floor":1,"turns":5},{"damage":10,"enemies":"Jaw Worm","floor":2,"turns":4},{"damage":33,"enemies":"3 Sentries","floor":6,"turns":9}],"seed_played":"-2422293136533546513","potions_obtained":[{"floor":2,"key":"AttackPotion"}],"is_trial":false,"path_per_floor":["M","M","?","?","?","E"],"character_chosen":"THE_ANIMATOR","items_purchased":[],"campfire_rested":0,"item_purchase_floors":[],"current_hp_per_floor":[60,50,50,44,33,0,0],"gold":264,"neow_bonus":"RANDOM_COLORLESS","is_daily":false,"chose_seed":false,"campfire_upgraded":0,"win_rate":0.0,"timestamp":1613324332,"path_taken":["M","M","?","?","?","E"],"items_purchased_type":[],"build_version":"2020-12-22","purchased_purges":0,"victory":false,"max_hp_per_floor":[66,66,66,66,66,66,66],"card_choices":[{"not_picked":["animator:MisakiNakahara","animator:QuestionMark"],"picked":"animator:IchigoKurosaki","floor":0},{"not_picked":["animator:DolaRiku","animator:Hakurou"],"picked":"animator:CowGirl","floor":1},{"not_picked":["animator:DolaCouronne","animator:Gillette"],"picked":"animator:KyokoSakura","floor":2}],"player_experience":722976,"relics_obtained":[],"event_choices":[{"damage_healed":0,"gold_gain":0,"player_choice":"Invest 2","damage_taken":0,"max_hp_gain":0,"max_hp_loss":0,"event_name":"conspire:Investor","floor":3,"gold_loss":0},{"damage_healed":0,"gold_gain":0,"player_choice":"Slimed","damage_taken":11,"max_hp_gain":1,"max_hp_loss":0,"event_name":"betterThird:BetterGoop","floor":5,"gold_loss":0}],"is_beta":false,"boss_relics":[],"items_purged_floors":[],"is_endless":false,"potions_floor_spawned":[2],"killed_by":"3 Sentries","ascension_level":2}}