{"host":"Christian","time":1613346129,"event":{"mods":["BaseMod","Block Reminder","Colored Map","Colored Powertips","DeckTracker","Minty Spire (QoL Compilation)","Relic Stats","Slay-I","StSLib"],"gold_per_floor":[114,126,145,220,238,271,271,302,350,363,288,307,307,457,457,535,535,551,224,239,239,250,250,250],"floor_reached":23,"language":"ENG","playtime":1300,"items_purged":["Strike_P"],"score":506,"play_id":"d6ff0d24-0657-4abe-8aa8-23976bce7113","local_time":"20210214174209","is_ascension_mode":true,"campfire_choices":[{"floor":7,"key":"REST"},{"floor":13,"key":"REST"},{"floor":15,"key":"RECALL"}],"circlet_count":0,"master_deck":["AscendersBane","Strike_P","Strike_P","Defend_P","Defend_P","Defend_P","Defend_P","Eruption","Vigilance","CutThroughFate","TalkToTheHand","Blasphemy","CarveReality","Tantrum","CutThroughFate","MentalFortress","EmptyBody","Doubt","Omniscience","Consecrate+1","MentalFortress","Pain","Wallop+1"],"relics":["Fusion Hammer","Oddly Smooth Stone","Blue Candle","Smiling Mask","SlaversCollar","Bag of Preparation","WarpedTongs"],"acts_visited":["Exordium","TheCity"],"potions_floor_usage":[6,18,23,23,23],"damage_taken":[{"damage":2,"enemies":"Cultist","floor":1,"turns":3},{"damage":0,"enemies":"Jaw Worm","floor":2,"turns":4},{"damage":0,"enemies":"2 Louse","floor":3,"turns":3},{"damage":16,"enemies":"Large Slime","floor":5,"turns":6},{"damage":20,"enemies":"Lagavulin","floor":6,"turns":5},{"damage":5,"enemies":"Gremlin Nob","floor":8,"turns":3},{"damage":0,"enemies":"Gremlin Gang","floor":10,"turns":3},{"damage":24,"enemies":"3 Louse","floor":12,"turns":4},{"damage":1,"enemies":"Slime Boss","floor":16,"turns":3},{"damage":14,"enemies":"Shell Parasite","floor":18,"turns":5},{"damage":0,"enemies":"Spheric Guardian","floor":20,"turns":2},{"damage":24,"enemies":"Centurion and Healer","floor":22,"turns":6},{"damage":24,"enemies":"Gremlin Leader","floor":23,"turns":3}],"seed_played":"6247880959936051101","potions_obtained":[{"floor":1,"key":"Regen Potion"},{"floor":2,"key":"Energy Potion"},{"floor":6,"key":"AttackPotion"},{"floor":8,"key":"Block Potion"}],"is_trial":false,"path_per_floor":["M","M","M","?","M","E","R","E","T","M","?","M","R","?","R","B",null,"M","$","M","?","M","E"],"character_chosen":"WATCHER","items_purchased":["Bag of Preparation","EntropicBrew"],"campfire_rested":2,"item_purchase_floors":[19,19],"current_hp_per_floor":[59,59,59,48,32,24,44,39,39,39,39,15,35,35,35,34,60,46,46,46,46,22,0,0],"gold":250,"neow_bonus":"BOSS_RELIC","is_daily":false,"chose_seed":false,"campfire_upgraded":0,"win_rate":0.0,"timestamp":1613346129,"path_taken":["M","M","M","?","M","E","R","E","T","M","?","M","R","?","R","BOSS","M","$","M","?","M","E"],"items_purchased_type":["Relic","Potion"],"build_version":"2020-12-18","purchased_purges":1,"victory":false,"max_hp_per_floor":[68,68,68,68,68,68,68,68,68,68,68,68,68,68,68,68,68,68,68,68,68,68,68,68],"relic_stats":{"counters":[13,50],"Blue Candle":[6],"Bag of Preparation":[6],"Smiling Mask":25,"obtain_stats":[{"SlaversCollar":17,"Blue Candle":8,"Oddly Smooth Stone":6,"Fusion Hammer":0,"Bag of Preparation":19,"PureWater":0,"Smiling Mask":9,"WarpedTongs":21},{"SlaversCollar":9,"Blue Candle":6,"Oddly Smooth Stone":5,"Fusion Hammer":0,"Bag of Preparation":10,"PureWater":0,"Smiling Mask":6,"WarpedTongs":11},{"SlaversCollar":34,"Blue Candle":24,"Oddly Smooth Stone":21,"Fusion Hammer":0,"Bag of Preparation":39,"PureWater":0,"Smiling Mask":24,"WarpedTongs":41}],"WarpedTongs":[9]},"card_choices":[{"not_picked":["FollowUp","EmptyBody"],"picked":"CutThroughFate","floor":1},{"not_picked":["Consecrate","FlyingSleeves"],"picked":"TalkToTheHand","floor":2},{"not_picked":["FlyingSleeves","EmptyFist"],"picked":"Blasphemy","floor":3},{"not_picked":["PathToVictory","Pray"],"picked":"CarveReality","floor":5},{"not_picked":["Wireheading","MasterReality"],"picked":"Tantrum","floor":6},{"not_picked":["InnerPeace","Collect"],"picked":"CutThroughFate","floor":8},{"not_picked":["CarveReality","FlyingSleeves"],"picked":"MentalFortress","floor":10},{"not_picked":["CrushJoints","PathToVictory"],"picked":"EmptyBody","floor":12},{"not_picked":["Brilliance","Blasphemy"],"picked":"Omniscience","floor":16},{"not_picked":["Vengeance","Pray+1"],"picked":"Consecrate+1","floor":18},{"not_picked":["EmptyFist","SashWhip"],"picked":"MentalFortress","floor":20},{"not_picked":["CrushJoints+1","Protect"],"picked":"Wallop+1","floor":22}],"player_experience":101289,"relics_obtained":[{"floor":6,"key":"Oddly Smooth Stone"},{"floor":8,"key":"Blue Candle"},{"floor":9,"key":"Smiling Mask"}],"event_choices":[{"damage_healed":0,"gold_gain":75,"player_choice":"Gather Gold","damage_taken":11,"max_hp_gain":0,"max_hp_loss":0,"event_name":"World of Goop","floor":4,"gold_loss":0},{"cards_removed":["Strike_P"],"damage_healed":0,"gold_gain":0,"player_choice":"Card Removal","damage_taken":0,"max_hp_gain":0,"max_hp_loss":0,"event_name":"The Cleric","floor":11,"gold_loss":75},{"damage_healed":0,"gold_gain":150,"player_choice":"AGREE","damage_taken":0,"max_hp_gain":0,"max_hp_loss":0,"event_name":"Liars Game","floor":14,"gold_loss":0,"cards_obtained":["Doubt"]},{"damage_healed":0,"gold_gain":0,"player_choice":"Rummage","damage_taken":0,"relics_obtained":["WarpedTongs"],"max_hp_gain":0,"max_hp_loss":0,"event_name":"Accursed Blacksmith","floor":21,"gold_loss":0,"cards_obtained":["Pain"]}],"is_beta":true,"boss_relics":[{"not_picked":["Ectoplasm","Runic Dome"],"picked":"SlaversCollar"}],"items_purged_floors":[19],"is_endless":false,"potions_floor_spawned":[1,2,5,6,8,22],"killed_by":"Gremlin Leader","ascension_level":20}}