{"host":"sav7uxregyirlf69","time":1613312814,"event":{"mods":["AchievementEnabler","BaseMod","Colored Map","DeckTracker","Keyboard Shortcuts","Minty Spire (QoL Compilation)","READ ME - Guardian Mod","StSLib","SuperFastMode"],"gold_per_floor":[112,112,129,140,140,169,169,169,196,196,219,219,260,260,260,359,359,378,131,131,154,179,179,198,216,216,260,260,310,134,178,178,269,269,282,296,94,94,114,114,114],"floor_reached":40,"language":"KOR","playtime":701,"items_purged":["Strike_R","Strike_R"],"score":868,"play_id":"78cc868a-a0e3-4d31-ba86-1430378adb3a","local_time":"20210214232654","is_ascension_mode":true,"campfire_choices":[{"data":"Bludgeon","floor":8,"key":"SMITH"},{"floor":10,"key":"REST"},{"data":"Pommel Strike","floor":12,"key":"SMITH"},{"data":"Inflame","floor":15,"key":"SMITH"},{"data":"Bloodletting","floor":23,"key":"SMITH"},{"floor":28,"key":"REST"},{"data":"Evolve","floor":32,"key":"SMITH"}],"circlet_count":0,"master_deck":["AscendersBane","Strike_R+1","Defend_R","Defend_R","Defend_R","Defend_R","Bash+1","Shrug It Off","Pommel Strike+1","Twin Strike","Bludgeon+1","Inflame+1","Bloodletting+1","Carnage","Evolve+1","Rupture","Berserk","Power Through","Second Wind","Immolate","Body Slam"],"relics":["Burning Blood","MealTicket","Golden Idol","Akabeko","Bag of Preparation","Sozu","ClockworkSouvenir","Pear","Eternal Feather","Velvet Choker","Matryoshka"],"acts_visited":["Exordium","TheCity","TheBeyond"],"potions_floor_usage":[],"damage_taken":[{"damage":9,"enemies":"Jaw Worm","floor":1,"turns":5},{"damage":6,"enemies":"Small Slimes","floor":3,"turns":7},{"damage":6,"enemies":"Cultist","floor":4,"turns":3},{"damage":32,"enemies":"Lagavulin","floor":6,"turns":5},{"damage":4,"enemies":"3 Louse","floor":11,"turns":3},{"damage":8,"enemies":"Gremlin Nob","floor":13,"turns":3},{"damage":38,"enemies":"The Guardian","floor":16,"turns":10},{"damage":0,"enemies":"Chosen","floor":18,"turns":2},{"damage":16,"enemies":"3 Byrds","floor":21,"turns":4},{"damage":23,"enemies":"Cultist and Chosen","floor":22,"turns":4},{"damage":2,"enemies":"Snecko","floor":24,"turns":3},{"damage":19,"enemies":"Snake Plant","floor":25,"turns":3},{"damage":40,"enemies":"Slavers","floor":27,"turns":6},{"damage":40,"enemies":"Book of Stabbing","floor":31,"turns":4},{"damage":33,"enemies":"Automaton","floor":33,"turns":10},{"damage":3,"enemies":"Orb Walker","floor":35,"turns":2},{"damage":36,"enemies":"3 Darklings","floor":36,"turns":7},{"damage":53,"enemies":"Writhing Mass","floor":39,"turns":6},{"damage":34,"enemies":"Reptomancer","floor":40,"turns":2}],"seed_played":"7724111913749690979","potions_obtained":[{"floor":3,"key":"Dexterity Potion"},{"floor":4,"key":"SpeedPotion"},{"floor":16,"key":"SteroidPotion"}],"is_trial":false,"path_per_floor":["M","?","M","M","?","E","?","R","T","R","M","R","E","?","R","B",null,"M","$","?","M","M","R","M","M","T","E","R","?","$","E","R","B",null,"M","M","$","T","M","E"],"character_chosen":"IRONCLAD","items_purchased":["ClockworkSouvenir","Power Through","Immolate","Body Slam"],"campfire_rested":2,"item_purchase_floors":[19,30,37,37],"current_hp_per_floor":[72,77,77,77,51,25,25,25,25,48,50,50,48,48,48,16,63,69,79,79,69,52,52,56,43,43,19,45,45,60,26,35,8,69,72,42,57,57,10,0,0],"gold":114,"neow_bonus":"TEN_PERCENT_HP_BONUS","is_daily":false,"chose_seed":false,"campfire_upgraded":5,"win_rate":0.0,"timestamp":1613312814,"path_taken":["M","?","M","M","?","E","?","R","T","R","M","R","E","?","R","BOSS","M","$","?","M","?","R","M","M","T","E","R","?","?","E","R","BOSS","M","M","?","?","M","E"],"items_purchased_type":["Relic","Card","Card","Card"],"build_version":"2020-12-22","purchased_purges":2,"victory":false,"max_hp_per_floor":[82,87,87,87,87,87,79,79,79,79,79,79,79,79,79,79,79,79,79,79,79,79,79,79,79,79,89,89,89,89,89,89,89,89,89,89,89,89,89,89,89],"card_choices":[{"not_picked":["Warcry","Inflame"],"picked":"Shrug It Off","floor":1},{"not_picked":["Shrug It Off","Whirlwind"],"picked":"Pommel Strike","floor":3},{"not_picked":["Body Slam","Headbutt"],"picked":"Twin Strike","floor":4},{"not_picked":["Cleave","Clash"],"picked":"Bludgeon","floor":6},{"not_picked":["Thunderclap","Body Slam","Shrug It Off"],"picked":"SKIP","floor":11},{"not_picked":["Heavy Blade","Intimidate","Anger"],"picked":"SKIP","floor":13},{"not_picked":["Body Slam","Shrug It Off"],"picked":"Bloodletting","floor":18},{"not_picked":["Flex","Fire Breathing","Anger"],"picked":"SKIP","floor":21},{"not_picked":["Carnage","Anger"],"picked":"Evolve","floor":22},{"not_picked":["Flex","Sword Boomerang"],"picked":"Rupture","floor":24},{"not_picked":["Thunderclap+1","Twin Strike","Havoc"],"picked":"SKIP","floor":25},{"not_picked":["Heavy Blade","Combust"],"picked":"Berserk","floor":27},{"not_picked":["Cleave","Headbutt"],"picked":"Second Wind","floor":31},{"not_picked":["Clothesline","Armaments","Perfected Strike"],"picked":"SKIP","floor":35},{"not_picked":["Armaments","Heavy Blade+1","Anger"],"picked":"SKIP","floor":36},{"not_picked":["Thunderclap","Clash+1","Blood for Blood"],"picked":"SKIP","floor":39}],"player_experience":1572608,"relics_obtained":[{"floor":6,"key":"MealTicket"},{"floor":9,"key":"Akabeko"},{"floor":13,"key":"Bag of Preparation"},{"floor":27,"key":"Pear"},{"floor":31,"key":"Eternal Feather"},{"floor":38,"key":"Matryoshka"}],"event_choices":[{"damage_healed":0,"gold_gain":0,"player_choice":"Donut","damage_taken":0,"max_hp_gain":5,"max_hp_loss":0,"event_name":"Big Fish","floor":2,"gold_loss":0},{"damage_healed":0,"gold_gain":0,"player_choice":"Entered Light","damage_taken":26,"max_hp_gain":0,"max_hp_loss":0,"event_name":"Shining Light","floor":5,"gold_loss":0,"cards_upgraded":["Strike_R","Bash"]},{"damage_healed":0,"gold_gain":0,"player_choice":"Lose Max HP","damage_taken":0,"relics_obtained":["Golden Idol"],"max_hp_gain":0,"max_hp_loss":8,"event_name":"Golden Idol","floor":7,"gold_loss":0},{"damage_healed":0,"gold_gain":0,"cards_transformed":["Strike_R"],"player_choice":"Change","damage_taken":0,"max_hp_gain":0,"max_hp_loss":0,"event_name":"Living Wall","floor":14,"gold_loss":0,"cards_obtained":["Inflame"]},{"damage_healed":0,"gold_gain":0,"cards_transformed":["Strike_R"],"player_choice":"Transformed","damage_taken":0,"max_hp_gain":0,"max_hp_loss":0,"event_name":"Transmorgrifier","floor":20,"gold_loss":0,"cards_obtained":["Carnage"]},{"damage_healed":0,"gold_gain":50,"player_choice":"Stole From Cult","damage_taken":0,"max_hp_gain":0,"max_hp_loss":0,"event_name":"Nest","floor":29,"gold_loss":0}],"is_beta":false,"boss_relics":[{"not_picked":["Astrolabe","SlaversCollar"],"picked":"Sozu"},{"not_picked":["Tiny House","Philosopher\u0027s Stone"],"picked":"Velvet Choker"}],"items_purged_floors":[19,30],"is_endless":false,"potions_floor_spawned":[3,4,16,24,25,27,35,39],"killed_by":"Reptomancer","ascension_level":20}}