{"host":"pke0xxyzw0teju56","time":1613336716,"event":{"mods":["BaseMod","Bestiary","Colored Powertips","Highlight Path","Minty Spire (QoL Compilation)","Relic Stats","Slay the Relics Exporter","StSLib"],"gold_per_floor":[365,440,457,477,39,39,64,74,74,74,94,107,136,149,149,226,226,242,215,215,233,1,1,35,35,35,35,55,68,102,112,112,186,186,206,206,206,217,16,16,51,51,76,0,26,26,55,67,67,67,67,67,67,1,27,27],"floor_reached":57,"language":"ENG","playtime":3227,"items_purged":["Strike_R"],"score":3059,"play_id":"74ab303e-5e29-4834-b843-4e7d85850f1c","local_time":"20210214160516","is_ascension_mode":true,"campfire_choices":[{"floor":6.0,"key":"REST"},{"data":"True Grit","floor":15.0,"key":"SMITH"},{"floor":23.0,"key":"REST"},{"data":"Combust","floor":25.0,"key":"SMITH"},{"floor":27.0,"key":"REST"},{"data":"Berserk","floor":32.0,"key":"SMITH"},{"data":"Sword Boomerang","floor":40.0,"key":"SMITH"},{"floor":42.0,"key":"RECALL"},{"data":"Entrench","floor":49.0,"key":"SMITH"},{"data":"Ghostly Armor","floor":53.0,"key":"SMITH"}],"circlet_count":0,"master_deck":["AscendersBane","Strike_R","Strike_R","Strike_R","Strike_R","Defend_R","Defend_R","Defend_R","Defend_R","Bash","Shrug It Off","Hemokinesis","Ghostly Armor+1","True Grit+1","Combust+1","Flame Barrier","Combust","Berserk+1","Entrench+1","Berserk+1","CurseOfTheBell","Rupture+1","Intimidate+1","Shockwave+1","Feel No Pain+1","Offering+1","Ghostly Armor+1","Dual Wield+1","Sword Boomerang+1","Disarm+1","Reaper","Shrug It Off+1","Offering+1","Dark Embrace+1","Purity+1","Purity+1","Feel No Pain+1","Ghostly Armor+1","Battle Trance+1","Demon Form+1","Disarm+1","Uppercut+1"],"relics":["Burning Blood","Dead Branch","Ornamental Fan","White Beast Statue","Frozen Egg 2","Calling Bell","Akabeko","Toxic Egg 2","CaptainsWheel","Prayer Wheel","Du-Vu Doll","Thread and Needle","Coffee Dripper","Membership Card","Bag of Marbles","Red Mask","Molten Egg 2","The Courier","Lantern","Unceasing Top"],"acts_visited":["Exordium","TheCity","TheBeyond","TheEnding"],"potions_floor_usage":[55,56],"damage_taken":[{"damage":6.0,"enemies":"Cultist","floor":1.0,"turns":3.0},{"damage":9.0,"enemies":"2 Louse","floor":3.0,"turns":4.0},{"damage":4.0,"enemies":"Jaw Worm","floor":4.0,"turns":3.0},{"damage":36.0,"enemies":"Lagavulin","floor":7.0,"turns":7.0},{"damage":19.0,"enemies":"Gremlin Gang","floor":8.0,"turns":5.0},{"damage":5.0,"enemies":"2 Fungi Beasts","floor":11.0,"turns":3.0},{"damage":8.0,"enemies":"Blue Slaver","floor":12.0,"turns":4.0},{"damage":19.0,"enemies":"Gremlin Nob","floor":13.0,"turns":3.0},{"damage":11.0,"enemies":"Red Slaver","floor":14.0,"turns":3.0},{"damage":14.0,"enemies":"Slime Boss","floor":16.0,"turns":7.0},{"damage":20.0,"enemies":"Spheric Guardian","floor":18.0,"turns":5.0},{"damage":25.0,"enemies":"2 Thieves","floor":19.0,"turns":4.0},{"damage":8.0,"enemies":"Shelled Parasite and Fungi","floor":21.0,"turns":4.0},{"damage":48.0,"enemies":"Slavers","floor":24.0,"turns":6.0},{"damage":17.0,"enemies":"Snake Plant","floor":28.0,"turns":4.0},{"damage":8.0,"enemies":"Snecko","floor":29.0,"turns":4.0},{"damage":2.0,"enemies":"Book of Stabbing","floor":30.0,"turns":4.0},{"damage":8.0,"enemies":"3 Cultists","floor":31.0,"turns":3.0},{"damage":53.0,"enemies":"Automaton","floor":33.0,"turns":8.0},{"damage":8.0,"enemies":"Orb Walker","floor":35.0,"turns":2.0},{"damage":13.0,"enemies":"3 Shapes","floor":38.0,"turns":5.0},{"damage":25.0,"enemies":"Giant Head","floor":41.0,"turns":6.0},{"damage":12.0,"enemies":"Nemesis","floor":45.0,"turns":5.0},{"damage":17.0,"enemies":"Giant Head","floor":47.0,"turns":4.0},{"damage":21.0,"enemies":"Writhing Mass","floor":48.0,"turns":6.0},{"damage":30.0,"enemies":"Time Eater","floor":50.0,"turns":13.0},{"damage":56.0,"enemies":"Donu and Deca","floor":51.0,"turns":7.0},{"damage":77,"enemies":"Shield and Spear","floor":55,"turns":8},{"damage":80,"enemies":"The Heart","floor":56,"turns":10}],"seed_played":"-7581956572591649660","potions_obtained":[{"floor":1.0,"key":"Weak Potion"},{"floor":8.0,"key":"EssenceOfSteel"},{"floor":11.0,"key":"Energy Potion"},{"floor":12.0,"key":"DistilledChaos"},{"floor":13.0,"key":"Strength Potion"},{"floor":14.0,"key":"BlessingOfTheForge"},{"floor":16.0,"key":"PowerPotion"},{"floor":18.0,"key":"GamblersBrew"},{"floor":19.0,"key":"Weak Potion"},{"floor":21.0,"key":"GamblersBrew"},{"floor":24.0,"key":"BloodPotion"},{"floor":28.0,"key":"Dexterity Potion"},{"floor":29.0,"key":"SteroidPotion"},{"floor":30.0,"key":"Energy Potion"},{"floor":31.0,"key":"Dexterity Potion"},{"floor":33.0,"key":"SneckoOil"},{"floor":35.0,"key":"Energy Potion"},{"floor":41.0,"key":"Energy Potion"},{"floor":45.0,"key":"EssenceOfSteel"},{"floor":47.0,"key":"SneckoOil"},{"floor":48.0,"key":"Weak Potion"},{"floor":55,"key":"Weak Potion"}],"is_trial":false,"path_per_floor":["M","?","M","M","$","R","E","M","T","?","M","M","E","M","R","B",null,"M","M","?","M","$","R","E","R","T","R","M","M","E","M","R","B",null,"M","?","?","M","$","R","E","R","T","?","E","T","E","M","R","B","B",null,"R","$","E","B",null],"character_chosen":"IRONCLAD","items_purchased":["Dead Branch","True Grit","Combust","Feel No Pain+1","Offering+1","Membership Card","FairyPotion","Strength Potion"],"campfire_rested":3,"item_purchase_floors":[5,5,5,22,22,39,54,54],"current_hp_per_floor":[50,39,36,38,38,60,30,17,17,75,75,73,60,55,55,47,68,54,35,35,33,33,55,13,13,13,35,24,37,41,75,75,55,70,75,70,70,63,63,63,75,75,75,75,69,69,75,75,75,75,75,75,75,75,75,49],"gold":27,"neow_bonus":"TWO_FIFTY_GOLD","is_daily":false,"chose_seed":false,"campfire_upgraded":6,"win_rate":0.0,"timestamp":1613336716,"path_taken":["M","?","M","M","$","R","E","M","T","?","M","?","E","M","R","BOSS","M","M","?","M","$","R","E","R","T","R","M","M","E","M","R","BOSS","M","?","?","?","$","R","E","R","T","?","E","?","E","M","R","BOSS","BOSS","R","$","E","BOSS"],"items_purchased_type":["Relic","Card","Card","Card","Card","Relic","Potion","Potion"],"build_version":"2020-12-22","purchased_purges":1,"victory":true,"max_hp_per_floor":[75,75,75,75,75,75,75,75,75,75,75,75,75,75,75,75,75,75,75,75,75,75,75,75,75,75,75,75,75,75,75,75,75,75,75,75,75,75,75,75,75,75,75,75,75,75,75,75,75,75,75,75,75,75,75,75],"relic_stats":{"counters":[29,150],"Ornamental Fan":[68],"Dead Branch":[249],"Prayer Wheel":6,"obtain_stats":[{"Lantern":47,"Dead Branch":5,"Thread and Needle":30,"The Courier":46,"Frozen Egg 2":13,"Burning Blood":0,"White Beast Statue":9,"Akabeko":17,"Calling Bell":17,"Du-Vu Doll":26,"CaptainsWheel":17,"Ornamental Fan":7,"Prayer Wheel":24,"Molten Egg 2":45,"Coffee Dripper":34,"Bag of Marbles":41,"Red Mask":44,"Membership Card":39,"Toxic Egg 2":17,"Unceasing Top":55},{"Lantern":24,"Dead Branch":3,"Thread and Needle":17,"The Courier":23,"Frozen Egg 2":8,"Burning Blood":0,"White Beast Statue":5,"Akabeko":10,"Calling Bell":10,"Du-Vu Doll":14,"CaptainsWheel":10,"Ornamental Fan":4,"Prayer Wheel":14,"Molten Egg 2":23,"Coffee Dripper":19,"Bag of Marbles":22,"Red Mask":22,"Membership Card":21,"Toxic Egg 2":10,"Unceasing Top":28},{"Lantern":106,"Dead Branch":10,"Thread and Needle":73,"The Courier":102,"Frozen Egg 2":32,"Burning Blood":0,"White Beast Statue":22,"Akabeko":42,"Calling Bell":42,"Du-Vu Doll":61,"CaptainsWheel":42,"Ornamental Fan":17,"Prayer Wheel":61,"Molten Egg 2":102,"Coffee Dripper":84,"Bag of Marbles":97,"Red Mask":97,"Membership Card":91,"Toxic Egg 2":42,"Unceasing Top":140}],"Burning Blood":138,"Unceasing Top":[0]},"card_choices":[{"not_picked":["True Grit","Warcry"],"picked":"Shrug It Off","floor":1.0},{"not_picked":["Shockwave","Dual Wield"],"picked":"Hemokinesis","floor":3.0},{"not_picked":["Burning Pact","Wild Strike"],"picked":"Ghostly Armor","floor":4.0},{"not_picked":["Twin Strike","Hemokinesis"],"picked":"Flame Barrier","floor":7.0},{"not_picked":["Perfected Strike","Whirlwind"],"picked":"Disarm","floor":8.0},{"not_picked":["Flex","Armaments"],"picked":"Combust","floor":11.0},{"not_picked":["Armaments","Sever Soul"],"picked":"Berserk","floor":12.0},{"not_picked":["Sentinel","Headbutt","Havoc"],"picked":"SKIP","floor":13.0},{"not_picked":["Sentinel","Clash"],"picked":"Entrench","floor":14.0},{"not_picked":["Juggernaut+1","Immolate"],"picked":"Berserk+1","floor":16.0},{"not_picked":["Body Slam","Iron Wave+1"],"picked":"Rupture+1","floor":18.0},{"not_picked":["Clash","Fire Breathing+1"],"picked":"Intimidate+1","floor":19.0},{"not_picked":["Warcry+1","Wild Strike"],"picked":"Shockwave+1","floor":21.0},{"not_picked":["Wild Strike","Twin Strike"],"picked":"Ghostly Armor+1","floor":24.0},{"not_picked":["Spot Weakness+1","Havoc+1"],"picked":"Dual Wield+1","floor":28.0},{"not_picked":["Bloodletting+1","Cleave"],"picked":"Sword Boomerang","floor":28.0},{"not_picked":["Searing Blow","Headbutt"],"picked":"Disarm+1","floor":29.0},{"not_picked":["Heavy Blade","Anger","Dual Wield+1"],"picked":"SKIP","floor":29.0},{"not_picked":["Heavy Blade","Anger","Dual Wield+1"],"picked":"SKIP","floor":29.0},{"not_picked":["Berserk+1","Fiend Fire"],"picked":"Reaper","floor":30.0},{"not_picked":["Wild Strike","Havoc+1"],"picked":"Shrug It Off+1","floor":31.0},{"not_picked":["Dropkick","Thunderclap","Clash"],"picked":"SKIP","floor":31.0},{"not_picked":["Demon Form+1","Juggernaut+1"],"picked":"Offering+1","floor":33.0},{"not_picked":["Clothesline","Wild Strike"],"picked":"Dark Embrace+1","floor":35.0},{"not_picked":["Havoc+1","Headbutt","Armaments+1"],"picked":"SKIP","floor":35.0},{"not_picked":["Secret Weapon+1","The Bomb+1"],"picked":"Purity+1","floor":36.0},{"not_picked":["Violence+1","Forethought+1"],"picked":"Purity+1","floor":36.0},{"not_picked":["Twin Strike","Clash+1"],"picked":"Ghostly Armor+1","floor":38.0},{"not_picked":["Dropkick","Thunderclap","Entrench+1"],"picked":"SKIP","floor":38.0},{"not_picked":["Wild Strike+1","Thunderclap"],"picked":"Battle Trance+1","floor":41.0},{"not_picked":["Havoc+1","Hemokinesis+1"],"picked":"Demon Form+1","floor":45.0},{"not_picked":["Flex+1","Wild Strike+1","Sentinel+1"],"picked":"SKIP","floor":47.0},{"not_picked":["Havoc+1","Perfected Strike+1"],"picked":"Disarm+1","floor":48.0},{"not_picked":["Perfected Strike+1","Entrench+1"],"picked":"Uppercut+1","floor":48.0},{"not_picked":["Warcry+1","Anger+1","Pummel+1"],"picked":"SKIP","floor":55}],"player_experience":5338150,"relics_obtained":[{"floor":7.0,"key":"Ornamental Fan"},{"floor":9.0,"key":"White Beast Statue"},{"floor":13.0,"key":"Frozen Egg 2"},{"floor":17.0,"key":"Akabeko"},{"floor":17.0,"key":"Toxic Egg 2"},{"floor":17.0,"key":"CaptainsWheel"},{"floor":24.0,"key":"Prayer Wheel"},{"floor":26.0,"key":"Du-Vu Doll"},{"floor":30.0,"key":"Thread and Needle"},{"floor":41.0,"key":"Bag of Marbles"},{"floor":45.0,"key":"Molten Egg 2"},{"floor":46.0,"key":"The Courier"},{"floor":47.0,"key":"Lantern"},{"floor":55,"key":"Unceasing Top"}],"event_choices":[{"damage_healed":0.0,"max_hp_gain":0.0,"max_hp_loss":0.0,"gold_gain":75.0,"event_name":"World of Goop","player_choice":"Gather Gold","floor":2.0,"gold_loss":0.0,"damage_taken":11.0},{"cards_removed":["Disarm"],"damage_healed":58.0,"max_hp_gain":0.0,"max_hp_loss":0.0,"gold_gain":0.0,"event_name":"Bonfire Elementals","player_choice":"Offered Uncommon","floor":10.0,"gold_loss":0.0,"damage_taken":0.0},{"damage_healed":0.0,"max_hp_gain":0.0,"max_hp_loss":0.0,"gold_gain":0.0,"event_name":"The Mausoleum","player_choice":"Ignored","floor":20.0,"gold_loss":0.0,"damage_taken":0.0},{"damage_healed":0.0,"max_hp_gain":0.0,"max_hp_loss":0.0,"gold_gain":0.0,"event_name":"SensoryStone","player_choice":"Memory 2","floor":36.0,"gold_loss":0.0,"damage_taken":5.0},{"damage_healed":0.0,"max_hp_gain":0.0,"max_hp_loss":0.0,"gold_gain":0.0,"event_name":"Duplicator","player_choice":"Copied","floor":37.0,"gold_loss":0.0,"damage_taken":0.0,"cards_obtained":["Feel No Pain"]},{"damage_healed":0.0,"max_hp_gain":0.0,"max_hp_loss":0.0,"gold_gain":0.0,"event_name":"Tomb of Lord Red Mask","player_choice":"Paid","floor":44.0,"gold_loss":76.0,"damage_taken":0.0,"relics_obtained":["Red Mask"]}],"is_beta":false,"boss_relics":[{"not_picked":["Runic Dome","Sozu"],"picked":"Calling Bell"},{"not_picked":["Runic Pyramid","Black Star"],"picked":"Coffee Dripper"}],"items_purged_floors":[39],"is_endless":false,"potions_floor_spawned":[1,8,11,12,13,14,16,18,19,21,24,28,29,30,31,33,35,38,41,45,47,48,55],"ascension_level":20}}