{"host":"q0qnzbgdx8oqogg9","time":1613334142,"event":{"mods":["BaseMod","Minty Spire (QoL Compilation)","StSLib"],"gold_per_floor":[116,116,41,59,75,107,117,117,141,141,155,155,189,189,189,266,266,284,334,350,10,29,29,48,62,140,159,159,76,104,120,120,120,120],"floor_reached":33,"language":"ENG","playtime":1485,"items_purged":["Regret"],"score":502,"play_id":"ac2e8d51-3656-4cb3-8ee2-d08f1cbcb298","local_time":"20210214152222","is_ascension_mode":true,"campfire_choices":[{"data":"Defragment","floor":8,"key":"SMITH"},{"data":"Coolheaded","floor":10,"key":"SMITH"},{"floor":12,"key":"REST"},{"floor":15,"key":"REST"},{"floor":23,"key":"REST"},{"floor":28,"key":"REST"},{"floor":32,"key":"REST"}],"circlet_count":0,"master_deck":["AscendersBane","Strike_B","Strike_B","Defend_B","Defend_B","Defend_B","Defend_B","Zap+1","Dualcast","Coolheaded+1","Gash","Streamline","Defragment+1","Coolheaded","Hologram","FTL","Reinforced Body","All For One","Go for the Eyes","Sweeping Beam+1","Flash of Steel","BootSequence","Coolheaded+1","Defragment","Capacitor","Defragment","Storm","FTL","Tempest","Steam Power+1"],"relics":["Cracked Core","Gambling Chip","Boot","Dream Catcher","Oddly Smooth Stone","Empty Cage","Chemical X","Mummified Hand","Omamori"],"acts_visited":["Exordium","TheCity"],"potions_floor_usage":[13,31,33],"damage_taken":[{"damage":3,"enemies":"Small Slimes","floor":1,"turns":4},{"damage":2,"enemies":"Jaw Worm","floor":4,"turns":3},{"damage":0,"enemies":"Cultist","floor":5,"turns":3},{"damage":26,"enemies":"Lagavulin","floor":6,"turns":8},{"damage":1,"enemies":"3 Louse","floor":7,"turns":3},{"damage":27,"enemies":"Large Slime","floor":11,"turns":6},{"damage":22,"enemies":"Gremlin Nob","floor":13,"turns":4},{"damage":15,"enemies":"Slime Boss","floor":16,"turns":12},{"damage":17,"enemies":"Shell Parasite","floor":18,"turns":6},{"damage":0,"enemies":"Spheric Guardian","floor":20,"turns":5},{"damage":13,"enemies":"Cultist and Chosen","floor":22,"turns":6},{"damage":9,"enemies":"Snake Plant","floor":24,"turns":5},{"damage":6,"enemies":"Centurion and Healer","floor":25,"turns":8},{"damage":0,"enemies":"Cultist and Chosen","floor":27,"turns":6},{"damage":10,"enemies":"Slavers","floor":30,"turns":7},{"damage":16,"enemies":"Snake Plant","floor":31,"turns":5},{"damage":48,"enemies":"Automaton","floor":33,"turns":10}],"seed_played":"-3798913088904577937","potions_obtained":[{"floor":5,"key":"PowerPotion"},{"floor":6,"key":"DuplicationPotion"},{"floor":22,"key":"ColorlessPotion"},{"floor":25,"key":"PotionOfCapacity"}],"is_trial":false,"path_per_floor":["M","?","$","M","M","E","M","R","T","R","M","R","E","?","R","B",null,"M","?","M","$","M","R","M","M","T","M","R","$","E","M","R","B"],"character_chosen":"DEFECT","items_purchased":["Flash of Steel","Chemical X","BootSequence","Storm"],"campfire_rested":5,"item_purchase_floors":[21,21,21,29],"current_hp_per_floor":[61,61,61,59,59,33,32,32,32,32,5,26,4,4,25,10,56,39,39,39,39,26,47,38,32,32,32,53,53,43,27,48,0,0],"gold":120,"neow_bonus":"ONE_RARE_RELIC","is_daily":false,"chose_seed":false,"campfire_upgraded":2,"win_rate":0.0,"timestamp":1613334142,"path_taken":["M","?","$","M","M","E","M","R","T","R","M","R","E","?","R","BOSS","M","?","M","$","M","R","M","M","T","M","R","$","E","M","R","BOSS"],"items_purchased_type":["Card","Relic","Card","Card"],"build_version":"2020-12-22","purchased_purges":1,"victory":false,"max_hp_per_floor":[71,71,71,71,71,71,71,71,71,71,71,71,71,71,71,71,71,71,71,71,71,71,71,71,71,71,71,71,71,71,71,71,71,71],"card_choices":[{"not_picked":["Stack","Streamline","Hologram"],"picked":"SKIP","floor":1},{"not_picked":["Conserve Battery","BootSequence"],"picked":"Coolheaded","floor":4},{"not_picked":["Ball Lightning","Cold Snap"],"picked":"Gash","floor":5},{"not_picked":["Stack","Steam Power"],"picked":"Streamline","floor":6},{"not_picked":["Heatsinks","Double Energy"],"picked":"Defragment","floor":7},{"not_picked":["Compile Driver","Steam"],"picked":"Coolheaded","floor":11},{"not_picked":["Conserve Battery","Meteor Strike"],"picked":"Hologram","floor":12},{"not_picked":["Leap","Stack"],"picked":"FTL","floor":13},{"not_picked":["Stack","Barrage"],"picked":"Reinforced Body","floor":15},{"not_picked":["Seek","Biased Cognition"],"picked":"All For One","floor":16},{"not_picked":["Conserve Battery","Stack"],"picked":"Go for the Eyes","floor":18},{"not_picked":["Go for the Eyes","Rip and Tear"],"picked":"Sweeping Beam+1","floor":20},{"not_picked":["Sweeping Beam","Skim","Amplify"],"picked":"SKIP","floor":22},{"not_picked":["Hello World+1","Doom and Gloom"],"picked":"Coolheaded+1","floor":23},{"not_picked":["Coolheaded","Hologram","Sweeping Beam"],"picked":"SKIP","floor":24},{"not_picked":["Reprogram","Redo"],"picked":"Defragment","floor":25},{"not_picked":["Rip and Tear","Hologram"],"picked":"Capacitor","floor":27},{"not_picked":["Genetic Algorithm","Sweeping Beam"],"picked":"Defragment","floor":28},{"not_picked":["Beam Cell","Chaos+1"],"picked":"FTL","floor":30},{"not_picked":["Skim","Redo"],"picked":"Tempest","floor":31},{"not_picked":["Turbo","Streamline"],"picked":"Steam Power+1","floor":32}],"player_experience":374525,"relics_obtained":[{"floor":6,"key":"Boot"},{"floor":9,"key":"Dream Catcher"},{"floor":13,"key":"Oddly Smooth Stone"},{"floor":26,"key":"Mummified Hand"},{"floor":30,"key":"Omamori"}],"event_choices":[{"damage_healed":0,"gold_gain":0,"player_choice":"Grow","damage_taken":0,"max_hp_gain":0,"max_hp_loss":0,"event_name":"Living Wall","floor":2,"gold_loss":0,"cards_upgraded":["Zap"]},{"damage_healed":0,"gold_gain":0,"player_choice":"Ignored","damage_taken":0,"max_hp_gain":0,"max_hp_loss":0,"event_name":"Shining Light","floor":14,"gold_loss":0},{"damage_healed":0,"gold_gain":50,"player_choice":"Stole From Cult","damage_taken":0,"max_hp_gain":0,"max_hp_loss":0,"event_name":"Nest","floor":19,"gold_loss":0}],"is_beta":false,"boss_relics":[{"not_picked":["Snecko Eye","Busted Crown"],"picked":"Empty Cage"}],"items_purged_floors":[3],"is_endless":false,"potions_floor_spawned":[5,6,7,11,22,24,25],"killed_by":"Automaton","ascension_level":16}}