{"host":"czzthkrvfe6r7fjf","time":1613322994,"event":{"mods":["ATMod(∞¢Ë™Mod)","Act Like it!","BaseMod","Downfall","GungeonMod","Marisa£®ÏF”Í°°ƒß¿Ì…≥£©","Minty Spire (QoL Compilation)","Quick Restart","StSLib","The Servant 0.9.4","Waifu the Spire","°æπ¶ƒ‹Mod°øªÏ„Á÷Æª∑–ﬁ∏¥≤π∂°"],"gold_per_floor":[114,132,132,143,68,102,277,227,275,293,327,347,347,372,372,492,492,529,615,530,597,194,251,315,315,315,315,421,421,531,95,95,225,225,269,269,269,119,256,308,347,172,196,254,254,289,289,383,383,508],"floor_reached":51,"language":"ZHS","playtime":1887,"items_purged":["Strike_MRS","Strike_MRS","downfall:Bewildered","Defend_MRS","Strike_MRS"],"score":1512,"play_id":"3bc9f1a1-83a9-4fc0-b1e7-7fda2ab13a6f","local_time":"20210215011634","is_ascension_mode":true,"campfire_choices":[{"data":"AT_Desolate","floor":13.0,"key":"SMITH"},{"data":"BlazeAway","floor":15.0,"key":"SMITH"},{"floor":25.0,"key":"REST"},{"floor":27.0,"key":"REST"},{"data":"MagicChant","floor":32.0,"key":"SMITH"},{"data":"AT_EmpoweredMortalDraw","floor":47,"key":"SMITH"},{"data":"Acceleration","floor":49,"key":"SMITH"}],"circlet_count":0,"master_deck":["AscendersBane","Strike_MRS","Defend_MRS","Defend_MRS","Defend_MRS","MasterSpark","UpSweep","AT_Desolate+1","Acceleration+1","StarBarrage","GrandCross","TreasureHunter","MysteriousBeam","PropBag","BlazeAway+1","AT_EmpoweredMortalDraw+1","SporeBomb+1","MagicChant+1","CurseOfTheBell","MeteoricShower+1","EarthLightRay+1"],"relics":["MiniHakkero","AT_ATBox","NeowsBlessing","CultistMask","AT_ArcaneBoots","Vajra","Pantograph","AT_MibuBalloonWealth","AT_MortalBlade","Bag of Preparation","DemoMod:WeirdEgg","Oddly Smooth Stone","AT_GuinsooRageblade","DemoMod:PoisonVial","DemoMod:DecoyRelic","MealTicket","sneckomod:BabySnecko","DemoMod:Metronome","SimpleLauncher","Calling Bell","Regal Pillow","HornCleat","Mango","Centennial Puzzle","DemoMod:GreenGuonStone","Anchor","CaptainsWheel","Bottled Lightning"],"acts_visited":["Exordium","TheCity","TheBeyond"],"potions_floor_usage":[50,50],"damage_taken":[{"damage":0.0,"enemies":"Cultist","floor":1.0,"turns":1.0},{"damage":0.0,"enemies":"2 Louse","floor":2.0,"turns":1.0},{"damage":0.0,"enemies":"Jaw Worm","floor":4.0,"turns":1.0},{"damage":3.0,"enemies":"Lagavulin","floor":6.0,"turns":4.0},{"damage":5.0,"enemies":"2 Fungi Beasts","floor":10.0,"turns":3.0},{"damage":15.0,"enemies":"Gremlin Nob","floor":11.0,"turns":3.0},{"damage":8.0,"enemies":"Blue Slaver","floor":12.0,"turns":2.0},{"damage":10.0,"enemies":"Lagavulin","floor":14.0,"turns":5.0},{"damage":23.0,"enemies":"Hexaghost","floor":16.0,"turns":4.0},{"damage":0.0,"enemies":"Chosen","floor":18.0,"turns":3.0},{"damage":11.0,"enemies":"3 Byrds","floor":19.0,"turns":3.0},{"damage":18.0,"enemies":"Shelled Parasite and Fungi","floor":21.0,"turns":2.0},{"damage":25.0,"enemies":"Book of Stabbing","floor":23.0,"turns":4.0},{"damage":5.0,"enemies":"Chosen and Byrds","floor":24.0,"turns":2.0},{"damage":0.0,"enemies":"Slavers","floor":28.0,"turns":1.0},{"damage":0.0,"enemies":"Gremlin Leader","floor":30.0,"turns":2.0},{"damage":25,"enemies":"Champ","floor":33,"turns":5},{"damage":2,"enemies":"Orb Walker","floor":35,"turns":2},{"damage":16,"enemies":"3 Darklings","floor":39,"turns":3},{"damage":0,"enemies":"Nemesis","floor":40,"turns":3},{"damage":0,"enemies":"Writhing Mass","floor":41,"turns":3},{"damage":0,"enemies":"Giant Head","floor":44,"turns":3},{"damage":0,"enemies":"Maw","floor":46,"turns":1},{"damage":0,"enemies":"Jaw Worm Horde","floor":48,"turns":1},{"damage":10,"enemies":"Awakened One","floor":50,"turns":4}],"seed_played":"-1063331665863547817","potions_obtained":[{"floor":1.0,"key":"SkillPotion"},{"floor":2.0,"key":"bronze:BurnAndBuffPotion"},{"floor":11.0,"key":"StarNLove"},{"floor":12.0,"key":"Fire Potion"},{"floor":16.0,"key":"BottledSpark"},{"floor":19.0,"key":"LiquidMemories"},{"floor":24.0,"key":"SmokeBomb"},{"floor":40,"key":"Guardian:BlockOnCardUsePotion"}],"is_trial":false,"path_per_floor":["M","M","?","M","$","E","?","?","T","M","E","M","R","E","R","B",null,"M","M","?","M","$","E","M","R","T","R","E","?","E","$","R","B",null,"M","?","?","$","M","E","M","$","T","E","T","M","R","M","R","B",null],"character_chosen":"MARISA","items_purchased":["DemoMod:WeirdEgg","Oddly Smooth Stone","SimpleLauncher"],"campfire_rested":2,"item_purchase_floors":[22,22,31],"current_hp_per_floor":[68,68,68,68,68,65,65,65,65,60,45,37,37,27,27,29,64,64,53,53,35,35,10,5,27,27,49,49,49,49,64,64,50,83,81,81,81,85,69,69,69,84,84,85,85,85,85,85,85,75],"gold":508,"neow_bonus":"THREE_ENEMY_KILL","is_daily":false,"chose_seed":false,"campfire_upgraded":5,"win_rate":0.0,"timestamp":1613322994,"path_taken":["M","M","?","?","$","E","?","?","T","M","E","M","R","E","R","BOSS","M","M","?","M","$","E","M","R","T","R","E","?","E","$","R","BOSS","M","?","?","$","?","E","?","$","T","E","?","M","R","M","R","BOSS"],"items_purchased_type":["Relic","Relic","Relic"],"build_version":"2020-12-22","purchased_purges":5,"victory":true,"max_hp_per_floor":[75,75,75,75,75,75,75,75,75,75,75,75,75,75,75,75,75,75,75,75,75,75,75,75,75,75,75,75,75,75,75,75,75,89,89,85,85,85,85,85,85,85,85,85,85,85,85,85,85,85],"card_choices":[{"not_picked":["AlicesGift","OrrerysSun"],"picked":"Acceleration","floor":1.0},{"not_picked":["EarthLightRay","LuminesStrike"],"picked":"StarBarrage","floor":2.0},{"not_picked":["EnergyFlow","FairyDestructionRay"],"picked":"GrandCross","floor":4.0},{"not_picked":["MysteriousBeam","WitchLeyline"],"picked":"TreasureHunter","floor":6.0},{"not_picked":["MagicAbsorber","GalacticHalo"],"picked":"MysteriousBeam","floor":10.0},{"not_picked":["BlazeAway","GalacticHalo"],"picked":"PropBag","floor":11.0},{"not_picked":["GravityBeat","DoubleSpark"],"picked":"BlazeAway","floor":12.0},{"not_picked":["Occultation","WitchLeyline","LuminesStrike"],"picked":"SKIP","floor":14.0},{"not_picked":["WitchOfGreed","MysteriousBeam"],"picked":"SporeBomb+1","floor":18.0},{"not_picked":["MilkyWay","PulseMagic+1"],"picked":"MagicChant","floor":19.0},{"not_picked":["IllusionStar+1","OortCloud+1","Acceleration"],"picked":"SKIP","floor":21.0},{"not_picked":["StarDustReverie","NonDirectionalLaser","GrandCross"],"picked":"SKIP","floor":23.0},{"not_picked":["ShootingEcho","Robbery","WitchLeyline"],"picked":"SKIP","floor":24.0},{"not_picked":["DC","DarkMatter","AlicesGift"],"picked":"SKIP","floor":28.0},{"not_picked":["GasGiant+1","FairyDestructionRay","MeteoricShower"],"picked":"SKIP","floor":30.0},{"not_picked":["MagicChant","PowerUp+1","UnstableBomb"],"picked":"SKIP","floor":35},{"not_picked":["UnstableBomb+1","Orbital","GravityBeat"],"picked":"SKIP","floor":39},{"not_picked":["MilkyWay","RefractionSpark"],"picked":"MeteoricShower+1","floor":40},{"not_picked":["FairyDestructionRay+1","MilkyWay+1"],"picked":"EarthLightRay+1","floor":41},{"not_picked":["OrrerysSun","OneTimeOff","WitchLeyline+1"],"picked":"SKIP","floor":44},{"not_picked":["Robbery","WitchOfGreed","6A"],"picked":"SKIP","floor":46},{"not_picked":["ChargeUpSpray","EscapeVelocity","UnstableBomb+1"],"picked":"SKIP","floor":48}],"player_experience":223673,"relics_obtained":[{"floor":6.0,"key":"AT_SpeedBoots"},{"floor":9.0,"key":"Vajra"},{"floor":11.0,"key":"Pantograph"},{"floor":14.0,"key":"AT_MibuBalloonWealth"},{"floor":23.0,"key":"AT_GuinsooRageblade"},{"floor":23.0,"key":"DemoMod:PoisonVial"},{"floor":26.0,"key":"DemoMod:DecoyRelic"},{"floor":28.0,"key":"MealTicket"},{"floor":30.0,"key":"DemoMod:Metronome"},{"floor":34,"key":"Regal Pillow"},{"floor":34,"key":"HornCleat"},{"floor":34,"key":"Mango"},{"floor":40,"key":"DemoMod:GreenGuonStone"},{"floor":43,"key":"Anchor"},{"floor":44,"key":"CaptainsWheel"},{"floor":45,"key":"Bottled Lightning"}],"event_choices":[{"damage_healed":0.0,"max_hp_gain":0.0,"max_hp_loss":0.0,"gold_gain":0.0,"event_name":"FaceTrader","player_choice":"Trade","floor":3.0,"gold_loss":0.0,"damage_taken":0.0,"relics_obtained":["CultistMask"]},{"damage_healed":0.0,"max_hp_gain":0.0,"max_hp_loss":0.0,"gold_gain":175.0,"event_name":"Liars Game","player_choice":"AGREE","floor":7.0,"gold_loss":0.0,"damage_taken":0.0,"cards_obtained":["Doubt"]},{"cards_removed":["Doubt"],"damage_healed":0.0,"max_hp_gain":0.0,"max_hp_loss":0.0,"gold_gain":0.0,"event_name":"The Cleric","player_choice":"Card Removal","floor":8.0,"gold_loss":50.0,"damage_taken":0.0},{"damage_healed":0.0,"max_hp_gain":0.0,"max_hp_loss":0.0,"gold_gain":0.0,"event_name":"Addict","player_choice":"Obtained Relic","floor":20.0,"gold_loss":85.0,"damage_taken":0.0,"relics_obtained":["Bag of Preparation"]},{"damage_healed":0,"gold_gain":0,"player_choice":"Max HP","damage_taken":0,"max_hp_gain":0,"max_hp_loss":4,"event_name":"Winding Halls","floor":36,"gold_loss":0},{"damage_healed":0,"gold_gain":0,"player_choice":"Gave Potion","damage_taken":0,"relics_obtained":["Centennial Puzzle"],"max_hp_gain":0,"max_hp_loss":0,"event_name":"WeMeetAgain","floor":37,"gold_loss":0}],"is_beta":false,"boss_relics":[{"not_picked":["Astrolabe","Runic Dome"],"picked":"AT_MortalBlade"},{"not_picked":["Philosopher\u0027s Stone","Velvet Choker"],"picked":"Calling Bell"}],"items_purged_floors":[5,22,31,38,42],"is_endless":false,"potions_floor_spawned":[1,2,11,12,14,16,19,24,28,33,35,40,44,48],"ascension_level":10}}