{"host":"3498uni0c31c9bdm","time":1613331547,"event":{"mods":["BaseMod","Better Match","Better Note","Better Sensory Stone","Better Skull","Better Third Choice","Colored Map","Minty Spire (QoL Compilation)","Quick Restart","RNG Fix","Random Character Button","Replay The Spire","Shop Mod","Smile Girya","StSLib","Unceasing Turn Reminder"],"gold_per_floor":[111,111,36,52,63,63,91,91,91,111,111,121,121,121,121,223,223,239,259,259,259,28,57,57,67,67,67,67,67,118,138,138,138,138],"floor_reached":33,"language":"ENG","playtime":1360,"items_purged":[],"score":446,"play_id":"0258d71c-e3d8-4f99-95ac-80266e562589","local_time":"20210215063907","is_ascension_mode":true,"campfire_choices":[{"data":"Armaments","floor":6,"key":"SMITH"},{"floor":11,"key":"REST"},{"floor":13,"key":"REST"},{"floor":15,"key":"RECALL"},{"floor":24,"key":"REST"},{"floor":27,"key":"REST"},{"floor":32,"key":"REST"}],"circlet_count":0,"master_deck":["AscendersBane","Strike_R","Strike_R","Strike_R","Strike_R","Strike_R","Defend_R","Defend_R","Defend_R","Defend_R","Bash","Defend_G","Defend_R","Crow Ritual","Flex","Rupture","ReplayTheSpireMod:Uncanny Aura","Heavy Blade","Armaments+1","Shockwave","Rupture","Heavy Blade","Reaper","Power Through","Pommel Strike","Crow Ritual","ReplayTheSpireMod:Muscle Training","Fire Breathing","Rage+1","ReplayTheSpireMod:Splinters","Iron Wave+1","Thunderclap"],"relics":["Burning Blood","WarpedTongs","Self Forming Clay","Mirror","Lantern","Ooze Armor","King of Hearts","HornCleat","Replay:Towering Pillar of Hats"],"acts_visited":["Exordium","TheCity"],"potions_floor_usage":[16,19,23,33],"damage_taken":[{"damage":3,"enemies":"Small Slimes","floor":1,"turns":4},{"damage":18,"enemies":"Jaw Worm","floor":4,"turns":5},{"damage":1,"enemies":"2 Louse","floor":5,"turns":3},{"damage":38,"enemies":"3 Sentries","floor":7,"turns":8},{"damage":13,"enemies":"Looter","floor":10,"turns":4},{"damage":10,"enemies":"Blue Slaver","floor":12,"turns":5},{"damage":42,"enemies":"Fading Forest","floor":16,"turns":11},{"damage":28,"enemies":"Shell Parasite","floor":18,"turns":8},{"damage":25,"enemies":"3 Byrds","floor":19,"turns":8},{"damage":28,"enemies":"Slavers","floor":23,"turns":8},{"damage":23,"enemies":"Shelled Parasite and Fungi","floor":25,"turns":9},{"damage":63,"enemies":"3 Cultists","floor":31,"turns":7},{"damage":60,"enemies":"Automaton","floor":33,"turns":6}],"seed_played":"-6405913244667553626","potions_obtained":[{"floor":7,"key":"Venom Potion"},{"floor":10,"key":"Weak Potion"},{"floor":16,"key":"Block Potion"},{"floor":25,"key":"Adrenaline Potion"},{"floor":30,"key":"SkillPotion"}],"is_trial":false,"path_per_floor":["M","?","?","M","M","R","E","T","T","M","R","M","R","$","R","B",null,"M","M","?","?","$","E","R","M","T","R","?","$","?","M","R","B"],"character_chosen":"IRONCLAD","items_purchased":["ReplayTheSpireMod:Muscle Training","King of Hearts"],"campfire_rested":5,"item_purchase_floors":[22,22],"current_hp_per_floor":[75,75,75,63,68,68,36,36,36,29,53,49,73,73,73,63,76,64,45,45,45,45,31,55,38,38,62,62,62,62,20,44,0,0],"gold":138,"neow_bonus":"RANDOM_COLORLESS_2","is_daily":false,"chose_seed":false,"campfire_upgraded":1,"win_rate":0.0,"timestamp":1613331547,"path_taken":["M","?","?","?","?","R","E","?","T","M","R","?","R","$","R","BOSS","M","M","?","?","$","E","R","M","T","R","?","$","?","M","R","BOSS"],"items_purchased_type":["Card","Relic"],"build_version":"2020-12-22","purchased_purges":0,"victory":false,"max_hp_per_floor":[80,80,80,80,80,80,80,80,80,80,80,80,80,80,80,80,80,80,80,80,80,80,80,80,80,80,80,80,80,80,80,80,80,80],"card_choices":[{"not_picked":["Transmutation","Metamorphosis"],"picked":"Crow Ritual","floor":0},{"not_picked":["True Grit","Clash"],"picked":"Flex","floor":1},{"not_picked":["Battle Trance","Rampage"],"picked":"Rupture","floor":3},{"not_picked":["ReplayTheSpireMod:Trickstab","Blind"],"picked":"ReplayTheSpireMod:Uncanny Aura","floor":3},{"not_picked":["Replay:Undeath\u0027s Touch","Anger"],"picked":"Heavy Blade","floor":4},{"not_picked":["ReplayTheSpireMod:Muscle Training","Demonic Infusion"],"picked":"Armaments","floor":5},{"not_picked":["Reckless Charge","Demonic Infusion"],"picked":"Shockwave","floor":7},{"not_picked":["Flex","Shrug It Off"],"picked":"Rupture","floor":10},{"not_picked":["ReplayTheSpireMod:Strike From Hell","Sever Soul"],"picked":"Heavy Blade","floor":12},{"not_picked":["Corruption","Eclipse"],"picked":"Reaper","floor":16},{"not_picked":["Replay:Undeath\u0027s Touch","Sever Soul"],"picked":"Power Through","floor":18},{"not_picked":["Defy Death+1","Body Slam+1"],"picked":"Pommel Strike","floor":19},{"not_picked":["Feel No Pain","Ghostly Armor"],"picked":"Fire Breathing","floor":23},{"not_picked":["Metallicize","Headbutt"],"picked":"Rage+1","floor":25},{"not_picked":["Twin Strike","Body Slam"],"picked":"Iron Wave+1","floor":30},{"not_picked":["Berserk","Cleave"],"picked":"Thunderclap","floor":31}],"player_experience":906532,"relics_obtained":[{"floor":7,"key":"Self Forming Clay"},{"floor":8,"key":"Mirror"},{"floor":9,"key":"Lantern"},{"floor":23,"key":"HornCleat"},{"floor":26,"key":"Replay:Towering Pillar of Hats"}],"event_choices":[{"damage_healed":0,"gold_gain":0,"player_choice":"Rummage","damage_taken":0,"relics_obtained":["WarpedTongs"],"max_hp_gain":0,"max_hp_loss":0,"event_name":"Accursed Blacksmith","floor":2,"gold_loss":0,"cards_obtained":["Pain"]},{"damage_healed":0,"gold_gain":0,"player_choice":"1","damage_taken":0,"max_hp_gain":0,"max_hp_loss":0,"event_name":"betterMatch:BetterMatch","floor":3,"gold_loss":0,"cards_obtained":["betterMatch:UncommonCard","betterMatch:ColorlessUncommonCard"]},{"cards_removed":["Pain"],"damage_healed":0,"gold_gain":0,"player_choice":"Removed Curses","damage_taken":0,"max_hp_gain":0,"max_hp_loss":0,"event_name":"Fountain of Cleansing","floor":20,"gold_loss":0},{"damage_healed":0,"gold_gain":0,"player_choice":"Copied","damage_taken":0,"max_hp_gain":0,"max_hp_loss":0,"event_name":"Duplicator","floor":21,"gold_loss":0,"cards_obtained":["Crow Ritual"]},{"damage_healed":0,"gold_gain":0,"player_choice":"Ignored","damage_taken":0,"max_hp_gain":0,"max_hp_loss":0,"event_name":"Vampires","floor":28,"gold_loss":0}],"is_beta":false,"boss_relics":[{"not_picked":["Replay:Grab Bag","Replay:Drink Me"],"picked":"Ooze Armor"}],"items_purged_floors":[],"is_endless":false,"potions_floor_spawned":[7,10,16,25],"killed_by":"Automaton","ascension_level":11}}