{"host":"ptk1shuto3uimndw","time":1613332786,"event":{"mods":["AchievementEnabler","BaseMod","Bestiary","Colored Map","Colored Powertips","Curses Come First","Minty Spire (QoL Compilation)","Quick Restart","Rare Cards Sparkle","Relic Stats","StSLib","Uncapped"],"gold_per_floor":[113,132,207,224,224,267,267,288,288,332,332,375,230,273,273,401,401,476,50,50,66,66,99,99,99,125,125,125,213,9,25,25,129,129,146,162,25,25,25,25,25,83,83,99,129,54,99,149,149,149],"floor_reached":51,"language":"ENG","playtime":1406,"items_purged":["Strike_P","Strike_P","Strike_P","Defend_P"],"score":1413,"play_id":"03bfbb3d-d9a6-41b2-b165-4b9ea553732f","local_time":"20210214205946","is_ascension_mode":true,"campfire_choices":[{"floor":7.0,"key":"REST"},{"data":"CarveReality","floor":11.0,"key":"SMITH"},{"data":"Wish","floor":15,"key":"SMITH"},{"data":"Apotheosis","floor":25,"key":"SMITH"},{"data":"Wish","floor":27,"key":"SMITH"},{"data":"FlurryOfBlows","floor":32,"key":"SMITH"},{"data":"Tantrum","floor":40,"key":"SMITH"},{"floor":49,"key":"REST"}],"circlet_count":0,"master_deck":["AscendersBane","Defend_P+1","Eruption","Vigilance","EmptyBody","Tantrum+1","SashWhip","EmptyBody+1","CutThroughFate+1","CarveReality+1","Wish+1","Conclude","FlurryOfBlows+1","Wish+1","Blasphemy+1","CarveReality+1","WheelKick+1","Apotheosis+1","EmptyBody+1","ThirdEye+1","LessonLearned","ClearTheMind+1","Flash of Steel","FlurryOfBlows+1","Vault+1"],"relics":["Runic Dome","Bloody Idol","Matryoshka","Tiny Chest","Mummified Hand","FossilizedHelix","Eternal Feather","Strawberry","Astrolabe","Kunai","Regal Pillow","Toxic Egg 2","MealTicket","Potion Belt","Boot","Membership Card","VioletLotus","Vajra","White Beast Statue","Letter Opener","Mercury Hourglass","Calipers"],"acts_visited":["Exordium","TheCity","TheBeyond"],"potions_floor_usage":[12,16,42,50,50,50,50,50,50,50],"damage_taken":[{"damage":0.0,"enemies":"Cultist","floor":1.0,"turns":4.0},{"damage":0.0,"enemies":"2 Louse","floor":2.0,"turns":4.0},{"damage":5.0,"enemies":"Jaw Worm","floor":4.0,"turns":3.0},{"damage":44.0,"enemies":"Gremlin Nob","floor":6.0,"turns":4.0},{"damage":2.0,"enemies":"3 Louse","floor":8.0,"turns":5.0},{"damage":3.0,"enemies":"Lagavulin","floor":10.0,"turns":5.0},{"damage":0,"enemies":"3 Sentries","floor":12,"turns":3},{"damage":0,"enemies":"Lagavulin","floor":14,"turns":3},{"damage":12,"enemies":"Hexaghost","floor":16,"turns":7},{"damage":20,"enemies":"2 Thieves","floor":18,"turns":3},{"damage":0,"enemies":"Shell Parasite","floor":21,"turns":3},{"damage":37,"enemies":"Book of Stabbing","floor":23,"turns":6},{"damage":31,"enemies":"Slavers","floor":29,"turns":8},{"damage":6,"enemies":"Shelled Parasite and Fungi","floor":31,"turns":5},{"damage":20,"enemies":"Champ","floor":33,"turns":11},{"damage":0,"enemies":"Orb Walker","floor":35,"turns":2},{"damage":10,"enemies":"3 Shapes","floor":36,"turns":3},{"damage":0,"enemies":"Reptomancer","floor":42,"turns":3},{"damage":0,"enemies":"Spire Growth","floor":44,"turns":1},{"damage":0,"enemies":"Giant Head","floor":45,"turns":5},{"damage":44,"enemies":"Writhing Mass","floor":47,"turns":4},{"damage":0,"enemies":"Mind Bloom Boss Battle","floor":48,"turns":3},{"damage":0,"enemies":"Donu and Deca","floor":50,"turns":5}],"seed_played":"9088034931138159495","potions_obtained":[{"floor":6.0,"key":"ColorlessPotion"},{"floor":8.0,"key":"DistilledChaos"},{"floor":10.0,"key":"EssenceOfSteel"},{"floor":12,"key":"Dexterity Potion"},{"floor":14,"key":"PowerPotion"},{"floor":16,"key":"SpeedPotion"},{"floor":31,"key":"Ambrosia"},{"floor":33,"key":"Strength Potion"},{"floor":35,"key":"DistilledChaos"},{"floor":42,"key":"SpeedPotion"},{"floor":44,"key":"Strength Potion"},{"floor":45,"key":"EntropicBrew"}],"is_trial":false,"path_per_floor":["M","M","?","M","?","E","R","M","T","E","R","E","$","E","R","B",null,"M","$","?","M","T","E","?","R","T","R","?","E","$","M","R","B",null,"M","M","$","?","T","R","?","E","T","M","E","$","M","?","R","B",null],"character_chosen":"WATCHER","items_purchased":["Conclude","Kunai","Apotheosis","Membership Card","Vajra"],"campfire_rested":2,"item_purchase_floors":[13,19,19,30,37],"current_hp_per_floor":[65,65,54,49,49,5,25,23,23,20,20,20,20,27,36,24,62,42,42,74,74,74,37,37,49,49,61,61,45,60,59,71,56,70,74,69,74,74,74,74,74,74,74,74,74,74,40,45,74,74],"gold":149,"neow_bonus":"BOSS_RELIC","is_daily":false,"chose_seed":false,"campfire_upgraded":6,"win_rate":0.0,"timestamp":1613332786,"path_taken":["M","M","?","M","?","E","R","M","T","E","R","E","?","E","R","BOSS","M","$","?","?","?","E","?","R","T","R","?","E","$","M","R","BOSS","M","M","$","?","?","R","?","E","T","M","E","$","?","?","R","BOSS"],"items_purchased_type":["Card","Relic","Card","Relic","Relic"],"build_version":"2020-12-22","purchased_purges":4,"victory":true,"max_hp_per_floor":[72,72,72,72,67,67,67,67,67,67,67,67,67,74,74,74,74,74,74,74,74,74,74,74,74,74,74,74,74,74,74,74,74,74,74,74,74,74,74,74,74,74,74,74,74,74,74,74,74,74],"relic_stats":{"Regal Pillow":0,"counters":[23,100],"Astrolabe":["Pray","Blasphemy","CarveReality"],"Eternal Feather":60,"Letter Opener":[20],"Boot":[26],"Mercury Hourglass":[60],"Mummified Hand":[1],"Bloody Idol":49,"Tiny Chest":2,"MealTicket":20,"VioletLotus":[7],"Kunai":[35],"obtain_stats":[{"Potion Belt":26,"Regal Pillow":22,"Calipers":48,"Golden Idol":5,"Astrolabe":17,"Vajra":37,"Eternal Feather":12,"Letter Opener":42,"Boot":29,"White Beast Statue":39,"Mercury Hourglass":43,"Runic Dome":0,"Matryoshka":6,"Mummified Hand":9,"Strawberry":14,"Bloody Idol":28,"Tiny Chest":9,"MealTicket":23,"VioletLotus":34,"Kunai":19,"Membership Card":30,"PureWater":0,"Toxic Egg 2":22,"FossilizedHelix":10},{"Potion Belt":12,"Regal Pillow":11,"Calipers":22,"Golden Idol":3,"Astrolabe":9,"Vajra":17,"Eternal Feather":7,"Letter Opener":18,"Boot":13,"White Beast Statue":17,"Mercury Hourglass":18,"Runic Dome":0,"Matryoshka":4,"Mummified Hand":5,"Strawberry":8,"Bloody Idol":12,"Tiny Chest":5,"MealTicket":12,"VioletLotus":15,"Kunai":10,"Membership Card":13,"PureWater":0,"Toxic Egg 2":11,"FossilizedHelix":6},{"Potion Belt":50,"Regal Pillow":44,"Calipers":95,"Golden Idol":11,"Astrolabe":38,"Vajra":79,"Eternal Feather":28,"Letter Opener":82,"Boot":58,"White Beast Statue":79,"Mercury Hourglass":82,"Runic Dome":0,"Matryoshka":15,"Mummified Hand":20,"Strawberry":31,"Bloody Idol":50,"Tiny Chest":20,"MealTicket":50,"VioletLotus":74,"Kunai":41,"Membership Card":58,"PureWater":0,"Toxic Egg 2":44,"FossilizedHelix":25}]},"card_choices":[{"not_picked":["Prostrate","Perseverance"],"picked":"EmptyBody","floor":1.0},{"not_picked":["Indignation","CrushJoints"],"picked":"Tantrum","floor":2.0},{"not_picked":["JustLucky","WindmillStrike"],"picked":"SashWhip","floor":4.0},{"not_picked":["Tantrum","JustLucky"],"picked":"EmptyBody","floor":6.0},{"not_picked":["MentalFortress","WaveOfTheHand"],"picked":"CutThroughFate","floor":8.0},{"not_picked":["DeceiveReality","ClearTheMind"],"picked":"CarveReality","floor":10.0},{"not_picked":["DeceiveReality","FlyingSleeves"],"picked":"Wish","floor":12},{"not_picked":["BowlingBash","SignatureMove"],"picked":"FlurryOfBlows","floor":14},{"not_picked":["Ragnarok","MasterReality"],"picked":"Wish","floor":16},{"not_picked":["Perseverance+1","PathToVictory"],"picked":"WheelKick+1","floor":18},{"not_picked":["Study+1","Vengeance","Wireheading"],"picked":"SKIP","floor":21},{"not_picked":["Wireheading","Study"],"picked":"EmptyBody+1","floor":23},{"not_picked":["Collect+1","FlyingSleeves+1"],"picked":"ThirdEye+1","floor":29},{"not_picked":["Prostrate+1","Protect+1","PathToVictory+1"],"picked":"SKIP","floor":31},{"not_picked":["Alpha+1","Devotion"],"picked":"LessonLearned","floor":33},{"not_picked":["WindmillStrike","SashWhip","Conclude+1"],"picked":"SKIP","floor":35},{"not_picked":["SashWhip","Conclude"],"picked":"ClearTheMind+1","floor":36},{"not_picked":["Madness+1","Forethought+1"],"picked":"Flash of Steel","floor":41},{"not_picked":["FollowUp+1","EmptyBody+1","Alpha+1"],"picked":"SKIP","floor":42},{"not_picked":["CutThroughFate+1","CrushJoints"],"picked":"FlurryOfBlows+1","floor":44},{"not_picked":["Meditate+1","Collect+1"],"picked":"Vault+1","floor":45},{"not_picked":["PathToVictory+1","Prostrate+1","Crescendo+1"],"picked":"SKIP","floor":47}],"player_experience":266102,"relics_obtained":[{"floor":6.0,"key":"Matryoshka"},{"floor":9.0,"key":"Tiny Chest"},{"floor":9.0,"key":"Mummified Hand"},{"floor":10.0,"key":"FossilizedHelix"},{"floor":12,"key":"Eternal Feather"},{"floor":14,"key":"Strawberry"},{"floor":22,"key":"Regal Pillow"},{"floor":22,"key":"Toxic Egg 2"},{"floor":23,"key":"MealTicket"},{"floor":26,"key":"Potion Belt"},{"floor":29,"key":"Boot"},{"floor":39,"key":"White Beast Statue"},{"floor":42,"key":"Letter Opener"},{"floor":43,"key":"Mercury Hourglass"},{"floor":48,"key":"Calipers"}],"event_choices":[{"damage_healed":0.0,"max_hp_gain":0.0,"max_hp_loss":0.0,"gold_gain":75.0,"event_name":"World of Goop","player_choice":"Gather Gold","floor":3.0,"gold_loss":0.0,"damage_taken":11.0},{"damage_healed":0.0,"max_hp_gain":0.0,"max_hp_loss":5.0,"gold_gain":0.0,"event_name":"Golden Idol","player_choice":"Lose Max HP","floor":5.0,"gold_loss":0.0,"damage_taken":0.0,"relics_obtained":["Golden Idol"]},{"cards_removed":["Pray"],"damage_healed":32,"gold_gain":0,"player_choice":"Offered Uncommon","damage_taken":0,"max_hp_gain":0,"max_hp_loss":0,"event_name":"Bonfire Elementals","floor":20,"gold_loss":0},{"damage_healed":0,"gold_gain":0,"player_choice":"Ignored","damage_taken":0,"max_hp_gain":0,"max_hp_loss":0,"event_name":"The Mausoleum","floor":24,"gold_loss":0},{"damage_healed":0,"gold_gain":0,"player_choice":"Gave Idol","damage_taken":0,"relics_obtained":["Bloody Idol"],"max_hp_gain":0,"max_hp_loss":0,"event_name":"Forgotten Altar","floor":28,"relics_lost":["Golden Idol"],"gold_loss":0},{"damage_healed":0,"gold_gain":0,"player_choice":"Forge","damage_taken":0,"max_hp_gain":0,"max_hp_loss":0,"event_name":"Accursed Blacksmith","floor":38,"gold_loss":0,"cards_upgraded":["CutThroughFate"]},{"damage_healed":0,"gold_gain":0,"player_choice":"Memory 1","damage_taken":0,"max_hp_gain":0,"max_hp_loss":0,"event_name":"SensoryStone","floor":41,"gold_loss":0},{"damage_healed":0,"gold_gain":0,"player_choice":"Fight","damage_taken":0,"max_hp_gain":0,"max_hp_loss":0,"event_name":"MindBloom","floor":48,"gold_loss":0}],"is_beta":false,"boss_relics":[{"not_picked":["Ectoplasm","Fusion Hammer"],"picked":"Astrolabe"},{"not_picked":["Velvet Choker","Black Star"],"picked":"VioletLotus"}],"items_purged_floors":[13,30,37,46],"is_endless":false,"potions_floor_spawned":[6,8,10,12,14,16,21,31,33,35,42,44,45,47,48],"ascension_level":10}}