{"host":"24j0rle15g8q9bc9","time":1613266658,"event":{"mods":["2.2 Compatiblity","Act Like it!","Bartender","BaseMod","Better Note","Colored Map","Colored Powertips","DeckTracker","Downfall","Elementarium","Hallownest","Hubris","Jorbs\u0027s Wanderer Trilogy","Minty Spire (QoL Compilation)","Rare Cards Sparkle","Remilia??????","StSLib","The Bug Knight","The Death Knight","The Necromancer","Treasure Hunter"],"gold_per_floor":[115,115,65,83,96,96,129,186,254,267,290,62,62,82,82,211,211,229,229,229,229],"floor_reached":20,"language":"ENG","playtime":834,"items_purged":[],"score":174,"play_id":"c593ee62-5b50-4d26-8c24-18538a2d8782","local_time":"20210213213738","is_ascension_mode":false,"campfire_choices":[{"data":"Static Discharge","floor":6,"key":"SMITH"},{"floor":13,"key":"REST"},{"floor":15,"key":"REST"}],"circlet_count":0,"master_deck":["Strike_B","Strike_B","Strike_B","Strike_B","Defend_B","Defend_B","Defend_B","Defend_B","Zap","Dualcast","Sweeping Beam","Heatsinks","Static Discharge+1","hubris:Ukulele","FTL","Conserve Battery","Loop","Multi-Cast","Rebound"],"relics":["Cracked Core","NeowsBlessing","Golden Idol","PreservedInsect","Philosopher\u0027s Stone","Nloth\u0027s Gift"],"acts_visited":["Exordium","TheCity"],"potions_floor_usage":[16,16],"damage_taken":[{"damage":0,"enemies":"Cultist","floor":1,"turns":1},{"damage":0,"enemies":"Jaw Worm","floor":4,"turns":1},{"damage":0,"enemies":"Small Slimes","floor":5,"turns":1},{"damage":25,"enemies":"3 Sentries","floor":7,"turns":6},{"damage":8,"enemies":"3 Louse","floor":10,"turns":2},{"damage":13,"enemies":"Large Slime","floor":11,"turns":4},{"damage":9,"enemies":"Gremlin Gang","floor":14,"turns":2},{"damage":53,"enemies":"The Guardian","floor":16,"turns":8},{"damage":72,"enemies":"3 Byrds","floor":18,"turns":4},{"damage":28,"enemies":"Shell Parasite","floor":20,"turns":4}],"seed_played":"2767886507930481405","potions_obtained":[{"floor":5,"key":"FairyPotion"},{"floor":7,"key":"Energy Potion"},{"floor":10,"key":"LiquidMemories"},{"floor":16,"key":"bronze:BurnAndBuffPotion"},{"floor":18,"key":"SmokeBomb"}],"is_trial":false,"path_per_floor":["M","?","?","M","M","R","E","?","T","M","M","$","R","M","R","B",null,"M","?","M"],"character_chosen":"DEFECT","items_purchased":["Loop","PreservedInsect"],"campfire_rested":2,"item_purchase_floors":[12,12],"current_hp_per_floor":[75,75,75,75,75,75,50,50,50,42,29,29,51,42,64,11,75,3,3,0,0],"gold":229,"neow_bonus":"THREE_ENEMY_KILL","is_daily":false,"chose_seed":false,"campfire_upgraded":1,"win_rate":0.0,"timestamp":1613266658,"path_taken":["M","?","?","M","M","R","E","?","T","M","M","$","R","M","R","BOSS","M","?","M"],"items_purchased_type":["Card","Relic"],"build_version":"2020-12-22","purchased_purges":0,"victory":false,"max_hp_per_floor":[75,75,75,75,75,75,75,75,75,75,75,75,75,75,75,75,75,75,75,75,75],"card_choices":[{"not_picked":["Stack","Darkness"],"picked":"Sweeping Beam","floor":1},{"not_picked":["Leap","Ball Lightning"],"picked":"Heatsinks","floor":4},{"not_picked":["Reprogram","Hologram"],"picked":"Static Discharge","floor":5},{"not_picked":["Seek","Ball Lightning"],"picked":"hubris:Ukulele","floor":7},{"not_picked":["TH:Mimic","TH:BikiniMail"],"picked":"SKIP","floor":7},{"not_picked":["TH:PixieDust","TH:TreasureMap"],"picked":"SKIP","floor":9},{"not_picked":["Rebound","Beam Cell"],"picked":"FTL","floor":10},{"not_picked":["Ball Lightning","Compile Driver"],"picked":"Conserve Battery","floor":11},{"not_picked":["Heatsinks","Reinforced Body","Doom and Gloom"],"picked":"SKIP","floor":14},{"not_picked":["Biased Cognition","hubris:Prefetch"],"picked":"Multi-Cast","floor":16},{"not_picked":["Sweeping Beam","Blizzard"],"picked":"Rebound","floor":18}],"player_experience":46259,"relics_obtained":[{"floor":7,"key":"hubris:SlimyHat"}],"event_choices":[{"damage_healed":0,"gold_gain":0,"player_choice":"Take Wound","damage_taken":0,"relics_obtained":["Golden Idol"],"max_hp_gain":0,"max_hp_loss":0,"event_name":"Golden Idol","floor":2,"gold_loss":0,"cards_obtained":["Injury"]},{"cards_removed":["Injury"],"damage_healed":0,"gold_gain":0,"player_choice":"Card Removal","damage_taken":0,"max_hp_gain":0,"max_hp_loss":0,"event_name":"The Cleric","floor":3,"gold_loss":50},{"damage_healed":0,"gold_gain":57,"player_choice":"Gained Gold","damage_taken":0,"max_hp_gain":0,"max_hp_loss":0,"event_name":"Golden Wing","floor":8,"gold_loss":0},{"damage_healed":0,"gold_gain":0,"player_choice":"Traded Relic","damage_taken":0,"relics_obtained":["Nloth\u0027s Gift"],"max_hp_gain":0,"max_hp_loss":0,"event_name":"N\u0027loth","floor":19,"relics_lost":["hubris:SlimyHat"],"gold_loss":0}],"is_beta":false,"boss_relics":[{"not_picked":["FrozenCore","Silver_Glasses"],"picked":"Philosopher\u0027s Stone"}],"items_purged_floors":[],"is_endless":false,"potions_floor_spawned":[5,7,10,11,16,18],"killed_by":"Shell Parasite","ascension_level":0}}