{"host":"dr01x95rw3kaiuk5","time":1613286948,"event":{"mods":["ATMod(°¢èªMod)","Act Like it!","Arknights","BaseMod","Colored Powertips","Conspire","Energized Spire","Friendly Minions","Gensokyo","GifTheSpireLib","Minty Spire (QoL Compilation)","MostiFishMod","Reliquary","Remilia£¨ÀÙÃ×ÀòÑÇ£©","Replay The Spire","Shop Mod","Spicy Shops","StSLib","TestMod","UnlockEverythingMod","[IsaacMod]ÒÔÈö¼âËþ","¡¾ÒÅÎï¿¨ÅÆ¡¿REMEMod"],"gold_per_floor":[217,229,245,257,257,257,50,83,130,151,151,151,191,220,220,378,378,403,151,231,841,867,867,901,901,982,982,1042,908,940,940,940,1065,1065,1204,1229,1229,1316,1368,1422,1422,1492,1516,1516,1622,1661,1411,1541,1541,1670],"floor_reached":51,"language":"ZHS","playtime":3358,"items_purged":["ats:Strike G","ats:Defend","Dazed","ats:Defend","ats:Strike S","ats:Defend","ats:Defend","ats:Rapid Magazine","ats:Neurotoxin+1"],"score":1050,"play_id":"0da323d4-ebae-4ae1-8ceb-73d6e29cc910","local_time":"20210214151548","is_ascension_mode":true,"campfire_choices":[{"data":"ats:Neurotoxin","floor":6.0,"key":"SMITH"},{"data":"ats:Poison Spread","floor":11.0,"key":"SMITH"},{"data":"ats:Strike C","floor":15.0,"key":"PURGE"},{"data":"ats:Poison Spread","floor":23.0,"key":"SMITH"},{"data":"ats:Neurotoxin","floor":25.0,"key":"SMITH"},{"data":"ats:Neurotoxin","floor":27.0,"key":"SMITH"},{"data":"ats:Explosion Area Strengthen","floor":32,"key":"SMITH"},{"data":"BloodyBrimstone","floor":41,"key":"SMITH"}],"circlet_count":0,"master_deck":["ats:Emotion Absorption+1","AT_FamilyPortrait+1","BloodyBrimstone+1","ats:Curse Doll","ats:Red Shift","ats:Neurotoxin+1","ats:Neurotoxin+1","ats:Poison Spread+1","ats:Explosion Area Strengthen+1","ats:Poison Spread+1","Thinking Ahead","ats:Consecutive Shot Auto+1","ats:Absolute Focus","ats:Overload+1","ats:Nebulous Foxfire+1","ats:Song Of Battle","ats:Guard Mode+1","ats:Calcification+1","REME_BuildACard+1","MostiFishMod:KingOfFree+1","MostiFishMod:BrokenBlackCloak+1"],"relics":["ats:Sanity","testmod-TestBox","HushsDoor","AT_ATBox","DaveBox","REME_ComplimentaryCards","Brimstone","UnicornStump","testmod-Charity","SynthV:TestCard","Boot","ats:Originium","testmod-Motorcycle","SalivaCoin","Calipers","DeadEye","energizedSpire:DeadBattery","DiscerningMonocle","Gremlin Horn","Tiny Chest","reliquary:TuningFork","Oddly Smooth Stone","Lee\u0027s Waffle","MerchantsRug","Vajra","Du-Vu Doll","ats:Industrial Water Cannon","Singing Bowl","DoctorsRemote","Sundial","reliquary:Buckler","Darkstone Periapt","TakeMeEscape","Bag of Marbles","Habit","reliquary:Sideboard","reliquary:PorcupineQuills","AT_MibuBalloonWealth","BrkXgEgg","MagicMushroom","reliquary:Stiletto","Replay:WaspNest","ReplayTheSpireMod:Ninjato","HandDrill","Blood Vial","Omamori","Orrery","ats:Rhine Circuitry","testmod-Hope","AT_BellDemon","AT_SunfireAegis","testmod-Antiphasic","Replay:Wax Seal","ats:Arts","ReplayTheSpireMod:ShopPack","TheBean","Leech","SynthV","BargainBundle","ats:Gyao","ats:Spiritual Recovery","Pet Ghost","ReplayTheSpireMod:TigerMarble"],"acts_visited":["Exordium","TheCity","TheBeyond"],"potions_floor_usage":[33,33,42,50,50],"damage_taken":[{"damage":2.0,"enemies":"2 Louse","floor":1.0,"turns":2.0},{"damage":2.0,"enemies":"Jaw Worm","floor":2.0,"turns":2.0},{"damage":3.0,"enemies":"ats:Genji","floor":3.0,"turns":2.0},{"damage":0.0,"enemies":"Lots of Slimes","floor":4.0,"turns":1.0},{"damage":0.0,"enemies":"Lagavulin","floor":8.0,"turns":4.0},{"damage":10.0,"enemies":"Exordium Thugs","floor":10.0,"turns":4.0},{"damage":11.0,"enemies":"3 Sentries","floor":13.0,"turns":4.0},{"damage":8.0,"enemies":"Exordium Wildlife","floor":14.0,"turns":3.0},{"damage":19.0,"enemies":"Hexaghost","floor":16.0,"turns":5.0},{"damage":14.0,"enemies":"Shell Parasite","floor":18.0,"turns":2.0},{"damage":0.0,"enemies":"Spheric Guardian","floor":21.0,"turns":1.0},{"damage":6.0,"enemies":"Replay:Snechameleon","floor":24.0,"turns":3.0},{"damage":36.0,"enemies":"Slavers","floor":28.0,"turns":3.0},{"damage":24,"enemies":"Snake Plant","floor":30,"turns":2},{"damage":0,"enemies":"Champ","floor":33,"turns":3},{"damage":0,"enemies":"3 Darklings","floor":35,"turns":1},{"damage":3,"enemies":"3 Shapes","floor":38,"turns":2},{"damage":24,"enemies":"Spire Growth","floor":39,"turns":3},{"damage":4,"enemies":"R_Hoarder","floor":40,"turns":6},{"damage":8,"enemies":"Nemesis","floor":42,"turns":2},{"damage":57,"enemies":"Jaw Worm Horde","floor":45,"turns":2},{"damage":0,"enemies":"Transient","floor":46,"turns":5},{"damage":2,"enemies":"Giant Head","floor":48,"turns":4},{"damage":15,"enemies":"Donu and Deca","floor":50,"turns":4}],"seed_played":"1159218202046066845","potions_obtained":[{"floor":1.0,"key":"ats:Top Emergency Sanity Potion"},{"floor":4.0,"key":"Swift Potion"},{"floor":10.0,"key":"SkillPotion"},{"floor":13.0,"key":"Explosive Potion"},{"floor":21.0,"key":"Energy Potion"},{"floor":28.0,"key":"ats:Burn Small Potion"},{"floor":35,"key":"Strength Potion"},{"floor":48,"key":"Venom Potion"}],"is_trial":false,"path_per_floor":["M","M","M","M","?","R","$","E","T","M","R","?","E","M","R","B",null,"M","$","?","M","T","R","E","R","T","R","E","$","M","$","R","B",null,"M","T","$","M","M","E","R","E","T","$","M","M","$","E","R","B",null],"character_chosen":"DOCTOR_CLASS","items_purchased":["ats:Neurotoxin","Boot","DiscerningMonocle","Gremlin Horn","Tiny Chest","reliquary:TuningFork","Oddly Smooth Stone","Lee\u0027s Waffle","MerchantsRug","Thinking Ahead","DoctorsRemote","Sundial","reliquary:Buckler","Darkstone Periapt","TakeMeEscape","AttackPotion","Bag of Marbles","Habit","reliquary:Sideboard","reliquary:PorcupineQuills","AT_MibuBalloonWealth","BrkXgEgg","ats:Overload+1","Replay:WaspNest","ReplayTheSpireMod:Ninjato","HandDrill","Blood Vial","Omamori","Orrery","AT_SunfireAegis","testmod-Antiphasic","Replay:Wax Seal","ats:Arts","ReplayTheSpireMod:ShopPack","EssenceOfSteel","SynthV","BargainBundle","ats:Gyao","ats:Spiritual Recovery","Pet Ghost","MostiFishMod:BrokenBlackCloak+1"],"campfire_rested":0,"item_purchase_floors":[7,7,19,19,19,19,19,19,19,19,29,29,29,29,29,29,31,31,31,31,31,31,31,37,37,37,37,37,37,44,44,44,44,44,44,47,47,47,47,47,47],"current_hp_per_floor":[72,71,69,70,70,70,70,71,72,65,65,65,57,52,52,43,98,87,105,97,99,100,100,96,96,97,97,69,70,50,50,50,53,125,133,134,138,142,135,140,140,141,142,144,101,120,120,133,133,134],"gold":1670,"neow_bonus":"HUNDRED_GOLD","is_daily":false,"chose_seed":false,"campfire_upgraded":7,"win_rate":0.0,"timestamp":1613286948,"path_taken":["M","M","M","M","?","R","$","E","T","M","R","?","E","M","R","BOSS","M","$","?","M","?","R","E","R","T","R","E","?","M","$","R","BOSS","M","?","$","M","?","E","R","E","T","$","M","M","$","E","R","BOSS"],"items_purchased_type":["Card","Relic","Relic","Relic","Relic","Relic","Relic","Relic","Relic","Card","Relic","Relic","Relic","Relic","Relic","Potion","Relic","Relic","Relic","Relic","Relic","Relic","Card","Relic","Relic","Relic","Relic","Relic","Relic","Relic","Relic","Relic","Relic","Relic","Potion","Relic","Relic","Relic","Relic","Relic","Card"],"build_version":"2020-12-22","purchased_purges":9,"victory":true,"max_hp_per_floor":[74,75,76,77,77,77,77,78,79,82,82,82,85,88,88,98,98,98,105,107,109,110,110,112,112,113,113,118,119,123,123,123,123,125,133,134,138,145,151,153,153,159,160,162,169,171,171,178,178,180],"card_choices":[{"not_picked":[],"picked":"BloodyBrimstone","floor":0.0},{"not_picked":["ats:Leaping Hammer","ats:Beaten Up"],"picked":"ats:Curse Doll","floor":1.0},{"not_picked":["ats:Closed Bolt Burst Fire","ats:Hook Shot","ats:Revitalization","ats:Very Hot Blade"],"picked":"ats:Red Shift","floor":2.0},{"not_picked":["ats:Neurotoxin","ats:Sashimi Platter","ats:Sunburst","ats:Absolute Focus"],"picked":"Bomb","floor":3.0},{"not_picked":["ats:Thorns","ats:Magnetic Hammer","ats:Very Hot Blade","ats:Spore Proliferation"],"picked":"ats:Neurotoxin","floor":4.0},{"not_picked":["ats:Counter Healing Mode","ats:Support Order","ats:Dogmatic Field","ats:Hammer On","ats:Absolute Focus"],"picked":"SKIP","floor":8.0},{"not_picked":["ats:Encircling Forest","ats:Healing Drone","Bomb","ats:Shell Defense"],"picked":"ats:Poison Spread","floor":10.0},{"not_picked":["ats:Closed Bolt Burst Fire","ats:Blood Oath","ats:Counter Healing Mode","ats:Absolute Focus"],"picked":"ats:Explosion Area Strengthen","floor":13.0},{"not_picked":["ats:Soul Absorption","ats:Mental Burst","ats:Cat Scratch","ats:LN2 Cannon"],"picked":"ats:Poison Spread","floor":14.0},{"not_picked":["ats:Assault Order","ats:Revitalization","ats:Leaping Hammer","ats:Flexible Camouflage","ats:Flame Of Heaven"],"picked":"SKIP","floor":18.0},{"not_picked":["ats:Curse Doll+1","ats:Poison Spread","ats:Closed Bolt Burst Fire+1","ats:Shell Defense+1"],"picked":"ats:Consecutive Shot Auto+1","floor":21.0},{"not_picked":["ats:Powerful Strike+1","ats:Closed Bolt Burst Fire","ats:Song Of Battle","ats:Demon Strength+1","ats:Dogmatic Field"],"picked":"SKIP","floor":24.0},{"not_picked":["ats:Charging Defense","ats:Explosion Area Strengthen","ats:Support Order+1","ats:Volcano","ats:Blood Oath"],"picked":"Singing Bowl","floor":28.0},{"not_picked":["ats:Guard Mode","ats:Leaping Hammer+1","ats:Durian","ats:Assault Order"],"picked":"ats:Absolute Focus","floor":30},{"not_picked":["ats:Wolf Pack+1","ats:Disruption Kick+1","ats:True Silver Slash+1","ats:Roar Of Ursus+1"],"picked":"ats:Nebulous Foxfire+1","floor":33},{"not_picked":["ats:Very Hot Blade","ats:Mental Burst","ats:Beaten Up+1","ats:Poison Spread","ats:Flame Of Heaven"],"picked":"Singing Bowl","floor":35},{"not_picked":["ats:Very Hot Blade+1","ats:Volcano+1","ats:Explosion Area Strengthen+1","ats:Apocalypse+1"],"picked":"ats:Calcification+1","floor":37},{"not_picked":["ats:Explosion Area Strengthen+1","ats:Absolute Focus+1","ats:Ignite","ats:Collapsing Strike+1"],"picked":"ats:Guard Mode+1","floor":37},{"not_picked":["ats:Spore Proliferation+1","ats:Mental Burst","ats:Red Shift+1","ats:Very Hot Blade","ats:Hammer On+1"],"picked":"Singing Bowl","floor":37},{"not_picked":["ats:Overload","ats:Chain Hook","ats:Explosion Area Strengthen","ats:Flexible Camouflage","ats:Defend Order"],"picked":"Singing Bowl","floor":37},{"not_picked":["ats:Consecutive Shot Auto","ats:Cat Scratch+1","ats:Very Hot Blade","ats:Absolute Focus"],"picked":"ats:Song Of Battle","floor":37},{"not_picked":["ats:Poison Spread+1","ats:Revitalization+1","ats:Powerful Strike+1","ats:Leaping Hammer","ats:Explosion Area Strengthen+1"],"picked":"Singing Bowl","floor":38},{"not_picked":["ats:Encircling Forest+1","ats:Curse Doll+1","ats:Closed Bolt Burst Fire","ats:Dogmatic Field+1","ats:Magnetic Hammer"],"picked":"Singing Bowl","floor":39},{"not_picked":["ats:Composite Medical Shells","ats:Absolute Focus","ats:Sashimi Platter+1","ats:Neurotoxin","ats:Magnetic Hammer+1"],"picked":"Singing Bowl","floor":40},{"not_picked":["ats:Phantom+1","ats:Consecutive Shot Auto","ats:Flexible Camouflage","ats:Absolute Focus+1","ats:Powerful Strike"],"picked":"Singing Bowl","floor":42},{"not_picked":["Thinking Ahead","testmod-RepeatForm","ReplayTheSpireMod:Necrogeddon","Metamorphosis"],"picked":"MostiFishMod:KingOfFree","floor":44},{"not_picked":["testmod-Arrangement","MostiFishMod:PerfectForm","MostiFishMod:ElfcollectionBox","testmod-RepeatForm"],"picked":"REME_BuildACard","floor":44},{"not_picked":["Purity","MostiFishMod:JungleRules","testmod-Reflect","MostiFishMod:Kaleido","Dark Shackles"],"picked":"Singing Bowl","floor":44},{"not_picked":["ats:Very Hot Blade","ats:Thorns","ats:Cat Scratch+1","ats:Hammer On"],"picked":"ats:Rapid Magazine","floor":45},{"not_picked":["ats:Literary Storm+1","ats:Poison Spread+1","ats:Apocalypse","ats:LN2 Cannon","ats:Assault Order+1"],"picked":"Singing Bowl","floor":46},{"not_picked":["ats:Mental Burst+1","ats:Healing Strengthening+1","ats:Closed Bolt Burst Fire","ats:Blood Oath","ats:Cat Scratch+1"],"picked":"Singing Bowl","floor":48}],"player_experience":202628,"relics_obtained":[{"floor":1.0,"key":"SynthV:TestCard"},{"floor":8.0,"key":"ats:Originium"},{"floor":8.0,"key":"testmod-Motorcycle"},{"floor":9.0,"key":"SalivaCoin"},{"floor":13.0,"key":"ats:Originium"},{"floor":13.0,"key":"DeadEye"},{"floor":22.0,"key":"Vajra"},{"floor":24.0,"key":"ats:Originium"},{"floor":24.0,"key":"Du-Vu Doll"},{"floor":26.0,"key":"ats:Industrial Water Cannon"},{"floor":28.0,"key":"ats:Originium"},{"floor":28.0,"key":"Singing Bowl"},{"floor":36,"key":"reliquary:Stiletto"},{"floor":40,"key":"ats:Rhine Circuitry"},{"floor":42,"key":"testmod-Hope"},{"floor":43,"key":"AT_BellDemon"},{"floor":45,"key":"TheBean"},{"floor":46,"key":"Leech"},{"floor":48,"key":"ReplayTheSpireMod:TigerMarble"}],"event_choices":[{"damage_healed":0.0,"max_hp_gain":0.0,"max_hp_loss":0.0,"gold_gain":0.0,"event_name":"WeMeetAgain","player_choice":"Gave Potion","floor":12.0,"gold_loss":0.0,"damage_taken":0.0,"relics_obtained":["Calipers"]},{"damage_healed":0.0,"max_hp_gain":0.0,"max_hp_loss":0.0,"gold_gain":75.0,"event_name":"FaceTrader","player_choice":"Touch","floor":20.0,"gold_loss":0.0,"damage_taken":10.0},{"cards_removed":["ats:Armor Crushing Shot"],"damage_healed":0,"gold_gain":0,"player_choice":"Purged","damage_taken":0,"max_hp_gain":0,"max_hp_loss":0,"event_name":"Purifier","floor":49,"gold_loss":0}],"is_beta":false,"boss_relics":[{"not_picked":["Kintsugi","Pandora\u0027s Box"],"picked":"energizedSpire:DeadBattery"},{"not_picked":[]},{"not_picked":["Busted Crown","testmod-Nine"],"picked":"MagicMushroom"},{"not_picked":[]}],"items_purged_floors":[19,19,29,29,31,34,44,47,47],"is_endless":false,"potions_floor_spawned":[1,4,10,13,21,24,28,35,39,48],"ascension_level":1}}