{"host":"dscols65uipasqd2","time":1613283153,"event":{"mods":["2.2 Compatiblity","AchievementEnabler","Aspiration","BaseMod","Colored Powertips","Downfall","Energized Spire","GifTheSpireLib","Hermit","Hubris","Infinite Spire","JesterMod","Jorbs\u0027s Wanderer Trilogy","Marisa????????","Minty Spire (QoL Compilation)","Rare Cards Sparkle","Replay The Spire","StSLib","Stuff the Spire","The Cursed","The Disciple","The Hierophant","The Judge","The Jungle","The Runesmith","TheFirefly"],"gold_per_floor":[99,99,99,99,274,274,274,292,323,323,223,235,251,267,283,283,283,283],"floor_reached":16,"language":"ENG","playtime":622,"items_purged":[],"score":135,"play_id":"17a6a005-1a68-4f03-a646-a276e6450c36","local_time":"20210214011233","is_ascension_mode":true,"campfire_choices":[{"floor":1,"key":"RECALL"},{"floor":11,"key":"REST"}],"circlet_count":0,"master_deck":["sneckomod:Strike","sneckomod:Strike","sneckomod:Strike","sneckomod:Defend","sneckomod:Defend","sneckomod:Defend","sneckomod:TailWhip","sneckomod:SnekBite","sneckomod:Unknown","sneckomod:Unknown","sneckomod:ImprovisedAttack","StuffTheSpire:CuriosityCurse","sneckomod:UnknownCommonAttack","Doubt","sneckomod:ImprovisedAttack","sneckomod:WideSting","sneckomod:ImprovisedGuard","sneckomod:QuickBite","sneckomod:ImprovisedAttack","sneckomod:Mudshield","sneckomod:WideSting","sneckomod:SoulDraw"],"relics":["sneckomod:SneckoSoul","downfall:HeartsMalice","ReplayTheSpireMod:TigerMarble","Shuriken","Turnip","downfall:HeartBlessingRed"],"acts_visited":["Exordium"],"potions_floor_usage":[16,16,16],"damage_taken":[{"damage":0,"enemies":"2 Louse","floor":2,"turns":1},{"damage":0,"enemies":"Jaw Worm","floor":4,"turns":1},{"damage":0,"enemies":"Small Slimes","floor":6,"turns":1},{"damage":0,"enemies":"Blue Slaver","floor":8,"turns":1},{"damage":26,"enemies":"3 Sentries","floor":9,"turns":5},{"damage":26,"enemies":"3 Louse","floor":12,"turns":3},{"damage":6,"enemies":"Lots of Slimes","floor":13,"turns":2},{"damage":14,"enemies":"Exordium Thugs","floor":14,"turns":2},{"damage":12,"enemies":"Large Slime","floor":15,"turns":4},{"damage":25,"enemies":"DF_ARCHETYPE_STREAMLINE","floor":16,"turns":4}],"seed_played":"7891465974352275248","potions_obtained":[{"floor":9,"key":"Milkshake"},{"floor":12,"key":"FearPotion"},{"floor":13,"key":"ColorlessPotion"},{"floor":15,"key":"Energy Potion"}],"is_trial":false,"path_per_floor":["R","M","?","M","?","M","T","M","E","?","R","M","M","M","M","B"],"character_chosen":"THE_SNECKO","items_purchased":[],"campfire_rested":1,"item_purchase_floors":[],"current_hp_per_floor":[81,81,81,81,81,81,81,81,55,55,82,56,50,36,24,0,0,0],"gold":283,"neow_bonus":"THREE_ENEMY_KILL","is_daily":false,"chose_seed":false,"campfire_upgraded":0,"win_rate":0.0,"timestamp":1613283153,"path_taken":["R","M","?","M","?","M","T","M","E","?","R","M","M","M","M","BOSS"],"items_purchased_type":[],"build_version":"2020-12-22","purchased_purges":0,"victory":false,"max_hp_per_floor":[90,90,90,90,90,90,90,90,90,90,90,90,90,90,90,90,90,90],"card_choices":[{"not_picked":["sneckomod:DefensiveFlair","sneckomod:UnknownCommonSkill"],"picked":"sneckomod:ImprovisedAttack","floor":2},{"not_picked":["sneckomod:UnknownClassMARISA_COLOR","sneckomod:SlitherStrike"],"picked":"sneckomod:UnknownCommonAttack","floor":4},{"not_picked":["sneckomod:SlitherStrike","sneckomod:UnknownClassMARISA_COLOR"],"picked":"sneckomod:ImprovisedAttack","floor":6},{"not_picked":["sneckomod:UnknownStrength","sneckomod:UnknownExhaust"],"picked":"sneckomod:WideSting","floor":8},{"not_picked":["sneckomod:UnendingSupply","sneckomod:UnknownX"],"picked":"sneckomod:ImprovisedGuard","floor":9},{"not_picked":["sneckomod:WideSting","sneckomod:Unknown1Cost"],"picked":"sneckomod:ImprovisedAttack","floor":12},{"not_picked":["sneckomod:UnknownColorless","sneckomod:UnknownClassCULL_RED_COLOR"],"picked":"sneckomod:Mudshield","floor":13},{"not_picked":["sneckomod:UnknownCommonAttack","sneckomod:UnknownClassHEXA_GHOST_PURPLE"],"picked":"sneckomod:WideSting","floor":14},{"not_picked":["sneckomod:UnknownClassHIEROPHANT_GOLD_COLOR","sneckomod:UnknownClassBLESSING"],"picked":"sneckomod:SoulDraw","floor":15}],"player_experience":647128,"relics_obtained":[{"floor":7,"key":"Shuriken"},{"floor":9,"key":"Turnip"}],"event_choices":[],"is_beta":false,"boss_relics":[],"items_purged_floors":[],"is_endless":false,"potions_floor_spawned":[9,12,13,15],"killed_by":"DF_ARCHETYPE_STREAMLINE","ascension_level":7}}