{"host":"nklmypyldyuut5re","time":1613329679,"event":{"mods":["AchievementEnabler","BaseMod","Colored Map","DeckTracker","Highlight Path","Keyboard Shortcuts","Minty Spire (QoL Compilation)","Permanent Neow","SuperFastMode","everything is the same but u backflip on backflip"],"gold_per_floor":[117,132,143,161,161,161,161,177,177,177,187,199,212,225,225,327,377,388,417,3,3,23,23,41,41,65,78,92,16,16,28,28,28,28],"floor_reached":33,"language":"KOR","playtime":2025,"items_purged":[],"score":270,"play_id":"9f8a8b1b-4200-4ad3-a757-a37b3d1657c2","local_time":"20210215040759","is_ascension_mode":false,"campfire_choices":[{"data":"Calculated Gamble","floor":6,"key":"SMITH"},{"data":"Dramatic Entrance","floor":10,"key":"SMITH"},{"data":"Bouncing Flask","floor":15,"key":"SMITH"},{"data":"Infinite Blades","floor":23,"key":"SMITH"},{"data":"Bullet Time","floor":30,"key":"SMITH"},{"data":"Adrenaline","floor":32,"key":"SMITH"}],"circlet_count":0,"master_deck":["Strike_G","Strike_G","Strike_G","Strike_G","Strike_G","Defend_G+1","Defend_G","Defend_G","Defend_G","Defend_G","Survivor","Neutralize","Dramatic Entrance+1","Calculated Gamble+1","Bouncing Flask+1","Predator","Prepared","Reflex","Prepared+1","Predator+1","Unload","Underhanded Strike","Adrenaline+1","Blade Dance","Eviscerate+1","Quick Slash","Bullet Time+1","Infinite Blades+1","Blade Dance","Dagger Throw","Underhanded Strike","Endless Agony+1","Backstab","Underhanded Strike"],"relics":["Ring of the Snake","MealTicket","Eternal Feather","Bronze Scales","Tiny House","Red Mask","Ninja Scroll","War Paint"],"acts_visited":["Exordium","TheCity"],"potions_floor_usage":[4,24],"damage_taken":[{"damage":0,"enemies":"Cultist","floor":1,"turns":4},{"damage":0,"enemies":"Small Slimes","floor":2,"turns":2},{"damage":0,"enemies":"2 Louse","floor":3,"turns":2},{"damage":2,"enemies":"Lots of Slimes","floor":4,"turns":3},{"damage":2,"enemies":"Looter","floor":8,"turns":3},{"damage":2,"enemies":"3 Louse","floor":11,"turns":2},{"damage":6,"enemies":"Exordium Wildlife","floor":12,"turns":4},{"damage":0,"enemies":"Lots of Slimes","floor":13,"turns":1},{"damage":0,"enemies":"Gremlin Gang","floor":14,"turns":2},{"damage":23,"enemies":"Slime Boss","floor":16,"turns":10},{"damage":0,"enemies":"Chosen","floor":18,"turns":4},{"damage":9,"enemies":"Masked Bandits","floor":19,"turns":3},{"damage":0,"enemies":"3 Byrds","floor":22,"turns":2},{"damage":10,"enemies":"Centurion and Healer","floor":24,"turns":4},{"damage":2,"enemies":"Snecko","floor":27,"turns":3},{"damage":16,"enemies":"Cultist and Chosen","floor":28,"turns":5},{"damage":10,"enemies":"Snake Plant","floor":31,"turns":2},{"damage":87,"enemies":"Champ","floor":33,"turns":7}],"seed_played":"-2809712367141690922","potions_obtained":[{"floor":3,"key":"Fruit Juice"},{"floor":4,"key":"DistilledChaos"},{"floor":8,"key":"Strength Potion"},{"floor":11,"key":"Block Potion"},{"floor":13,"key":"FearPotion"},{"floor":17,"key":"Strength Potion"},{"floor":19,"key":"ColorlessPotion"},{"floor":24,"key":"Fruit Juice"},{"floor":28,"key":"Dexterity Potion"}],"is_trial":false,"path_per_floor":["M","M","M","M","?","R","?","M","T","R","M","M","M","M","R","B",null,"M","?","$","?","M","R","M","?","T","M","M","$","R","M","R","B"],"character_chosen":"THE_SILENT","items_purchased":["Ninja Scroll","Bullet Time","Infinite Blades","Backstab"],"campfire_rested":0,"item_purchase_floors":[20,20,20,29],"current_hp_per_floor":[70,70,70,73,61,61,61,59,59,68,66,60,60,60,72,49,80,80,71,80,80,80,80,75,59,59,57,41,56,74,64,82,0,0],"gold":28,"neow_bonus":"RANDOM_COLORLESS","is_daily":false,"chose_seed":false,"campfire_upgraded":6,"win_rate":0.0,"timestamp":1613329679,"path_taken":["M","M","M","?","?","R","?","M","T","R","M","?","M","M","R","BOSS","M","?","$","?","M","R","M","?","T","?","M","?","R","M","R","BOSS"],"items_purchased_type":["Relic","Card","Card","Card"],"build_version":"2020-12-22","purchased_purges":0,"victory":false,"max_hp_per_floor":[70,70,70,75,75,75,75,75,75,75,75,75,75,75,75,75,80,80,80,80,80,80,80,85,85,85,85,85,85,85,85,85,85,85],"card_choices":[{"not_picked":["Swift Strike","Impatience"],"picked":"Dramatic Entrance","floor":0},{"not_picked":["Poisoned Stab","Dagger Spray"],"picked":"Calculated Gamble","floor":1},{"not_picked":["Dash","Poisoned Stab"],"picked":"Bouncing Flask","floor":2},{"not_picked":["Masterful Stab","Flying Knee"],"picked":"Predator","floor":3},{"not_picked":["Skewer","Sucker Punch"],"picked":"Prepared","floor":4},{"not_picked":["Prepared","Poisoned Stab"],"picked":"Reflex","floor":8},{"not_picked":["Backflip","Noxious Fumes"],"picked":"Prepared","floor":11},{"not_picked":["Slice","Outmaneuver"],"picked":"Predator","floor":12},{"not_picked":["Poisoned Stab","Sucker Punch"],"picked":"Unload","floor":13},{"not_picked":["Prepared","Finisher"],"picked":"Underhanded Strike","floor":14},{"not_picked":["Envenom","Venomology"],"picked":"Adrenaline","floor":16},{"not_picked":["Dagger Spray","Deadly Poison"],"picked":"Blade Dance","floor":17},{"not_picked":["Flying Knee+1","Poisoned Stab"],"picked":"Eviscerate+1","floor":18},{"not_picked":["Flying Knee","Slice"],"picked":"Quick Slash","floor":19},{"not_picked":["Prepared","Escape Plan"],"picked":"Blade Dance","floor":22},{"not_picked":["Expertise","PiercingWail"],"picked":"Dagger Throw","floor":24},{"not_picked":["Sucker Punch","Dagger Spray"],"picked":"Underhanded Strike","floor":27},{"not_picked":["Finisher+1","Flying Knee"],"picked":"Endless Agony+1","floor":28},{"not_picked":["Burst","PiercingWail"],"picked":"Underhanded Strike","floor":31}],"player_experience":3793,"relics_obtained":[{"floor":9,"key":"Bronze Scales"},{"floor":19,"key":"Red Mask"},{"floor":26,"key":"War Paint"}],"event_choices":[{"damage_healed":0,"gold_gain":0,"player_choice":"Success","damage_taken":12,"relics_obtained":["MealTicket"],"max_hp_gain":0,"max_hp_loss":0,"event_name":"Scrap Ooze","floor":5,"gold_loss":0},{"damage_healed":0,"gold_gain":0,"player_choice":"Gave Potion","damage_taken":0,"relics_obtained":["Eternal Feather"],"max_hp_gain":0,"max_hp_loss":0,"event_name":"WeMeetAgain","floor":7,"gold_loss":0},{"damage_healed":0,"gold_gain":0,"player_choice":"Fought Bandits","damage_taken":0,"max_hp_gain":0,"max_hp_loss":0,"event_name":"Masked Bandits","floor":19,"gold_loss":0},{"damage_healed":0,"gold_gain":0,"player_choice":"Ignored","damage_taken":0,"max_hp_gain":0,"max_hp_loss":0,"event_name":"Vampires","floor":21,"gold_loss":0},{"damage_healed":0,"gold_gain":0,"player_choice":"Obtained Book","damage_taken":16,"max_hp_gain":0,"max_hp_loss":0,"event_name":"Cursed Tome","floor":25,"gold_loss":0}],"is_beta":false,"boss_relics":[{"not_picked":["SlaversCollar","Calling Bell"],"picked":"Tiny House"}],"items_purged_floors":[],"is_endless":false,"potions_floor_spawned":[3,4,8,11,13,19,24,28],"killed_by":"Champ","ascension_level":0}}