{"host":"BK","time":1613292968,"event":{"mods":["BaseMod","Highlight Path","Minty Spire (QoL Compilation)","StSLib"],"gold_per_floor":[112,123,134,134,22,22,54,73,98,125,142,142,158,123,123,200,200,215,232,267,280,280,280,66,100,182,197,197,224,235,266,266,340,340,350,368,368,393,413,413,413],"floor_reached":40,"language":"ENG","playtime":2493,"items_purged":["Strike_G+1"],"score":966,"play_id":"58ef1a27-8c4e-4556-908a-37d13e5efa7e","local_time":"20210214015608","is_ascension_mode":true,"campfire_choices":[{"data":"Poisoned Stab","floor":6,"key":"SMITH"},{"data":"Footwork","floor":12,"key":"SMITH"},{"floor":15,"key":"REST"},{"floor":23,"key":"REST"},{"floor":32,"key":"REST"}],"circlet_count":0,"master_deck":["AscendersBane","Strike_G+1","Strike_G+1","Strike_G+1","Strike_G+1","Defend_G+1","Defend_G+1","Defend_G+1","Defend_G+1","Defend_G+1","Survivor","Neutralize","Footwork+1","Poisoned Stab+1","Dagger Throw","Leg Sweep","Calculated Gamble","PiercingWail","Heel Hook","Corpse Explosion","Backflip","Dodge and Roll","Acrobatics","Blade Dance+1","Prepared+1","Escape Plan+1","Escape Plan+1","Bullet Time+1","Backflip+1","Tactician+1","Dark Shackles+1","Flash of Steel","Eviscerate"],"relics":["Ring of the Snake","Akabeko","Dream Catcher","Smiling Mask","Omamori","Anchor","Fusion Hammer","Red Mask","Snake Skull","Tiny Chest","Toxic Egg 2","Lizard Tail","Centennial Puzzle","Unceasing Top","Calling Bell","Regal Pillow","InkBottle","Calipers","Mango"],"acts_visited":["Exordium","TheCity","TheBeyond"],"potions_floor_usage":[7,10,20,25,29,33,40],"damage_taken":[{"damage":2,"enemies":"Jaw Worm","floor":1,"turns":4},{"damage":0,"enemies":"Small Slimes","floor":2,"turns":4},{"damage":0,"enemies":"2 Louse","floor":3,"turns":3},{"damage":14,"enemies":"3 Sentries","floor":7,"turns":8},{"damage":1,"enemies":"2 Fungi Beasts","floor":8,"turns":5},{"damage":22,"enemies":"Gremlin Nob","floor":10,"turns":5},{"damage":0,"enemies":"Exordium Wildlife","floor":11,"turns":4},{"damage":4,"enemies":"Looter","floor":13,"turns":4},{"damage":30,"enemies":"The Guardian","floor":16,"turns":21},{"damage":7,"enemies":"3 Byrds","floor":18,"turns":4},{"damage":11,"enemies":"2 Thieves","floor":19,"turns":3},{"damage":0,"enemies":"Masked Bandits","floor":20,"turns":2},{"damage":0,"enemies":"Centurion and Healer","floor":21,"turns":7},{"damage":33,"enemies":"Book of Stabbing","floor":25,"turns":7},{"damage":0,"enemies":"3 Cultists","floor":27,"turns":3},{"damage":9,"enemies":"Slavers","floor":29,"turns":6},{"damage":3,"enemies":"Snake Plant","floor":30,"turns":5},{"damage":10,"enemies":"Book of Stabbing","floor":31,"turns":7},{"damage":40,"enemies":"Automaton","floor":33,"turns":12},{"damage":0,"enemies":"3 Shapes","floor":35,"turns":8},{"damage":0,"enemies":"Orb Walker","floor":36,"turns":5},{"damage":0,"enemies":"Mind Bloom Boss Battle","floor":38,"turns":12},{"damage":0,"enemies":"4 Shapes","floor":39,"turns":5},{"damage":70,"enemies":"Giant Head","floor":40,"turns":9}],"seed_played":"-5519314854810369250","potions_obtained":[{"floor":2,"key":"AttackPotion"},{"floor":7,"key":"GhostInAJar"},{"floor":16,"key":"Weak Potion"},{"floor":19,"key":"LiquidMemories"},{"floor":20,"key":"Swift Potion"},{"floor":29,"key":"SneckoOil"},{"floor":30,"key":"Ancient Potion"},{"floor":36,"key":"SkillPotion"}],"is_trial":false,"path_per_floor":["M","M","M","?","$","R","E","M","T","E","M","R","M","?","R","B",null,"M","M","?","M","?","R","$","E","T","M","?","E","M","E","R","B",null,"M","M","?","?","M","E"],"character_chosen":"THE_SILENT","items_purchased":["Dagger Throw","Leg Sweep","Snake Skull"],"campfire_rested":3,"item_purchase_floors":[5,5,24],"current_hp_per_floor":[57,57,57,52,52,52,38,37,37,15,15,15,11,27,46,16,54,47,36,36,36,36,55,55,22,22,22,22,13,10,33,52,12,53,53,53,48,62,62,0,0],"gold":413,"neow_bonus":"RANDOM_COMMON_RELIC","is_daily":false,"chose_seed":false,"campfire_upgraded":2,"win_rate":0.0,"timestamp":1613292968,"path_taken":["M","M","M","?","$","R","E","M","T","E","M","R","M","?","R","BOSS","M","M","?","M","?","R","$","E","T","M","?","E","M","E","R","BOSS","M","M","?","?","M","E"],"items_purchased_type":["Card","Card","Relic"],"build_version":"2020-12-18","purchased_purges":1,"victory":false,"max_hp_per_floor":[66,66,66,66,66,66,66,66,66,66,66,66,66,66,66,66,66,66,66,66,66,66,66,66,66,66,66,66,66,66,66,66,66,66,66,66,66,80,80,80,80],"card_choices":[{"not_picked":["Deadly Poison","Dodge and Roll"],"picked":"Footwork","floor":1},{"not_picked":["Bane","PiercingWail"],"picked":"Poisoned Stab","floor":2},{"not_picked":["Cloak And Dagger","Deflect","Distraction"],"picked":"SKIP","floor":3},{"not_picked":["Prepared","Flying Knee","Bane"],"picked":"SKIP","floor":7},{"not_picked":["Flying Knee","Quick Slash","Night Terror"],"picked":"SKIP","floor":8},{"not_picked":["Outmaneuver","Slice"],"picked":"Calculated Gamble","floor":10},{"not_picked":["Reflex","Cloak And Dagger"],"picked":"PiercingWail","floor":11},{"not_picked":["Dagger Throw","Outmaneuver","Quick Slash"],"picked":"SKIP","floor":13},{"not_picked":["Quick Slash","PiercingWail"],"picked":"Heel Hook","floor":15},{"not_picked":["Tools of the Trade","Adrenaline"],"picked":"Corpse Explosion","floor":16},{"not_picked":["Deflect+1","Reflex"],"picked":"Backflip","floor":18},{"not_picked":["Outmaneuver","Accuracy"],"picked":"Dodge and Roll","floor":19},{"not_picked":["Deadly Poison","Backstab"],"picked":"Acrobatics","floor":20},{"not_picked":["Acrobatics","Deadly Poison","Heel Hook"],"picked":"SKIP","floor":21},{"not_picked":["Underhanded Strike","Tactician"],"picked":"Blade Dance+1","floor":25},{"not_picked":["Deadly Poison+1","Cloak And Dagger+1"],"picked":"Prepared+1","floor":27},{"not_picked":["Prepared+1","Dodge and Roll+1"],"picked":"Escape Plan+1","floor":29},{"not_picked":["Dagger Spray","Underhanded Strike","Grand Finale"],"picked":"SKIP","floor":30},{"not_picked":["Cloak And Dagger+1","Predator"],"picked":"Escape Plan+1","floor":31},{"not_picked":["Phantasmal Killer+1","Doppelganger+1"],"picked":"Bullet Time+1","floor":33},{"not_picked":["Skewer","Deflect+1"],"picked":"Backflip+1","floor":35},{"not_picked":["Masterful Stab","Dagger Throw"],"picked":"Tactician+1","floor":36},{"not_picked":["HandOfGreed","Good Instincts+1"],"picked":"Dark Shackles+1","floor":37},{"not_picked":["Apotheosis+1","Blind+1"],"picked":"Flash of Steel","floor":37},{"not_picked":["Flying Knee","Dagger Throw"],"picked":"Eviscerate","floor":39}],"player_experience":2572085,"relics_obtained":[{"floor":7,"key":"Smiling Mask"},{"floor":9,"key":"Omamori"},{"floor":10,"key":"Anchor"},{"floor":20,"key":"Red Mask"},{"floor":25,"key":"Tiny Chest"},{"floor":26,"key":"Toxic Egg 2"},{"floor":29,"key":"Centennial Puzzle"},{"floor":31,"key":"Unceasing Top"},{"floor":34,"key":"Regal Pillow"},{"floor":34,"key":"InkBottle"},{"floor":34,"key":"Calipers"},{"floor":38,"key":"Mango"}],"event_choices":[{"damage_healed":0,"gold_gain":0,"player_choice":"Success","damage_taken":5,"relics_obtained":["Dream Catcher"],"max_hp_gain":0,"max_hp_loss":0,"event_name":"Scrap Ooze","floor":4,"gold_loss":0},{"damage_healed":16,"gold_gain":0,"player_choice":"Healed","damage_taken":0,"max_hp_gain":0,"max_hp_loss":0,"event_name":"The Cleric","floor":14,"gold_loss":35},{"damage_healed":0,"gold_gain":0,"player_choice":"Fought Bandits","damage_taken":0,"max_hp_gain":0,"max_hp_loss":0,"event_name":"Masked Bandits","floor":20,"gold_loss":0},{"damage_healed":0,"gold_gain":0,"player_choice":"Simplicity","damage_taken":0,"max_hp_gain":0,"max_hp_loss":0,"event_name":"Back to Basics","floor":22,"gold_loss":0,"cards_upgraded":["Strike_G","Strike_G","Strike_G","Strike_G","Strike_G","Defend_G","Defend_G","Defend_G","Defend_G","Defend_G"]},{"damage_healed":0,"gold_gain":0,"player_choice":"Opened","damage_taken":0,"relics_obtained":["Lizard Tail"],"max_hp_gain":0,"max_hp_loss":0,"event_name":"The Mausoleum","floor":28,"gold_loss":0,"cards_obtained":["Writhe"]},{"damage_healed":0,"gold_gain":0,"player_choice":"Memory 2","damage_taken":5,"max_hp_gain":0,"max_hp_loss":0,"event_name":"SensoryStone","floor":37,"gold_loss":0},{"damage_healed":0,"gold_gain":0,"player_choice":"Fight","damage_taken":0,"max_hp_gain":0,"max_hp_loss":0,"event_name":"MindBloom","floor":38,"gold_loss":0}],"is_beta":true,"boss_relics":[{"not_picked":["Coffee Dripper","WristBlade"],"picked":"Fusion Hammer"},{"not_picked":["Tiny House","Velvet Choker"],"picked":"Calling Bell"}],"items_purged_floors":[24],"is_endless":false,"potions_floor_spawned":[2,7,16,19,20,29,30,36],"killed_by":"Giant Head","ascension_level":20}}