{"host":"36t3qd3wjvajtu1z","time":1613263070,"event":{"mods":["2.2 Compatiblity","AchievementEnabler","BaseMod","Bestiary","Block Reminder","Colored Powertips","Curses Come First","Highlight Path","Minty Spire (QoL Compilation)","Permanent Neow","Quick Restart","Random Character Button","Rare Cards Sparkle","Relic Stats","Slay-I","StSLib","Unknown Chances"],"gold_per_floor":[20,34,52,71,71,71,43,43,43,60,88,100,100,100],"floor_reached":13,"language":"ENG","playtime":450,"items_purged":[],"score":174,"play_id":"9e1de8d0-9779-4652-9e07-860781e7232b","local_time":"20210213163750","is_ascension_mode":true,"campfire_choices":[{"data":"Sadistic Nature","floor":6.0,"key":"SMITH"},{"data":"Armaments","floor":8.0,"key":"SMITH"}],"circlet_count":0,"master_deck":["AscendersBane","Strike_R","Strike_R","Strike_R","Strike_R","Strike_R","Defend_R","Defend_R","Defend_R","Defend_R","Bash","Sadistic Nature+1","Cleave","Fire Breathing","Anger","Thunderclap","Armaments+1","Double Tap","Inflame"],"relics":["Burning Blood","The Courier","Unceasing Top"],"acts_visited":["Exordium"],"potions_floor_usage":[],"damage_taken":[{"damage":14.0,"enemies":"Jaw Worm","floor":1.0,"turns":4.0},{"damage":6.0,"enemies":"Cultist","floor":2.0,"turns":3.0},{"damage":6.0,"enemies":"2 Louse","floor":3.0,"turns":3.0},{"damage":14.0,"enemies":"Exordium Wildlife","floor":4.0,"turns":6.0},{"damage":14.0,"enemies":"Exordium Thugs","floor":10.0,"turns":3.0},{"damage":32.0,"enemies":"Gremlin Nob","floor":11.0,"turns":4.0},{"damage":11.0,"enemies":"Blue Slaver","floor":12.0,"turns":3.0},{"damage":20,"enemies":"3 Sentries","floor":13,"turns":3}],"seed_played":"-9152484521892549349","potions_obtained":[{"floor":1.0,"key":"DistilledChaos"},{"floor":4.0,"key":"Regen Potion"},{"floor":5.0,"key":"AttackPotion"}],"is_trial":false,"path_per_floor":["M","M","M","M","?","R","$","R","T","M","E","M","E"],"character_chosen":"IRONCLAD","items_purchased":["Armaments"],"campfire_rested":0,"item_purchase_floors":[7],"current_hp_per_floor":[60,60,60,52,52,52,52,52,52,49,23,18,0,0],"gold":100,"neow_bonus":"RANDOM_COLORLESS_2","is_daily":false,"chose_seed":false,"campfire_upgraded":2,"win_rate":0.0,"timestamp":1613263070,"path_taken":["M","M","M","M","?","R","?","R","T","M","E","M","E"],"items_purchased_type":["Card"],"build_version":"2020-12-22","purchased_purges":0,"victory":false,"max_hp_per_floor":[75,75,75,75,75,75,75,75,75,75,75,75,75,75],"relic_stats":{"counters":[8,29],"obtain_stats":[{"The Courier":9,"Burning Blood":0,"Unceasing Top":11},{"The Courier":4,"Burning Blood":0,"Unceasing Top":6},{"The Courier":16,"Burning Blood":0,"Unceasing Top":23}],"Burning Blood":42,"Unceasing Top":[0]},"card_choices":[{"not_picked":["Transmutation","Metamorphosis"],"picked":"Sadistic Nature","floor":0.0},{"not_picked":["Iron Wave","Twin Strike"],"picked":"Cleave","floor":1.0},{"not_picked":["Body Slam","Second Wind"],"picked":"Fire Breathing","floor":2.0},{"not_picked":["Sword Boomerang","Sentinel"],"picked":"Anger","floor":3.0},{"not_picked":["Armaments","Shrug It Off"],"picked":"Thunderclap","floor":4.0},{"not_picked":["Body Slam","Heavy Blade"],"picked":"Double Tap","floor":10.0},{"not_picked":["Combust","Flame Barrier"],"picked":"Inflame","floor":11.0},{"not_picked":["Cleave","Pommel Strike","Armaments"],"picked":"SKIP","floor":12.0}],"player_experience":514301,"relics_obtained":[{"floor":9.0,"key":"The Courier"},{"floor":11.0,"key":"Unceasing Top"}],"event_choices":[{"damage_healed":0.0,"max_hp_gain":0.0,"max_hp_loss":0.0,"gold_gain":0.0,"event_name":"Lab","player_choice":"Got Potions","floor":5.0,"gold_loss":0.0,"damage_taken":0.0}],"is_beta":false,"boss_relics":[],"items_purged_floors":[],"is_endless":false,"potions_floor_spawned":[1,4],"killed_by":"3 Sentries","ascension_level":20}}