{"host":"bp3tm7tvk8nf4kb2","time":1613282856,"event":{"mods":["2.2 Compatiblity","AchievementEnabler","BaseMod","Bestiary","Better Match","Better Third Choice","BetterRewards","Colored Map","Colored Powertips","Curses Come First","DeckTracker","Downfall","Duelist Mod","Friendly Minions","Googly Eyes","Halation","Highlight Path","Marisa????????","Minty Spire (QoL Compilation)","Morshu Shopkeeper - ENHANCED","Permanent Neow","Quick Restart","Rare Cards Sparkle","Reorder Act Four","Replay The Spire","Shop Mod","Spicy Shops","StSLib","The Animator","TheBandit","Waifu the Spire","Wide Potions","everything is the same but u backflip on backflip"],"gold_per_floor":[117,130,143,143,143,169,169,169,169],"floor_reached":8,"language":"ENG","playtime":329,"items_purged":[],"score":56,"play_id":"2db1647e-fd94-4beb-8389-3d70299860e0","local_time":"20210213220736","is_ascension_mode":false,"campfire_choices":[{"floor":7,"key":"DIG"}],"circlet_count":0,"master_deck":["Strike_B","Strike_B","Strike_B","Strike_B","Defend_B","Defend_B","Defend_B","Defend_B","Zap","Dualcast","Ball Lightning","Compile Driver"],"relics":["Cracked Core","Potion Belt","Shovel","Replay:Towering Pillar of Hats","Counterbalance","halation:Toothbrush","Gremlin Horn"],"acts_visited":["Exordium"],"potions_floor_usage":[6],"damage_taken":[{"damage":6,"enemies":"Cultist","floor":1,"turns":3},{"damage":3,"enemies":"Jaw Worm","floor":2,"turns":3},{"damage":2,"enemies":"2 Louse","floor":3,"turns":3},{"damage":21,"enemies":"Lagavulin","floor":6,"turns":5},{"damage":31,"enemies":"3 Sentries","floor":8,"turns":4}],"seed_played":"-4112381122345457514","potions_obtained":[{"floor":3,"key":"SkillPotion"}],"is_trial":false,"path_per_floor":["M","M","M","?","T","E","R","E"],"character_chosen":"DEFECT","items_purchased":["Potion Belt","Shovel"],"campfire_rested":0,"item_purchase_floors":[0,0],"current_hp_per_floor":[50,47,45,50,50,29,29,0,0],"gold":169,"neow_bonus":"","is_daily":false,"chose_seed":false,"campfire_upgraded":0,"win_rate":0.0,"timestamp":1613282856,"path_taken":["M","M","?","?","?","E","R","E"],"items_purchased_type":["Relic","Relic"],"build_version":"2020-12-22","purchased_purges":0,"victory":false,"max_hp_per_floor":[75,75,75,80,80,80,80,80,80],"card_choices":[{"not_picked":["Streamline","Steam","Sweeping Beam"],"picked":"SKIP","floor":1},{"not_picked":["ReplayTheSpireMod:Repulse","ReplayTheSpireMod:Reroute Power","Rebound"],"picked":"SKIP","floor":2},{"not_picked":["Stack","Lockon"],"picked":"Ball Lightning","floor":3},{"not_picked":["Recycle","Rebound"],"picked":"Compile Driver","floor":6}],"player_experience":53009,"relics_obtained":[{"floor":5,"key":"Counterbalance"},{"floor":6,"key":"halation:Toothbrush"},{"floor":7,"key":"Gremlin Horn"}],"event_choices":[{"damage_healed":0,"gold_gain":0,"player_choice":"Donut","damage_taken":0,"max_hp_gain":5,"max_hp_loss":0,"event_name":"Big Fish","floor":4,"gold_loss":0}],"is_beta":false,"boss_relics":[],"items_purged_floors":[],"is_endless":false,"potions_floor_spawned":[3],"killed_by":"3 Sentries","ascension_level":0}}