{"host":"f6w7z8zvb0mi4wy9","time":1613266880,"event":{"mods":["BaseMod","Colored Map","Minty Spire (QoL Compilation)","READ ME - Guardian Mod","StSLib","SuperFastMode","The Jungle"],"gold_per_floor":[115,131,143,159,169,196,27,53,76,104,104,122,122,135,135,235,235,251,262,262,280,296,324,340,340,340,350,36,47,9,19,19,19,19],"floor_reached":33,"language":"KOR","playtime":973,"items_purged":[],"score":336,"play_id":"4dc1b8f1-e5c3-44d3-8a73-f05496897126","local_time":"20210214104120","is_ascension_mode":true,"campfire_choices":[{"floor":11.0,"key":"REST"},{"data":"Apotheosis","floor":15.0,"key":"SMITH"},{"data":"Beam Cell","floor":25.0,"key":"SMITH"},{"floor":32,"key":"REST"}],"circlet_count":0,"master_deck":["Strike_B","Strike_B","Strike_B","Strike_B","Defend_B","Defend_B","Defend_B","Defend_B","Zap+1","Dualcast","Beam Cell+1","Steam","Skim","Streamline","Gash","Go for the Eyes","Apotheosis+1","Go for the Eyes","Scrape","Seek","Machine Learning","Gash","Skim+1","White Noise+1","BootSequence","White Noise"],"relics":["Cracked Core","Pen Nib","Bottled Flame","Darkstone Periapt","Blood Vial","Lantern","Sozu","Tiny Chest","Question Card","Torii"],"acts_visited":["Exordium","TheCity"],"potions_floor_usage":[29],"damage_taken":[{"damage":0.0,"enemies":"2 Louse","floor":1.0,"turns":3.0},{"damage":1.0,"enemies":"Cultist","floor":2.0,"turns":3.0},{"damage":0.0,"enemies":"Jaw Worm","floor":3.0,"turns":1.0},{"damage":25.0,"enemies":"Exordium Thugs","floor":4.0,"turns":5.0},{"damage":0.0,"enemies":"3 Louse","floor":5.0,"turns":2.0},{"damage":21.0,"enemies":"3 Sentries","floor":6.0,"turns":7.0},{"damage":0.0,"enemies":"Gremlin Nob","floor":8.0,"turns":3.0},{"damage":22.0,"enemies":"3 Sentries","floor":10.0,"turns":5.0},{"damage":3.0,"enemies":"Blue Slaver","floor":12.0,"turns":4.0},{"damage":2.0,"enemies":"Lots of Slimes","floor":14.0,"turns":3.0},{"damage":17.0,"enemies":"The Guardian","floor":16.0,"turns":12.0},{"damage":2.0,"enemies":"Chosen","floor":18.0,"turns":3.0},{"damage":10.0,"enemies":"2 Thieves","floor":19.0,"turns":3.0},{"damage":6.0,"enemies":"Centurion and Healer","floor":21.0,"turns":5.0},{"damage":23.0,"enemies":"Snake Plant","floor":22.0,"turns":3.0},{"damage":23.0,"enemies":"Book of Stabbing","floor":23.0,"turns":6.0},{"damage":3.0,"enemies":"Snecko","floor":24.0,"turns":4.0},{"damage":3.0,"enemies":"Centurion and Healer","floor":27.0,"turns":4.0},{"damage":11,"enemies":"Sentry and Sphere","floor":29,"turns":4},{"damage":0,"enemies":"Snake Plant","floor":31,"turns":2},{"damage":45,"enemies":"Automaton","floor":33,"turns":6}],"seed_played":"-5052741160417025706","potions_obtained":[{"floor":1.0,"key":"Weak Potion"},{"floor":6.0,"key":"PowerPotion"},{"floor":10.0,"key":"Weak Potion"},{"floor":14.0,"key":"Energy Potion"},{"floor":16.0,"key":"SneckoOil"}],"is_trial":false,"path_per_floor":["M","M","M","M","M","E","$","E","T","E","R","M","?","M","R","B",null,"M","M","?","M","M","E","M","R","T","M","$","M","$","M","R","B"],"character_chosen":"DEFECT","items_purchased":["Apotheosis","Torii","BootSequence"],"campfire_rested":2,"item_purchase_floors":[7,28,30],"current_hp_per_floor":[75,74,74,49,49,28,28,28,28,8,30,29,29,29,29,14,75,73,65,65,61,40,19,18,18,18,17,17,8,8,10,32,0,0],"gold":19,"neow_bonus":"RANDOM_COMMON_RELIC","is_daily":false,"chose_seed":false,"campfire_upgraded":2,"win_rate":0.0,"timestamp":1613266880,"path_taken":["M","M","M","M","M","E","$","E","T","E","R","M","?","?","R","BOSS","M","M","?","M","M","E","M","R","T","M","$","M","$","M","R","BOSS"],"items_purchased_type":["Card","Relic","Card"],"build_version":"2020-12-22","purchased_purges":0,"victory":false,"max_hp_per_floor":[75,75,75,75,75,75,75,75,75,75,75,75,75,75,75,75,75,75,75,75,75,75,75,75,75,75,75,75,75,75,75,75,75,75],"card_choices":[{"not_picked":["Melter","Rebound"],"picked":"Beam Cell","floor":1.0},{"not_picked":["Lockon","Echo Form"],"picked":"Steam","floor":2.0},{"not_picked":["Lockon","Leap"],"picked":"Skim","floor":3.0},{"not_picked":["Loop","Doom and Gloom"],"picked":"Streamline","floor":4.0},{"not_picked":["Coolheaded","Hello World"],"picked":"Gash","floor":5.0},{"not_picked":["Aggregate","Cold Snap"],"picked":"Go for the Eyes","floor":6.0},{"not_picked":["Darkness","Thunder Strike"],"picked":"Go for the Eyes","floor":8.0},{"not_picked":["Darkness","Streamline"],"picked":"Scrape","floor":10.0},{"not_picked":["Rebound","Stack","Leap"],"picked":"SKIP","floor":12.0},{"not_picked":["Beam Cell","Aggregate"],"picked":"Seek","floor":14.0},{"not_picked":["Amplify","Hyperbeam"],"picked":"Machine Learning","floor":16.0},{"not_picked":["Sunder+1","Melter+1","Compile Driver"],"picked":"SKIP","floor":18.0},{"not_picked":["Stack+1","Hologram"],"picked":"Gash","floor":19.0},{"not_picked":["Stack+1","Fusion"],"picked":"Skim+1","floor":21.0},{"not_picked":["Static Discharge","Coolheaded","Stack"],"picked":"SKIP","floor":22.0},{"not_picked":["Streamline+1","Double Energy","Thunder Strike"],"picked":"SKIP","floor":23.0},{"not_picked":["Stack+1","Force Field","Loop"],"picked":"SKIP","floor":24.0},{"not_picked":["Steam","Compile Driver","Conserve Battery+1"],"picked":"White Noise+1","floor":27.0},{"not_picked":["Fusion","Redo","Steam Power","Auto Shields+1"],"picked":"SKIP","floor":29},{"not_picked":["Go for the Eyes","Sweeping Beam+1","Force Field"],"picked":"White Noise","floor":31}],"player_experience":937337,"relics_obtained":[{"floor":6.0,"key":"Bottled Flame"},{"floor":8.0,"key":"Darkstone Periapt"},{"floor":9.0,"key":"Blood Vial"},{"floor":10.0,"key":"Lantern"},{"floor":23.0,"key":"Tiny Chest"},{"floor":26.0,"key":"Question Card"}],"event_choices":[{"damage_healed":0.0,"max_hp_gain":0.0,"max_hp_loss":0.0,"gold_gain":0.0,"event_name":"NoteForYourself","player_choice":"Ignored","floor":13.0,"gold_loss":0.0,"damage_taken":0.0},{"damage_healed":0.0,"max_hp_gain":0.0,"max_hp_loss":0.0,"gold_gain":0.0,"event_name":"Upgrade Shrine","player_choice":"Upgraded","floor":20.0,"gold_loss":0.0,"damage_taken":0.0,"cards_upgraded":["Zap"]}],"is_beta":false,"boss_relics":[{"not_picked":["Velvet Choker","Runic Pyramid"],"picked":"Sozu"}],"items_purged_floors":[],"is_endless":false,"potions_floor_spawned":[1,6,10,14,16,18,19,27,29],"killed_by":"Automaton","ascension_level":1}}