{"host":"x5q8uzeox1qwonhv","time":1613295322,"event":{"mods":["Act Like it!","BaseMod","Better Skull","Better Third Choice","BetterRewards","Downfall","Googly Eyes","Hermit","Minty Spire (QoL Compilation)","MostiFishMod","Quick Restart","Spicy Shops","StSLib","The IronCluck","WarShipGirlsR/’ΩΩ¢…Ÿ≈ÆR mod"],"gold_per_floor":[117,133,133,149,42,68,68,97,97,119,119,152,39,66,66,166,166,186,35,35,49,67,67,95,95],"floor_reached":24,"language":"ZHS","playtime":1701,"items_purged":["hermit:Defend_Hermit"],"score":254,"play_id":"a1552c8d-98e3-497d-8ca7-b65f4a2b1d8c","local_time":"20210214173522","is_ascension_mode":true,"campfire_choices":[{"data":"hermit:Adapt","floor":7.0,"key":"SMITH"},{"data":"hermit:Gestalt","floor":11.0,"key":"SMITH"},{"floor":15.0,"key":"REST"},{"data":"hermit:EternalForm","floor":23,"key":"SMITH"}],"circlet_count":0,"master_deck":["hermit:Strike_Hermit","hermit:Strike_Hermit","hermit:Strike_Hermit","hermit:Strike_Hermit","hermit:Defend_Hermit","hermit:Defend_Hermit","hermit:Snapshot","hermit:Covet","hermit:Dive","hermit:HoleUp","hermit:Gestalt+1","hermit:Brawl","hermit:Adapt+1","hermit:LoneWolf","hermit:TakeCover","hermit:EyeOfTheStorm","hermit:Determination","hermit:Spite","hermit:EternalForm+1","hermit:Quickdraw","hermit:Midnight","hermit:EyeOfTheStorm"],"relics":["hermit:Momento","DaveBox","NeowsBlessing","RhineSuit","SynthV:TestCard","Letter Opener","Omamori","hermit:Spyglass","Odd Mushroom","Mummified Hand","Darkstone Periapt","PatriotShield","Lantern","Blood Vial"],"acts_visited":["Exordium","TheCity"],"potions_floor_usage":[],"damage_taken":[{"damage":0.0,"enemies":"Small Slimes","floor":1.0,"turns":1.0},{"damage":0.0,"enemies":"Jaw Worm","floor":2.0,"turns":1.0},{"damage":0.0,"enemies":"2 Louse","floor":4.0,"turns":1.0},{"damage":1.0,"enemies":"Lagavulin","floor":6.0,"turns":6.0},{"damage":17.0,"enemies":"3 Sentries","floor":8.0,"turns":8.0},{"damage":12.0,"enemies":"The Mushroom Lair","floor":10.0,"turns":5.0},{"damage":6.0,"enemies":"Gremlin Nob","floor":12.0,"turns":5.0},{"damage":10.0,"enemies":"3 Sentries","floor":14.0,"turns":8.0},{"damage":18.0,"enemies":"The Guardian","floor":16.0,"turns":9.0},{"damage":0.0,"enemies":"2 Thieves","floor":18.0,"turns":3.0},{"damage":0.0,"enemies":"Chosen","floor":21.0,"turns":2.0},{"damage":0.0,"enemies":"Snecko","floor":22.0,"turns":3.0},{"damage":2,"enemies":"Gremlin Leader","floor":24,"turns":5}],"seed_played":"5140270099379241749","potions_obtained":[{"floor":2.0,"key":"Dexterity Potion"},{"floor":4.0,"key":"GamblersBrew"},{"floor":6.0,"key":"CultistPotion"},{"floor":10.0,"key":"Strength Potion"},{"floor":16.0,"key":"Strength Potion"}],"is_trial":false,"path_per_floor":["M","M","?","M","$","E","R","E","T","?","R","E","$","E","R","B",null,"M","$","?","M","M","R","E"],"character_chosen":"HERMIT","items_purchased":["hermit:Brawl","hermit:Determination","Lantern"],"campfire_rested":1,"item_purchase_floors":[5,13,19],"current_hp_per_floor":[75,75,68,68,68,67,67,50,50,38,38,32,32,22,44,26,75,75,75,61,61,61,61,59,59],"gold":95,"neow_bonus":"THREE_ENEMY_KILL","is_daily":false,"chose_seed":false,"campfire_upgraded":3,"win_rate":0.0,"timestamp":1613295322,"path_taken":["M","M","?","M","$","E","R","E","T","?","R","E","$","E","R","BOSS","M","$","?","M","M","R","E"],"items_purchased_type":["Card","Card","Relic"],"build_version":"2020-12-22","purchased_purges":1,"victory":false,"max_hp_per_floor":[75,75,75,75,75,75,75,75,75,75,75,75,75,75,75,75,75,75,75,80,80,80,80,80,80],"card_choices":[{"not_picked":["hermit:LowProfile","hermit:Showdown"],"picked":"hermit:Dive","floor":1.0},{"not_picked":["hermit:Virtue","hermit:Coalescence","hermit:Vantage","hermit:TakeCover"],"picked":"hermit:HoleUp","floor":2.0},{"not_picked":["hermit:Horror","hermit:BigShot","hermit:Feint","hermit:Manifest"],"picked":"hermit:Gestalt","floor":4.0},{"not_picked":["hermit:Malice","hermit:CursedWeapon","hermit:CalledShot","hermit:Headshot"],"picked":"hermit:Adapt","floor":6.0},{"not_picked":["hermit:Desperado","hermit:Headshot","hermit:Spite","hermit:FinalCanter"],"picked":"hermit:LoneWolf","floor":8.0},{"not_picked":["hermit:LowProfile","hermit:TakeAim","hermit:Midnight","hermit:Cheat"],"picked":"hermit:TakeCover","floor":10.0},{"not_picked":["hermit:Vantage","hermit:FlashPowder","hermit:Dive","hermit:Deadeye"],"picked":"hermit:EyeOfTheStorm","floor":12.0},{"not_picked":["hermit:Determination","hermit:Misfire","hermit:Desperado","hermit:TakeCover"],"picked":"hermit:Spite","floor":14.0},{"not_picked":["hermit:FatalDesire","hermit:Gambit","hermit:Dissolve","hermit:BlackWind"],"picked":"hermit:EternalForm","floor":16.0},{"not_picked":["hermit:Spite","hermit:Grudge","hermit:Cheat","hermit:TrackingShot+1"],"picked":"hermit:Quickdraw","floor":18.0},{"not_picked":["hermit:CalledShot","hermit:Virtue","hermit:Misfire","hermit:PistolWhip+1"],"picked":"hermit:Midnight","floor":21.0},{"not_picked":["hermit:WideOpen","hermit:CursedWeapon","hermit:NoHoldsBarred","hermit:Headshot"],"picked":"hermit:EyeOfTheStorm","floor":22}],"player_experience":209455,"relics_obtained":[{"floor":1.0,"key":"SynthV:TestCard"},{"floor":6.0,"key":"Letter Opener"},{"floor":8.0,"key":"Omamori"},{"floor":9.0,"key":"hermit:Spyglass"},{"floor":10.0,"key":"Odd Mushroom"},{"floor":12.0,"key":"Mummified Hand"},{"floor":14.0,"key":"Darkstone Periapt"},{"floor":24,"key":"Blood Vial"}],"event_choices":[{"cards_removed":["hermit:Defend_Hermit"],"damage_healed":0.0,"max_hp_gain":0.0,"max_hp_loss":0.0,"gold_gain":0.0,"event_name":"Golden Wing","player_choice":"Card Removal","floor":3.0,"gold_loss":0.0,"damage_taken":7.0},{"damage_healed":0.0,"max_hp_gain":0.0,"max_hp_loss":0.0,"gold_gain":0.0,"event_name":"Mushrooms","player_choice":"Fought Mushrooms","floor":10.0,"gold_loss":0.0,"damage_taken":0.0},{"damage_healed":0.0,"max_hp_gain":5.0,"max_hp_loss":0.0,"gold_gain":0.0,"event_name":"Forgotten Altar","player_choice":"Shed Blood","floor":20.0,"gold_loss":0.0,"damage_taken":19.0}],"is_beta":false,"boss_relics":[{"not_picked":["Fusion Hammer","EE1DDrone"],"picked":"PatriotShield"}],"items_purged_floors":[13],"is_endless":false,"potions_floor_spawned":[2,4,6,10,16,22],"killed_by":"Gremlin Leader","ascension_level":1}}