{"host":"cfqfeqi6u2qx5u0e","time":1613262290,"event":{"mods":["AchievementEnabler","BaseMod","Minty Spire (QoL Compilation)","Quick Restart","StSLib"],"gold_per_floor":[109,126,143,160,174,199,199,211,237,237,267,280,280,308,320,428,440,467,479,491,503,527,539,539],"floor_reached":23,"language":"ENG","playtime":1802,"items_purged":[],"score":224,"play_id":"a4308243-8e5f-43be-ad06-58a25eabda9f","local_time":"20210213162450","is_ascension_mode":true,"campfire_choices":[{"floor":7,"key":"REST"},{"floor":10,"key":"REST"},{"floor":15,"key":"REST"}],"circlet_count":0,"master_deck":["Strike_B","Strike_B","Strike_B","Defend_B","Defend_B","Defend_B","Defend_B","Zap","Dualcast","FTL","Go for the Eyes","Sweeping Beam","Steam Power","Lockon","Fusion","Streamline","Beam Cell","Go for the Eyes","Tempest","Creative AI","All For One","FTL","Genetic Algorithm"],"relics":["Sozu","Bottled Flame","Centennial Puzzle","MawBank","Black Star","Enchiridion","MutagenicStrength"],"acts_visited":["Exordium","TheCity"],"potions_floor_usage":[],"damage_taken":[{"damage":0,"enemies":"2 Louse","floor":1,"turns":2},{"damage":1,"enemies":"Jaw Worm","floor":2,"turns":3},{"damage":2,"enemies":"Small Slimes","floor":3,"turns":3},{"damage":7,"enemies":"Looter","floor":4,"turns":3},{"damage":23,"enemies":"Exordium Thugs","floor":5,"turns":4},{"damage":15,"enemies":"Lagavulin","floor":6,"turns":5},{"damage":17,"enemies":"Red Slaver","floor":8,"turns":3},{"damage":20,"enemies":"3 Sentries","floor":11,"turns":7},{"damage":0,"enemies":"Exordium Wildlife","floor":12,"turns":3},{"damage":18,"enemies":"Lagavulin","floor":14,"turns":5},{"damage":36,"enemies":"Slime Boss","floor":16,"turns":9},{"damage":15,"enemies":"3 Byrds","floor":18,"turns":5},{"damage":5,"enemies":"Spheric Guardian","floor":22,"turns":3},{"damage":26,"enemies":"Book of Stabbing","floor":23,"turns":4}],"seed_played":"-8261399683259254894","potions_obtained":[],"is_trial":false,"path_per_floor":["M","M","M","M","M","E","R","M","T","R","E","M","?","E","R","B",null,"M","?","?","?","M","E"],"character_chosen":"DEFECT","items_purchased":[],"campfire_rested":3,"item_purchase_floors":[],"current_hp_per_floor":[75,74,72,65,42,27,49,32,32,54,34,34,34,16,38,2,75,60,44,30,30,25,0,0],"gold":539,"neow_bonus":"BOSS_RELIC","is_daily":false,"chose_seed":false,"campfire_upgraded":0,"win_rate":0.0,"timestamp":1613262290,"path_taken":["M","M","M","M","M","E","R","M","T","R","E","M","?","E","R","BOSS","M","?","?","?","M","E"],"items_purchased_type":[],"build_version":"2020-12-22","purchased_purges":0,"victory":false,"max_hp_per_floor":[75,75,75,75,75,75,75,75,75,75,75,75,75,75,75,75,75,75,75,80,80,80,80,80],"card_choices":[{"not_picked":["Rebound","Darkness"],"picked":"FTL","floor":1},{"not_picked":["Rebound","Heatsinks"],"picked":"Go for the Eyes","floor":2},{"not_picked":["Cold Snap","Lockon"],"picked":"Sweeping Beam","floor":3},{"not_picked":["Steam","Leap"],"picked":"Steam Power","floor":4},{"not_picked":["Tempest","Turbo"],"picked":"Lockon","floor":5},{"not_picked":["Beam Cell","Tempest"],"picked":"Fusion","floor":6},{"not_picked":["Go for the Eyes","Redo"],"picked":"Streamline","floor":8},{"not_picked":["Cold Snap","Leap"],"picked":"Beam Cell","floor":11},{"not_picked":["Turbo","Barrage"],"picked":"Go for the Eyes","floor":12},{"not_picked":["Glacier","FTL"],"picked":"Creative AI","floor":14},{"not_picked":["Electrodynamics","Amplify"],"picked":"All For One","floor":16},{"not_picked":["Cold Snap","Compile Driver"],"picked":"FTL","floor":18},{"not_picked":["Fusion","Lockon"],"picked":"Genetic Algorithm","floor":22}],"player_experience":57630,"relics_obtained":[{"floor":6,"key":"Bottled Flame"},{"floor":11,"key":"Centennial Puzzle"},{"floor":14,"key":"MawBank"},{"floor":19,"key":"Enchiridion"}],"event_choices":[{"damage_healed":0,"gold_gain":0,"cards_transformed":["Strike_B"],"player_choice":"Change","damage_taken":0,"max_hp_gain":0,"max_hp_loss":0,"event_name":"Living Wall","floor":13,"gold_loss":0,"cards_obtained":["Tempest"]},{"damage_healed":0,"gold_gain":0,"player_choice":"Obtained Book","damage_taken":16,"max_hp_gain":0,"max_hp_loss":0,"event_name":"Cursed Tome","floor":19,"gold_loss":0},{"damage_healed":0,"gold_gain":0,"player_choice":"Shed Blood","damage_taken":19,"max_hp_gain":5,"max_hp_loss":0,"event_name":"Forgotten Altar","floor":20,"gold_loss":0},{"damage_healed":0,"gold_gain":0,"player_choice":"Inject Mutagens","damage_taken":0,"relics_obtained":["MutagenicStrength"],"max_hp_gain":0,"max_hp_loss":0,"event_name":"Drug Dealer","floor":21,"gold_loss":0}],"is_beta":false,"boss_relics":[{"not_picked":["Runic Dome","SacredBark"],"picked":"Black Star"}],"items_purged_floors":[],"is_endless":false,"potions_floor_spawned":[3,6,8,11,12,16,18,22],"killed_by":"Book of Stabbing","ascension_level":1}}