{"host":"wp105hvsojjeutt1","time":1613343856,"event":{"mods":["2.2 Compatiblity","AchievementEnabler","Act Like it!","Aspiration","BaseMod","Best Route Mod","Better Match","Better Note","Better Sensory Stone","Block Reminder","Colored Map","Colored Powertips","Conjunction","Conspire","Custom Start","Energized Spire","GifTheSpireLib","Gold Saver","Gremlin Skip","Halation","Highlight Path","Hubris","Infinite Spire","Minty Spire (QoL Compilation)","Pale of the Ancients","Quick Restart","Replay The Spire","Reworked Bosses","ShortenTheSpire","Spire Exporter","StSLib","Stuff the Spire","Wandering Minibosses"],"gold_per_floor":[390,406,419,432,443,443,455,455,455,236,236,270,270,280,280,280,280],"floor_reached":16,"language":"ENG","playtime":280,"items_purged":["Defend_R"],"score":104,"play_id":"5b53e202-40af-4878-b48e-4e197939cfae","local_time":"20210215010416","is_ascension_mode":false,"campfire_choices":[{"data":"Bash","floor":6,"key":"SMITH"},{"data":"Pommel Strike","floor":8,"key":"SMITH"},{"data":"Pommel Strike","floor":11,"key":"SMITH"},{"data":"Pommel Strike","floor":13,"key":"SMITH"},{"data":"Strike_R","floor":15,"key":"SMITH"}],"circlet_count":0,"master_deck":["Strike_R+1","Strike_R","Strike_R","Strike_R","Strike_R","Defend_R","Defend_R","Defend_R","Bash+1","Pommel Strike+1","Pommel Strike+1","Pommel Strike+1"],"relics":["Burning Blood","NeowsBlessing","StuffTheSpire:CocoNut","aspiration:Nostalgia","Replay:M_StaffOfTheSnake","StuffTheSpire:Barrel"],"acts_visited":["Exordium"],"potions_floor_usage":[4,5,7,16],"damage_taken":[{"damage":0,"enemies":"Cultist","floor":1,"turns":1},{"damage":0,"enemies":"Small Slimes","floor":2,"turns":1},{"damage":0,"enemies":"Jaw Worm","floor":3,"turns":1},{"damage":3,"enemies":"3 Louse","floor":4,"turns":2},{"damage":0,"enemies":"2 Fungi Beasts","floor":5,"turns":2},{"damage":13,"enemies":"Large Slime","floor":7,"turns":4},{"damage":9,"enemies":"Replay:BlueRogue","floor":12,"turns":4},{"damage":4,"enemies":"Blue Slaver","floor":14,"turns":3},{"damage":84,"enemies":"Hexaghost","floor":16,"turns":10}],"seed_played":"5927090622354536754","potions_obtained":[{"floor":1,"key":"Explosive Potion"},{"floor":2,"key":"Fire Potion"},{"floor":5,"key":"Adrenaline Potion"},{"floor":12,"key":"Venom Potion"}],"is_trial":false,"path_per_floor":["M","M","M","M","M","R","M","R","T","$","R","E","R","M","R","B"],"character_chosen":"IRONCLAD","items_purchased":["aspiration:Nostalgia"],"campfire_rested":0,"item_purchase_floors":[10],"current_hp_per_floor":[80,80,80,80,80,80,73,73,80,80,80,77,77,79,79,0,0],"gold":280,"neow_bonus":"THREE_ENEMY_KILL","is_daily":false,"chose_seed":false,"campfire_upgraded":5,"win_rate":0.0,"timestamp":1613343856,"path_taken":["M","M","M","M","M","R","M","R","T","$","R","E","R","M","R","BOSS"],"items_purchased_type":["Relic"],"build_version":"2020-12-22","purchased_purges":1,"victory":false,"max_hp_per_floor":[80,80,80,80,80,80,80,80,87,87,87,87,87,87,87,87,87],"card_choices":[{"not_picked":["Replay:Undeath\u0027s Touch","hubris:ReadiedAction"],"picked":"Pommel Strike","floor":1},{"not_picked":["hubris:ReadiedAction","StuffTheSpire:Incineration","Body Slam"],"picked":"SKIP","floor":2},{"not_picked":["Defy Death","Shrug It Off"],"picked":"Pommel Strike","floor":3},{"not_picked":["Dual Wield","Anger"],"picked":"Pommel Strike","floor":4},{"not_picked":["hubris:CleavingFinish","Headbutt","Run Through"],"picked":"SKIP","floor":5},{"not_picked":["Feel No Pain","Headbutt","conspire:ExplosiveBarrier"],"picked":"SKIP","floor":7},{"not_picked":["Armaments","Double Tap","Dagger Throw"],"picked":"SKIP","floor":12},{"not_picked":["CutThroughFate","EmptyMind","Body Slam"],"picked":"SKIP","floor":14}],"player_experience":1349,"relics_obtained":[{"floor":9,"key":"StuffTheSpire:CocoNut"},{"floor":12,"key":"StuffTheSpire:Barrel"}],"event_choices":[],"is_beta":false,"boss_relics":[],"items_purged_floors":[10],"is_endless":false,"potions_floor_spawned":[1,2,5,12],"killed_by":"Hexaghost","ascension_level":0}}