{"host":"hl3ams4am2ku5u4p","time":1613326789,"event":{"mods":["AchievementEnabler","Act Like it!","Aspiration","BaseMod","Beaked The Cultist","BetterRewards","CatGirl Mod","Colored Map","Colored Powertips","Conspire","Downfall","Energized Spire","Halation","Hallownest","HornydragonMod","Hubris","Infinite Spire","Jedi Mod","Mad Scientist","Magitek Elite","Minty Spire (QoL Compilation)","READ ME - Guardian Mod","Replay The Spire","Spikes Relics","StSLib","SuperFastMode","The Blackbeard","The Bug Knight","The Construct","The Disciple","The Jungle","The Mystic","The Necromancer","The Senshi"],"gold_per_floor":[115,132,156,156,156,156,172,172,190,190,262,262,280,305,324,355,355,453,453,472,472,218,218,233,233,267,267,267,282,282,307,325,250,250,350,350,366,366,379,394,394,394,405,405,486,503,503,503,548,570,582,594],"floor_reached":53,"language":"FRA","playtime":1866,"items_purged":["HollowMod:NailStrikeStart"],"score":819,"play_id":"706cee44-4a9a-413f-b81c-d93ea1c10029","local_time":"20210214191949","is_ascension_mode":false,"campfire_choices":[{"data":"HollowMod:GreatSlash","floor":8,"key":"SMITH"},{"data":"HollowMod:GreatSlash","floor":10,"key":"SMITH"},{"data":"HollowMod:FocusHealStart","floor":12,"key":"SMITH"},{"data":"HollowMod:CoiledNail","floor":17,"key":"SMITH"},{"data":"HollowMod:GreatSlash+1","floor":25,"key":"SMITH"},{"data":"HollowMod:GreatSlash+2","floor":27,"key":"SMITH"},{"data":"HollowMod:GreatSlash+3","floor":30,"key":"SMITH"},{"data":"HollowMod:GreatSlash+4","floor":34,"key":"SMITH"},{"data":"HollowMod:GreatSlash+6","floor":42,"key":"SMITH"},{"data":"HollowMod:GreatSlash+7","floor":44,"key":"SMITH"},{"data":"HollowMod:GreatSlash+8","floor":47,"key":"SMITH"},{"floor":51,"key":"REST"}],"circlet_count":0,"master_deck":["HollowMod:NailStrikeStart","HollowMod:NailStrikeStart","HollowMod:NailStrikeStart","HollowMod:QuickDashStart","HollowMod:QuickDashStart","HollowMod:QuickDashStart","HollowMod:QuickDashStart","HollowMod:FocusHealStart+1","HollowMod:PogoStrike","HollowMod:GrimmsGift+1","HollowMod:GreatSlash+1","HollowMod:DungDefenderAura+1","HollowMod:MantisMark+1","HollowMod:GreatSlash+9","HollowMod:LifebloodCore+1","HollowMod:CoiledNail+1","HollowMod:theNailsmith+1","HollowMod:GoodIntentions+1","HollowMod:PureNailStrike+1"],"relics":["HollowMod:VesselMask","Toxic Egg 2","jedi:Pinwheel","construct:FoamFinger","Question Card","hubris:Backtick","conspire:InfiniteJournal","jedi:heavyjacket","jedi:bottledfury","SnailShell","hubris:TerracottaHorce","Bottled Lightning","MawBank","conspire:DeflatedDodgeball"],"acts_visited":["Exordium","Hallownest:Greenpath","TheBeyond"],"potions_floor_usage":[15,31,31,40,46,46,50,52],"damage_taken":[{"damage":1,"enemies":"Hallownest:2_MossCreeps","floor":1,"turns":3},{"damage":4,"enemies":"Hallownest:monsterHuskGuard","floor":2,"turns":4},{"damage":1,"enemies":"Hallownest:monsterHuskWarrior","floor":7,"turns":3},{"damage":3,"enemies":"Hallownest:1_Baldur_1_Crawlid_1_Warrior","floor":9,"turns":4},{"damage":1,"enemies":"Hallownest:Guard_and_Warrior","floor":13,"turns":4},{"damage":0,"enemies":"Hallownest:eliteCrystalGuardian","floor":14,"turns":5},{"damage":7,"enemies":"Hallownest:MossCreep_and_Mosskin","floor":15,"turns":3},{"damage":0,"enemies":"Hallownest:eliteMossKnight","floor":16,"turns":3},{"damage":25,"enemies":"Hallownest:BossFalseKnight","floor":18,"turns":6},{"damage":2,"enemies":"Hallownest:Guard_and_Sentry","floor":20,"turns":5},{"damage":1,"enemies":"Hallownest:2_Mistakes","floor":24,"turns":3},{"damage":0,"enemies":"Hallownest:Glutton_and_Coward","floor":26,"turns":3},{"damage":2,"enemies":"Hallownest:Warrior_and_Youth","floor":29,"turns":2},{"damage":0,"enemies":"Hallownest:eliteSoulWarrior","floor":31,"turns":3},{"damage":0,"enemies":"Hallownest:monsterShrumalOgre","floor":32,"turns":3},{"damage":8,"enemies":"Hallownest:BossMantisLord","floor":35,"turns":2},{"damage":0,"enemies":"Orb Walker","floor":37,"turns":3},{"damage":7,"enemies":"3 Darklings","floor":39,"turns":3},{"damage":0,"enemies":"Spire Growth","floor":40,"turns":3},{"damage":0,"enemies":"Jaw Worm Horde","floor":43,"turns":1},{"damage":4,"enemies":"Maw","floor":46,"turns":6},{"damage":0,"enemies":"Nemesis","floor":49,"turns":3},{"damage":33,"enemies":"4 Shapes","floor":50,"turns":1},{"damage":26,"enemies":"Time Eater","floor":52,"turns":8}],"seed_played":"-1178128312629835154","potions_obtained":[{"floor":1,"key":"Flashbang"},{"floor":9,"key":"SpeedPotion"},{"floor":14,"key":"Fire Potion"},{"floor":15,"key":"conspire:TimeTravelPotion"},{"floor":24,"key":"Flashbang"},{"floor":29,"key":"Adrenaline Potion"},{"floor":31,"key":"Reflective Coating"},{"floor":37,"key":"Block Potion"},{"floor":40,"key":"Fruit Juice"},{"floor":49,"key":"Block Potion"}],"is_trial":false,"path_per_floor":["M","M","T","$","PTL","PTL","M","R","M","R","T","R","M","E","M","E","R","B",null,"M","?","$","?","M","R","M","R","T","M","R","E","M","$","R","B",null,"M","?","M","M","?","R","M","R","T","M","R","T","E","M","R","B",null],"character_chosen":"THE_BUGKNIGHT","items_purchased":["Toxic Egg 2","HollowMod:GrimmsGift+1","HollowMod:GreatSlash","HollowMod:DungDefenderAura+1","jedi:heavyjacket"],"campfire_rested":1,"item_purchase_floors":[0,0,0,0,22],"current_hp_per_floor":[58,60,60,60,60,60,65,65,62,62,62,62,67,67,68,68,68,43,75,75,75,75,75,74,74,74,74,74,72,72,72,72,72,72,64,72,72,72,65,65,65,65,65,65,65,72,72,72,72,39,63,43],"gold":606,"neow_bonus":"","is_daily":false,"chose_seed":false,"campfire_upgraded":11,"win_rate":0.0,"timestamp":1613326789,"path_taken":["M","?","?","$","PTL","PTL","M","R","M","R","T","R","M","E","?","E","R","BOSS","M","?","$","?","M","R","M","R","T","M","R","E","?","$","R","BOSS","M","?","M","?","?","R","?","R","T","M","R","?","E","M","R","BOSS"],"items_purchased_type":["Relic","Card","Card","Card","Relic"],"build_version":"2020-12-22","purchased_purges":1,"victory":true,"max_hp_per_floor":[75,75,75,75,75,75,75,75,75,75,75,75,75,75,75,75,75,75,75,75,75,75,75,75,75,75,75,75,75,75,75,75,75,75,75,75,75,75,75,75,75,75,75,75,75,80,80,80,80,80,80,80],"card_choices":[{"not_picked":["HollowMod:FallenFury","HollowMod:AbyssShriek","HollowMod:ChannelNail+1"],"picked":"SKIP","floor":1},{"not_picked":["HollowMod:ShadowDash+1","HollowMod:MothsMistake","HollowMod:InfectionAssault"],"picked":"SKIP","floor":2},{"not_picked":["HollowMod:CycloneSlash","HollowMod:AbyssShriek"],"picked":"HollowMod:MantisMark+1","floor":7},{"not_picked":["HollowMod:InfectedCysts","HollowMod:DashSlash"],"picked":"HollowMod:GreatSlash","floor":9},{"not_picked":["HollowMod:HowlingWraiths","HollowMod:SoulStrike","HollowMod:SharpenedNail"],"picked":"SKIP","floor":13},{"not_picked":["HollowMod:DungDefenderAura+1","HollowMod:BaldurShell"],"picked":"HollowMod:LifebloodCore+1","floor":14},{"not_picked":["HollowMod:HowlingWraiths","HollowMod:CycloneSlash","HollowMod:DoubleDash+1"],"picked":"SKIP","floor":15},{"not_picked":["HollowMod:DashSlash","HollowMod:InfectedAttack"],"picked":"HollowMod:CoiledNail","floor":16},{"not_picked":["HollowMod:ElderbugsWisdom","HollowMod:SoulMaster","HollowMod:HornetsHelp"],"picked":"HollowMod:theNailsmith+1","floor":18},{"not_picked":["HollowMod:VengefulSpirit","HollowMod:AbyssShriek","HollowMod:NewLittleFool","HollowMod:BaldurShell+1"],"picked":"SKIP","floor":20},{"not_picked":["HollowMod:DesolateDive","HollowMod:VengefulVoid","HollowMod:SoulShaman+1"],"picked":"HollowMod:GoodIntentions+1","floor":24},{"not_picked":["HollowMod:NewJinnsSoul+1","HollowMod:SharpenedNail","HollowMod:SoulStrike+1","HollowMod:RecoilStrike"],"picked":"SKIP","floor":26},{"not_picked":["HollowMod:DoubleDash+1","HollowMod:DreamGate+1","HollowMod:HowlingWraiths","HollowMod:GreatSlash"],"picked":"SKIP","floor":29},{"not_picked":["HollowMod:HowlingWraiths","HollowMod:ChannelNail+1","HollowMod:Weaversong","HollowMod:GoodIntentions+1"],"picked":"SKIP","floor":31},{"not_picked":["HollowMod:NewLittleFool","HollowMod:ShadowDash+1","HollowMod:Hiveblood+1"],"picked":"HollowMod:PureNailStrike+1","floor":32},{"not_picked":["HollowMod:SiblingsShadow+1","HollowMod:FastStrike","HollowMod:SiblingsSouls+1","HollowMod:BaldurShell+1"],"picked":"SKIP","floor":37},{"not_picked":["HollowMod:FastStrike+1","HollowMod:AbyssShriek","HollowMod:TaintedHusks+1","HollowMod:MonarchWings+1"],"picked":"SKIP","floor":39},{"not_picked":["HollowMod:DoubleDash+1","HollowMod:ShadowDash+1","HollowMod:DashSlash","HollowMod:ShapeofUnn"],"picked":"SKIP","floor":40},{"not_picked":["HollowMod:RecoilStrike+1","HollowMod:BaldurShell","HollowMod:InfectedCysts","HollowMod:DungDefenderAura+1"],"picked":"SKIP","floor":43},{"not_picked":["HollowMod:GoodIntentions+1","HollowMod:SiblingsSouls+1","HollowMod:ChannelNail+1","HollowMod:PureNailStrike+1"],"picked":"SKIP","floor":46},{"not_picked":["HollowMod:FastStrike+1","HollowMod:PerfectDash+1","HollowMod:SharpenedShadows+1","HollowMod:NewLittleFool"],"picked":"SKIP","floor":49},{"not_picked":["HollowMod:DashSlash","HollowMod:SharpenedShadows","HollowMod:DungDefenderAura+1","HollowMod:SoulStrike"],"picked":"SKIP","floor":50}],"player_experience":87846,"relics_obtained":[{"floor":11,"key":"jedi:Pinwheel"},{"floor":14,"key":"construct:FoamFinger"},{"floor":16,"key":"Question Card"},{"floor":28,"key":"jedi:bottledfury"},{"floor":31,"key":"SnailShell"},{"floor":45,"key":"Bottled Lightning"},{"floor":48,"key":"MawBank"},{"floor":49,"key":"conspire:DeflatedDodgeball"}],"event_choices":[{"damage_healed":0,"gold_gain":0,"player_choice":"Upgraded","damage_taken":0,"max_hp_gain":0,"max_hp_loss":0,"event_name":"Upgrade Shrine","floor":38,"gold_loss":0,"cards_upgraded":["HollowMod:GreatSlash"]}],"is_beta":false,"boss_relics":[{"not_picked":["beaked:SacredDeck","infinitespire:Cupcake"],"picked":"hubris:Backtick"},{"not_picked":["energizedSpire:SpiderWeb","aspiration:RitualDagger"],"picked":"hubris:TerracottaHorce"}],"items_purged_floors":[33],"is_endless":false,"potions_floor_spawned":[1,9,14,15,24,29,31,37,40,49],"ascension_level":0}}