{"host":"1v3mnj67s3trvm6y","time":1613267161,"event":{"mods":["BaseMod","Challenge The Spire","Downfall","Minty Spire (QoL Compilation)","StSLib"],"gold_per_floor":[99,117,117,267,280,315,392,39,39,50,78,63,63,91,102,203,203,203,217,127,127,127,127,127,155,155,174,190,90,122,142,152,251,251,151,162,179,190,195,195,195,206,238,250,260,260,160,178,188,188,188,219,94,94,94,94],"floor_reached":57,"language":"ENG","playtime":4085,"items_purged":["champ:Defend","downfall:Icky","champ:Strike"],"score":1344,"play_id":"7fedbb2d-3a7d-4030-a18e-26920012e1e1","local_time":"20210214104601","is_ascension_mode":false,"campfire_choices":[{"data":"champ:Taunt","floor":1,"key":"SMITH"},{"floor":13,"key":"REST"},{"floor":18,"key":"RECALL"},{"data":"champ:Improvising","floor":23,"key":"SMITH"},{"floor":26,"key":"REST"},{"data":"champ:DancingMaster","floor":29,"key":"SMITH"},{"data":"champ:FancyFootwork","floor":35,"key":"SMITH"},{"data":"champ:TripleStrike","floor":40,"key":"SMITH"},{"floor":47,"key":"REST"},{"floor":54,"key":"REST"}],"circlet_count":0,"master_deck":["champ:Strike","champ:Strike","champ:Strike","champ:Defend","champ:Defend","champ:Defend","champ:Execute","champ:Taunt+1","champ:FanOfKnives","champ:AdrenalArmor","champ:FlashCut","champ:CheapShot","champ:EnGarde","champ:TornadoPunch","champ:ArenaPreparation","champ:FaceSlap","champ:FlashCut","champ:EnchantCrown","champ:Backstep+1","champ:BringItOn","champ:Improvising+1","champ:FancyFootwork+1","champ:Backstep+1","champ:DancingMaster+1","champ:Shatter+1","champ:EnragedBash","champ:TripleStrike+1","champ:Haymaker+1","champ:GutPunch","champ:ShieldWall+1","champ:BringItOn","champ:Shatter+1","champ:BerserkersShout+1","champ:FlashCut","champ:Haymaker+1"],"relics":["champ:ChampionCrown","Blue Candle","Mercury Hourglass","Pear","Ice Cream","champ:SpectersHand","Sundial","SlaversCollar","Singing Bowl","Happy Flower","downfall:HeartBlessingGreen","Omamori","Busted Crown","downfall:HeartBlessingRed","Question Card","MealTicket","downfall:HeartBlessingBlue","Gremlin Horn"],"acts_visited":["Exordium","TheCity","TheBeyond","TheEnding"],"potions_floor_usage":[6,11,19,25,30,33,44,48,50,56,56,56],"damage_taken":[{"damage":10,"enemies":"2 Louse","floor":2,"turns":2},{"damage":27,"enemies":"Jaw Worm","floor":5,"turns":4},{"damage":67,"enemies":"Gremlin Nob","floor":6,"turns":6},{"damage":25,"enemies":"downfall:FleeingMerchant","floor":8,"turns":4},{"damage":20,"enemies":"Cultist","floor":10,"turns":3},{"damage":21,"enemies":"Lagavulin","floor":11,"turns":6},{"damage":45,"enemies":"downfall:FleeingMerchant","floor":12,"turns":5},{"damage":10,"enemies":"3 Sentries","floor":14,"turns":5},{"damage":13,"enemies":"Blue Slaver","floor":15,"turns":4},{"damage":62,"enemies":"WA_ARCHETYPE_RETAIN","floor":16,"turns":7},{"damage":15,"enemies":"downfall:LooterAlt2","floor":19,"turns":4},{"damage":42,"enemies":"downfall:FleeingMerchant","floor":20,"turns":5},{"damage":11,"enemies":"Slavers","floor":25,"turns":2},{"damage":10,"enemies":"3 Byrds","floor":27,"turns":4},{"damage":0,"enemies":"Snake Plant","floor":28,"turns":3},{"damage":28,"enemies":"Gremlin Leader","floor":30,"turns":6},{"damage":25,"enemies":"Shelled Parasite and Fungi","floor":31,"turns":4},{"damage":36,"enemies":"Centurion and Healer","floor":32,"turns":5},{"damage":75,"enemies":"IC_MUSHROOM_ARCHETYPE","floor":33,"turns":7},{"damage":23,"enemies":"3 Shapes","floor":36,"turns":4},{"damage":4,"enemies":"Orb Walker","floor":37,"turns":4},{"damage":53,"enemies":"4 Shapes","floor":38,"turns":7},{"damage":21,"enemies":"downfall:FleeingMerchant","floor":39,"turns":4},{"damage":33,"enemies":"Sphere and 2 Shapes","floor":42,"turns":3},{"damage":15,"enemies":"Reptomancer","floor":43,"turns":5},{"damage":34,"enemies":"Writhing Mass","floor":44,"turns":5},{"damage":30,"enemies":"Maw","floor":45,"turns":6},{"damage":13,"enemies":"Spire Growth","floor":48,"turns":3},{"damage":48,"enemies":"4 Shapes","floor":49,"turns":4},{"damage":117,"enemies":"DF_ARCHETYPE_ORBS","floor":50,"turns":9},{"damage":118,"enemies":"downfall:CharBossMerchant","floor":52,"turns":8},{"damage":149,"enemies":"downfall:NeowBoss","floor":55,"turns":13},{"damage":111,"enemies":"downfall:NeowBossFinal","floor":56,"turns":11}],"seed_played":"-9084394258475286828","potions_obtained":[{"floor":5,"key":"sneckomod:MuddlingPotion"},{"floor":6,"key":"PowerPotion"},{"floor":10,"key":"Fire Potion"},{"floor":11,"key":"EssenceOfSteel"},{"floor":14,"key":"champ:TechniquePotion"},{"floor":16,"key":"Block Potion"},{"floor":19,"key":"Explosive Potion"},{"floor":25,"key":"BlessingOfTheForge"},{"floor":28,"key":"DuplicationPotion"},{"floor":30,"key":"champ:CounterPotion"},{"floor":42,"key":"PowerPotion"},{"floor":43,"key":"SkillPotion"},{"floor":44,"key":"Swift Potion"},{"floor":48,"key":"Ancient Potion"},{"floor":52,"key":"Weak Potion"}],"is_trial":false,"path_per_floor":["R","M","?","?","M","E","T","$","?","M","E","$","R","E","M","B",null,"R","M","$","?","?","R","T","E","R","M","M","R","E","M","M","B",null,"R","M","M","M","$","R","T","M","E","M","M","?","R","M","M","B",null,"E","$","R","B","B",null],"character_chosen":"THE_CHAMP","items_purchased":["Ice Cream","champ:EnGarde","Question Card"],"campfire_rested":4,"item_purchase_floors":[8,8,39],"current_hp_per_floor":[99,99,94,94,87,40,50,50,60,60,59,59,94,94,91,49,119,119,109,102,77,77,77,77,66,103,103,103,103,102,97,96,76,126,126,125,121,118,119,119,119,106,106,97,97,97,140,137,109,37,140,114,129,142,128,72],"gold":94,"neow_bonus":"TEN_PERCENT_HP_BONUS","is_daily":false,"chose_seed":false,"campfire_upgraded":5,"win_rate":0.0,"timestamp":1613267161,"path_taken":["R","M","?","?","M","E","T","?","?","M","E","$","R","E","M","BOSS","R","M","$","?","?","R","T","E","R","M","M","R","E","M","M","BOSS","R","M","M","?","$","R","T","M","E","M","M","?","R","M","M","BOSS","E","$","R","BOSS","BOSS"],"items_purchased_type":["Relic","Card","Relic"],"build_version":"2020-12-22","purchased_purges":3,"victory":true,"max_hp_per_floor":[99,99,99,99,99,99,109,109,119,119,119,119,119,119,119,119,119,119,119,119,124,124,124,124,124,124,124,124,124,126,126,126,126,126,126,128,128,128,130,130,130,130,130,130,130,130,140,140,140,140,140,142,142,142,142,142],"card_choices":[{"not_picked":["champ:Backstep","champ:BringItOn"],"picked":"champ:FanOfKnives","floor":2},{"not_picked":["champ:TornadoPunch","champ:ShieldSigil"],"picked":"champ:AdrenalArmor","floor":5},{"not_picked":["champ:BringItOn","champ:DefensiveShout"],"picked":"champ:FlashCut","floor":6},{"not_picked":["champ:BerserkersShout","champ:FanOfKnives"],"picked":"champ:CheapShot","floor":8},{"not_picked":["champ:Parry","champ:ShieldSigil"],"picked":"champ:FocusedDefense","floor":10},{"not_picked":["champ:BerserkerStyle","champ:CrookedStrike"],"picked":"champ:TornadoPunch","floor":11},{"not_picked":["champ:RecklessLeap","champ:DefensiveStyle"],"picked":"champ:ArenaPreparation","floor":12},{"not_picked":["champ:FanOfKnives","champ:Parry"],"picked":"champ:FaceSlap","floor":14},{"not_picked":["champ:TornadoPunch","champ:CrownThrow"],"picked":"champ:FlashCut","floor":15},{"not_picked":["champ:HoldFirm","champ:EnchantShield"],"picked":"champ:EnchantCrown","floor":16},{"not_picked":["champ:TornadoPunch","champ:BringItOn"],"picked":"champ:Backstep+1","floor":19},{"not_picked":["champ:TornadoPunch","champ:FanOfKnives"],"picked":"champ:BringItOn","floor":20},{"not_picked":["champ:HoldFirm","champ:DefensiveShout+1"],"picked":"champ:FancyFootwork","floor":25},{"not_picked":["champ:FocusedDefense","champ:FlashCut"],"picked":"champ:Backstep+1","floor":27},{"not_picked":["champ:DeathBlow","champ:BladeFlurry"],"picked":"champ:DancingMaster","floor":28},{"not_picked":["champ:CrownThrow","champ:DeathBlow+1","champ:Encircle+1"],"picked":"Singing Bowl","floor":30},{"not_picked":["champ:Haymaker","champ:FanOfKnives"],"picked":"champ:Shatter+1","floor":31},{"not_picked":["champ:FalseCounter","champ:SetATrap"],"picked":"champ:EnragedBash","floor":32},{"not_picked":["champ:HeavySlash","champ:LastStand"],"picked":"champ:TripleStrike","floor":33},{"not_picked":["champ:RapidStrikes"],"picked":"Singing Bowl","floor":36},{"not_picked":[],"picked":"champ:Haymaker+1","floor":37},{"not_picked":[],"picked":"champ:GutPunch","floor":38},{"not_picked":["champ:Circumvent+1"],"picked":"Singing Bowl","floor":39},{"not_picked":["champ:Lariat"],"picked":"champ:ShieldWall+1","floor":42},{"not_picked":["champ:ShieldSigil"],"picked":"champ:BringItOn","floor":43},{"not_picked":["champ:PreciseThrust"],"picked":"champ:Shatter+1","floor":44},{"not_picked":["champ:SwordThrow"],"picked":"champ:BerserkersShout+1","floor":45},{"not_picked":["champ:BerserkersShout"],"picked":"champ:FlashCut","floor":48},{"not_picked":["champ:TornadoPunch"],"picked":"champ:Haymaker+1","floor":49},{"not_picked":["champ:BladeFlurry","champ:BerserkersShout"],"picked":"Singing Bowl","floor":52}],"player_experience":1799050,"relics_obtained":[{"floor":6,"key":"Mercury Hourglass"},{"floor":7,"key":"Pear"},{"floor":11,"key":"champ:SpectersHand"},{"floor":14,"key":"Sundial"},{"floor":24,"key":"Singing Bowl"},{"floor":25,"key":"Happy Flower"},{"floor":30,"key":"Omamori"},{"floor":43,"key":"MealTicket"},{"floor":52,"key":"Gremlin Horn"}],"event_choices":[{"cards_removed":["champ:FocusedDefense"],"damage_healed":0,"gold_gain":0,"player_choice":"Removed Skill","damage_taken":0,"max_hp_gain":0,"max_hp_loss":0,"event_name":"Falling","floor":46,"gold_loss":0}],"is_beta":false,"boss_relics":[{"not_picked":["Snecko Eye","bronze:MakeshiftBattery"],"picked":"SlaversCollar"},{"not_picked":["Coffee Dripper","Runic Dome"],"picked":"Busted Crown"}],"items_purged_floors":[20,39,53],"is_endless":false,"potions_floor_spawned":[5,6,10,11,14,16,19,25,28,30,31,42,43,44,48,49,52],"ascension_level":0}}