{"host":"pke0xxyzw0teju56","time":1613332385,"event":{"mods":["BaseMod","Bestiary","Colored Powertips","Highlight Path","Minty Spire (QoL Compilation)","Relic Stats","Slay the Relics Exporter","StSLib"],"gold_per_floor":[119,119,119,137,150,150,169,169,169,169,169,15,51,74,74,167,167,182,205,205,281,59,59,83,83,83,83,97,97,138,63,63,153,153,178,7,25,0,18,18,37,37,37,37,71,86,86,109,109,109,109,109],"floor_reached":51,"language":"ENG","playtime":2400,"items_purged":["Strike_R"],"score":1511,"play_id":"2a1bc2eb-8ab9-42aa-8096-8da635240383","local_time":"20210214145305","is_ascension_mode":true,"campfire_choices":[{"data":"Carnage","floor":6,"key":"SMITH"},{"data":"Fire Breathing","floor":8,"key":"SMITH"},{"floor":10,"key":"REST"},{"floor":15,"key":"REST"},{"data":"Feed","floor":23,"key":"SMITH"},{"floor":25,"key":"REST"},{"data":"Barricade","floor":27,"key":"SMITH"},{"data":"Body Slam","floor":32,"key":"SMITH"},{"data":"Fiend Fire","floor":40,"key":"SMITH"},{"data":"Battle Trance","floor":44,"key":"SMITH"},{"floor":47,"key":"RECALL"},{"data":"Ghostly Armor","floor":49,"key":"SMITH"}],"circlet_count":0,"master_deck":["AscendersBane","Strike_R","Defend_R","Defend_R","Defend_R","Defend_R","Bash","Cleave","Shrug It Off","Carnage+1","Fire Breathing+1","Feed+1","Battle Trance+1","Shrug It Off","Barricade+1","Carnage","Body Slam+1","Ghostly Armor+1","Ghostly+1","Ghostly+1","Ghostly+1","Evolve","Fiend Fire+1","Dropkick","Immolate","True Grit+1","Shrug It Off+1","True Grit+1"],"relics":["Burning Blood","Bag of Marbles","Question Card","Sundial","Golden Idol","Torii","Regal Pillow","Velvet Choker","The Courier","Self Forming Clay","Toxic Egg 2","Pen Nib","Snecko Eye","Membership Card","Red Mask","Strawberry"],"acts_visited":["Exordium","TheCity","TheBeyond"],"potions_floor_usage":[9,18,33,33,45,50],"damage_taken":[{"damage":4,"enemies":"Jaw Worm","floor":1,"turns":4},{"damage":6,"enemies":"Cultist","floor":4,"turns":3},{"damage":7,"enemies":"Small Slimes","floor":5,"turns":3},{"damage":0,"enemies":"Blue Slaver","floor":7,"turns":2},{"damage":47,"enemies":"Lagavulin","floor":13,"turns":6},{"damage":0,"enemies":"Slime Boss","floor":16,"turns":5},{"damage":16,"enemies":"Spheric Guardian","floor":18,"turns":4},{"damage":26,"enemies":"Shell Parasite","floor":19,"turns":4},{"damage":28,"enemies":"Shelled Parasite and Fungi","floor":24,"turns":4},{"damage":14,"enemies":"Centurion and Healer","floor":28,"turns":9},{"damage":19,"enemies":"Book of Stabbing","floor":30,"turns":7},{"damage":22,"enemies":"Champ","floor":33,"turns":24},{"damage":0,"enemies":"3 Shapes","floor":35,"turns":3},{"damage":0,"enemies":"Orb Walker","floor":37,"turns":3},{"damage":9,"enemies":"Sphere and 2 Shapes","floor":39,"turns":3},{"damage":0,"enemies":"Transient","floor":41,"turns":6},{"damage":0,"enemies":"Reptomancer","floor":45,"turns":6},{"damage":0,"enemies":"3 Darklings","floor":46,"turns":4},{"damage":3,"enemies":"4 Shapes","floor":48,"turns":3},{"damage":80,"enemies":"Time Eater","floor":50,"turns":17},{"damage":21,"enemies":"Donu and Deca","floor":51,"turns":4}],"seed_played":"3774708996968972502","potions_obtained":[{"floor":7,"key":"Fruit Juice"},{"floor":16,"key":"AttackPotion"},{"floor":24,"key":"Energy Potion"},{"floor":30,"key":"Dexterity Potion"},{"floor":33,"key":"DistilledChaos"},{"floor":35,"key":"Regen Potion"}],"is_trial":false,"path_per_floor":["M","?","?","M","M","R","M","R","T","R","?","$","E","T","R","B",null,"M","M","?","T","$","R","M","R","T","R","M","?","E","?","R","B",null,"M","$","M","?","M","R","M","?","T","R","E","M","R","M","R","B","B"],"character_chosen":"IRONCLAD","items_purchased":["Feed","Battle Trance","Self Forming Clay","Membership Card"],"campfire_rested":3,"item_purchase_floors":[12,12,22,36],"current_hp_per_floor":[70,63,18,18,17,17,23,23,28,52,52,52,11,11,47,53,67,57,37,37,37,37,37,19,56,56,56,52,40,27,27,27,15,37,47,47,52,52,53,53,56,56,56,56,63,63,63,67,67,8,0,0],"gold":109,"neow_bonus":"RANDOM_COMMON_RELIC","is_daily":false,"chose_seed":false,"campfire_upgraded":8,"win_rate":0.0,"timestamp":1613332385,"path_taken":["M","?","?","?","?","R","M","R","T","R","?","$","E","?","R","BOSS","M","?","?","?","$","R","M","R","T","R","?","?","E","?","R","BOSS","M","?","?","?","M","R","M","?","T","R","E","M","R","?","R","BOSS","BOSS"],"items_purchased_type":["Card","Card","Relic","Relic"],"build_version":"2020-12-22","purchased_purges":1,"victory":false,"max_hp_per_floor":[75,75,75,75,75,75,75,75,80,80,72,72,72,72,72,72,72,72,72,72,72,72,72,76,76,76,76,80,40,40,40,40,44,44,48,48,52,52,56,56,56,56,56,56,63,63,63,67,67,67,67,67],"relic_stats":{"Regal Pillow":30,"Torii":18,"counters":[21,124],"Sundial":[24],"Golden Idol":119,"Self Forming Clay":[78],"Snecko Eye":[111,97,103,91],"Pen Nib":[8],"Question Card":18,"obtain_stats":[{"Regal Pillow":14,"Torii":13,"Golden Idol":11,"Self Forming Clay":22,"Velvet Choker":17,"The Courier":21,"Pen Nib":30,"Question Card":3,"Burning Blood":0,"Sundial":9,"Strawberry":45,"Snecko Eye":34,"Bag of Marbles":0,"Red Mask":38,"Membership Card":36,"Toxic Egg 2":26},{"Regal Pillow":5,"Torii":5,"Golden Idol":4,"Self Forming Clay":8,"Velvet Choker":6,"The Courier":8,"Pen Nib":11,"Question Card":1,"Burning Blood":0,"Sundial":4,"Strawberry":17,"Snecko Eye":12,"Bag of Marbles":0,"Red Mask":14,"Membership Card":13,"Toxic Egg 2":9},{"Regal Pillow":18,"Torii":18,"Golden Idol":12,"Self Forming Clay":31,"Velvet Choker":23,"The Courier":31,"Pen Nib":51,"Question Card":4,"Burning Blood":0,"Sundial":12,"Strawberry":96,"Snecko Eye":75,"Bag of Marbles":0,"Red Mask":81,"Membership Card":78,"Toxic Egg 2":35}],"Burning Blood":97},"card_choices":[{"not_picked":["True Grit","Clash"],"picked":"Cleave","floor":1},{"not_picked":["Armaments","Iron Wave","Perfected Strike"],"picked":"Shrug It Off","floor":4},{"not_picked":["Twin Strike","True Grit","Pummel"],"picked":"Carnage","floor":5},{"not_picked":["Warcry","Twin Strike","Armaments"],"picked":"Fire Breathing","floor":7},{"not_picked":["Warcry","Perfected Strike","Entrench"],"picked":"Shrug It Off","floor":13},{"not_picked":["Double Tap","Brutality","Feed"],"picked":"Barricade","floor":16},{"not_picked":["Sword Boomerang","Heavy Blade","Clash"],"picked":"Carnage","floor":18},{"not_picked":["Heavy Blade","Combust","Dark Embrace"],"picked":"Body Slam","floor":19},{"not_picked":["Berserk","Cleave","Clash"],"picked":"Ghostly Armor","floor":24},{"not_picked":["Inflame","Armaments+1","Perfected Strike","Anger"],"picked":"SKIP","floor":28},{"not_picked":["Searing Blow","Hemokinesis","Sentinel+1"],"picked":"Evolve","floor":30},{"not_picked":["Feed","Corruption","Reaper"],"picked":"Immolate","floor":33},{"not_picked":["Rupture","Havoc+1","Second Wind+1","Rage+1"],"picked":"SKIP","floor":35},{"not_picked":["Ghostly Armor+1","Feel No Pain","Clash"],"picked":"True Grit+1","floor":37},{"not_picked":["Uppercut","Rage+1","Pummel+1"],"picked":"Shrug It Off+1","floor":39},{"not_picked":["Havoc+1","Body Slam+1","Clothesline","Flex+1"],"picked":"SKIP","floor":41},{"not_picked":["Wild Strike","Immolate","Inflame","Headbutt"],"picked":"SKIP","floor":45},{"not_picked":["Anger","Thunderclap+1","Blood for Blood+1","Sword Boomerang"],"picked":"SKIP","floor":46},{"not_picked":["Flex+1","Dual Wield+1","Cleave"],"picked":"True Grit+1","floor":48}],"player_experience":5335051,"relics_obtained":[{"floor":9,"key":"Sundial"},{"floor":13,"key":"Torii"},{"floor":14,"key":"Regal Pillow"},{"floor":21,"key":"The Courier"},{"floor":26,"key":"Toxic Egg 2"},{"floor":30,"key":"Pen Nib"},{"floor":45,"key":"Strawberry"}],"event_choices":[{"cards_removed":["Strike_R"],"damage_healed":0,"gold_gain":0,"player_choice":"Card Removal","damage_taken":7,"max_hp_gain":0,"max_hp_loss":0,"event_name":"Golden Wing","floor":2,"gold_loss":0},{"damage_healed":0,"gold_gain":0,"player_choice":"Success","damage_taken":45,"relics_obtained":["Question Card"],"max_hp_gain":0,"max_hp_loss":0,"event_name":"Scrap Ooze","floor":3,"gold_loss":0},{"damage_healed":0,"gold_gain":0,"player_choice":"Lose Max HP","damage_taken":0,"relics_obtained":["Golden Idol"],"max_hp_gain":0,"max_hp_loss":8,"event_name":"Golden Idol","floor":11,"gold_loss":0},{"damage_healed":0,"gold_gain":0,"player_choice":"Ignored","damage_taken":0,"max_hp_gain":0,"max_hp_loss":0,"event_name":"The Mausoleum","floor":20,"gold_loss":0},{"damage_healed":0,"gold_gain":0,"player_choice":"Became a Ghost","damage_taken":0,"max_hp_gain":0,"max_hp_loss":40,"event_name":"Ghosts","floor":29,"gold_loss":0,"cards_obtained":["Ghostly","Ghostly","Ghostly"]},{"damage_healed":0,"gold_gain":0,"cards_transformed":["Strike_R","Strike_R"],"player_choice":"Transformed Cards","damage_taken":0,"max_hp_gain":0,"max_hp_loss":0,"event_name":"Designer","floor":31,"gold_loss":75,"cards_obtained":["Fiend Fire","Dropkick"]},{"damage_healed":0,"gold_gain":0,"player_choice":"Paid","damage_taken":0,"relics_obtained":["Red Mask"],"max_hp_gain":0,"max_hp_loss":0,"event_name":"Tomb of Lord Red Mask","floor":38,"gold_loss":25},{"damage_healed":0,"gold_gain":0,"player_choice":"Ignored","damage_taken":0,"max_hp_gain":0,"max_hp_loss":0,"event_name":"SecretPortal","floor":42,"gold_loss":0}],"is_beta":false,"boss_relics":[{"not_picked":["Runic Pyramid","Cursed Key"],"picked":"Velvet Choker"},{"not_picked":["Tiny House","Sozu"],"picked":"Snecko Eye"}],"items_purged_floors":[36],"is_endless":false,"potions_floor_spawned":[7,16,24,30,33,35,39],"killed_by":"Donu and Deca","ascension_level":20}}