{"host":"qheym18ww6mhskxf","time":1613274330,"event":{"mods":["100% Spire Juice","BaseMod","CapriCore","Friendly Minions","GungeonMod","KOR Keyword Fix","Kiyohime£¨?ýï£©","Minty Spire (QoL Compilation)","Prisma Mod","Quick Restart","Rare Cards Sparkle","Shop Mod","Spicy Shops","StSLib","Td1madao Mod","The Dragon Tamer","Username Fix"],"gold_per_floor":[116,132,1,15,15,15,33,33,33,53,79,79,92,108,108,208,258,272,285,285,285,285,285],"floor_reached":22,"language":"KOR","playtime":449,"items_purged":[],"score":356,"play_id":"73d90b89-42d4-4351-9ad4-7f3fc2ac94d8","local_time":"20210214124530","daily_mods":["Heirloom","Time Dilation","DeadlyEvents","Elite Swarm"],"is_ascension_mode":true,"campfire_choices":[{"data":"Eruption","floor":6.0,"key":"SMITH"},{"data":"Trip","floor":8.0,"key":"SMITH"},{"data":"Crescendo","floor":12.0,"key":"SMITH"},{"data":"Consecrate","floor":15.0,"key":"SMITH"}],"circlet_count":0,"master_deck":["Strike_P","Strike_P","Strike_P","Strike_P","Defend_P+1","Defend_P","Defend_P","Defend_P","Eruption+1","Vigilance","Trip+1","Crescendo+1","FlyingSleeves","Consecrate+1","PrismaMod:ChloeCarnivalDefend","PrismaMod:ChloeExcalibur+1"],"relics":["PureWater","FossilizedHelix","Boot","DemoMod:Metronome","Tiny House"],"acts_visited":["Exordium","TheCity"],"potions_floor_usage":[22],"damage_taken":[{"damage":0.0,"enemies":"Cultist","floor":1.0,"turns":3.0},{"damage":0.0,"enemies":"Small Slimes","floor":2.0,"turns":3.0},{"damage":0.0,"enemies":"2 Louse","floor":4.0,"turns":3.0},{"damage":0.0,"enemies":"Blue Slaver","floor":7.0,"turns":2.0},{"damage":0.0,"enemies":"2 Fungi Beasts","floor":10.0,"turns":3.0},{"damage":0.0,"enemies":"Red Slaver","floor":13.0,"turns":3.0},{"damage":0.0,"enemies":"Exordium Wildlife","floor":14.0,"turns":3.0},{"damage":0.0,"enemies":"Slime Boss","floor":16.0,"turns":2.0},{"damage":0.0,"enemies":"2 Thieves","floor":18.0,"turns":2.0},{"damage":19.0,"enemies":"Shell Parasite","floor":19.0,"turns":3.0},{"damage":45,"enemies":"Slavers","floor":22,"turns":3}],"seed_played":"1567710380274423602","potions_obtained":[{"floor":1.0,"key":"LiquidBronze"},{"floor":2.0,"key":"Energy Potion"},{"floor":7.0,"key":"EntropicBrew"},{"floor":13.0,"key":"SteroidPotion"},{"floor":17.0,"key":"EntropicBrew"},{"floor":18.0,"key":"DemoMod:LeadSkinPotion"},{"floor":19.0,"key":"BlessingOfTheForge"}],"is_trial":true,"path_per_floor":["M","M","$","M","?","R","M","R","T","M","T","R","M","M","R","B",null,"M","M","?","?","E"],"character_chosen":"WATCHER","items_purchased":["Trip","Crescendo"],"campfire_rested":0,"item_purchase_floors":[3,3],"current_hp_per_floor":[65,65,65,65,70,70,70,70,70,70,70,70,70,70,70,70,80,80,61,45,45,0,0],"gold":285,"neow_bonus":"","is_daily":false,"chose_seed":false,"campfire_upgraded":4,"win_rate":0.0,"timestamp":1613274330,"path_taken":["M","?","$","M","?","R","M","R","T","M","?","R","M","M","R","BOSS","M","M","?","?","?"],"items_purchased_type":["Card","Card"],"build_version":"2020-12-22","purchased_purges":0,"victory":false,"max_hp_per_floor":[72,72,72,72,77,77,77,77,77,77,77,77,77,77,77,77,82,82,82,87,87,87,87],"card_choices":[{"not_picked":["FollowUp","PrismaMod:ChloeBetterTracePools","SignatureMove"],"picked":"SKIP","floor":1.0},{"not_picked":["Study","CrushJoints","Meditate"],"picked":"SKIP","floor":2.0},{"not_picked":["Evaluate","Crescendo"],"picked":"FlyingSleeves","floor":4.0},{"not_picked":["LikeWater","ForeignInfluence","PrismaMod:ChloeGreatTracePools"],"picked":"SKIP","floor":7.0},{"not_picked":["FollowUp","Adaptation","JustLucky"],"picked":"SKIP","floor":10.0},{"not_picked":["SignatureMove","Halt"],"picked":"Consecrate","floor":13.0},{"not_picked":["PrismaMod:ChloeCheapAttackTwo","BowlingBash","JustLucky"],"picked":"SKIP","floor":14.0},{"not_picked":["PrismaMod:ChloeReshuffleDiscard","MasterReality"],"picked":"PrismaMod:ChloeCarnivalDefend","floor":16.0},{"not_picked":["CutThroughFate","PathToVictory"],"picked":"PrismaMod:ChloeExcalibur","floor":18.0},{"not_picked":["PrismaMod:ChloeExhaustOne","Tantrum+1","PathToVictory+1"],"picked":"SKIP","floor":19.0}],"player_experience":498068,"relics_obtained":[{"floor":9.0,"key":"Boot"},{"floor":11.0,"key":"DemoMod:Metronome"}],"event_choices":[{"damage_healed":0.0,"max_hp_gain":5.0,"max_hp_loss":0.0,"gold_gain":0.0,"event_name":"Big Fish","player_choice":"Donut","floor":5.0,"gold_loss":0.0,"damage_taken":0.0},{"damage_healed":0.0,"max_hp_gain":5.0,"max_hp_loss":0.0,"gold_gain":0.0,"event_name":"Forgotten Altar","player_choice":"Shed Blood","floor":20.0,"gold_loss":0.0,"damage_taken":21.0},{"damage_healed":0.0,"max_hp_gain":0.0,"max_hp_loss":0.0,"gold_gain":0.0,"event_name":"Upgrade Shrine","player_choice":"Upgraded","floor":21.0,"gold_loss":0.0,"damage_taken":0.0,"cards_upgraded":["PrismaMod:ChloeExcalibur"]}],"is_beta":false,"boss_relics":[{"not_picked":["Ectoplasm","Astrolabe"],"picked":"Tiny House"}],"items_purged_floors":[],"is_endless":true,"potions_floor_spawned":[1,2,7,13,18,19],"killed_by":"Slavers","ascension_level":9}}