{"host":"0ma1l65sntb3rtgl","time":1613334639,"event":{"mods":["AchievementEnabler","BaseMod","Better Note","Better Third Choice","Colored Map","Colored Powertips","Curses Come First","Highlight Path","Minty Spire (QoL Compilation)","Rare Cards Sparkle","Relic Stats","StSLib"],"gold_per_floor":[116,130,142,158,175,204,379,379,429,429,479,512,336,391,391,391,391],"floor_reached":16,"language":"ENG","playtime":653,"items_purged":["Doubt"],"score":110,"play_id":"9d914d47-eb7c-41ac-a6e2-c6e264e40b05","local_time":"20210214143039","is_ascension_mode":false,"campfire_choices":[{"data":"Dualcast","floor":8,"key":"SMITH"},{"data":"Barrage","floor":15,"key":"SMITH"}],"circlet_count":0,"master_deck":["Strike_B","Strike_B","Strike_B","Defend_B","Defend_B","Defend_B","Defend_B","Zap","Dualcast+1","Redo","Chaos","Hologram","Electrodynamics","Capacitor","Stack","Self Repair","Barrage+1"],"relics":["Cracked Core","Blood Vial","Pen Nib","Centennial Puzzle","Smiling Mask","Gremlin Horn","Potion Belt"],"acts_visited":["Exordium"],"potions_floor_usage":[12,12,14],"damage_taken":[{"damage":6,"enemies":"Cultist","floor":1,"turns":3},{"damage":0,"enemies":"2 Louse","floor":2,"turns":2},{"damage":6,"enemies":"Jaw Worm","floor":3,"turns":3},{"damage":9,"enemies":"Blue Slaver","floor":4,"turns":4},{"damage":7,"enemies":"2 Fungi Beasts","floor":5,"turns":3},{"damage":21,"enemies":"3 Sentries","floor":6,"turns":4},{"damage":17,"enemies":"Gremlin Nob","floor":12,"turns":5},{"damage":5,"enemies":"3 Sentries","floor":14,"turns":5},{"damage":27,"enemies":"Hexaghost","floor":16,"turns":8}],"seed_played":"3585927346656630577","potions_obtained":[{"floor":5,"key":"Energy Potion"},{"floor":6,"key":"Block Potion"},{"floor":12,"key":"Block Potion"}],"is_trial":false,"path_per_floor":["M","M","M","M","M","E","?","R","T","?","T","E","$","?","R","B"],"character_chosen":"DEFECT","items_purchased":["Self Repair","Barrage"],"campfire_rested":0,"item_purchase_floors":[13,13],"current_hp_per_floor":[69,71,67,60,55,36,36,36,36,36,36,21,21,25,25,0,0],"gold":391,"neow_bonus":"RANDOM_COMMON_RELIC","is_daily":false,"chose_seed":false,"campfire_upgraded":2,"win_rate":0.0,"timestamp":1613334639,"path_taken":["M","M","M","?","M","E","?","R","T","?","?","E","$","?","R","BOSS"],"items_purchased_type":["Card","Card"],"build_version":"2020-12-22","purchased_purges":1,"victory":false,"max_hp_per_floor":[75,75,75,75,75,75,75,75,75,75,75,75,75,75,75,75,75],"relic_stats":{"Blood Vial":16,"Centennial Puzzle":[9],"Gremlin Horn":[2,2],"counters":[9,37],"Pen Nib":[1],"Smiling Mask":25,"obtain_stats":[{"Blood Vial":0,"Potion Belt":14,"Centennial Puzzle":9,"Gremlin Horn":12,"Pen Nib":6,"Cracked Core":0,"Smiling Mask":11},{"Blood Vial":0,"Potion Belt":8,"Centennial Puzzle":6,"Gremlin Horn":7,"Pen Nib":6,"Cracked Core":0,"Smiling Mask":6},{"Blood Vial":0,"Potion Belt":29,"Centennial Puzzle":19,"Gremlin Horn":24,"Pen Nib":19,"Cracked Core":0,"Smiling Mask":19}]},"card_choices":[{"not_picked":["Sweeping Beam","Compile Driver"],"picked":"Redo","floor":1},{"not_picked":["Turbo","Go for the Eyes"],"picked":"Chaos","floor":2},{"not_picked":["Stack","Tempest"],"picked":"Hologram","floor":3},{"not_picked":["Chill","Glacier"],"picked":"Electrodynamics","floor":4},{"not_picked":["Coolheaded","Barrage"],"picked":"Capacitor","floor":5},{"not_picked":["Darkness","Compile Driver","Scrape"],"picked":"SKIP","floor":6},{"not_picked":["Hologram","Beam Cell","Aggregate"],"picked":"SKIP","floor":12}],"player_experience":398843,"relics_obtained":[{"floor":6,"key":"Pen Nib"},{"floor":9,"key":"Centennial Puzzle"},{"floor":11,"key":"Smiling Mask"},{"floor":12,"key":"Gremlin Horn"},{"floor":14,"key":"Potion Belt"}],"event_choices":[{"damage_healed":0,"gold_gain":175,"player_choice":"AGREE","damage_taken":204,"max_hp_gain":0,"max_hp_loss":0,"event_name":"betterThird:BetterSerpent","floor":7,"gold_loss":0},{"damage_healed":0,"gold_gain":0,"cards_transformed":["Strike_B"],"player_choice":"Change","damage_taken":0,"max_hp_gain":0,"max_hp_loss":0,"event_name":"Living Wall","floor":10,"gold_loss":0,"cards_obtained":["Stack"]},{"damage_healed":0,"gold_gain":30,"player_choice":"Searched \u00273\u0027 times","damage_taken":0,"max_hp_gain":0,"max_hp_loss":0,"event_name":"Dead Adventurer","floor":14,"gold_loss":0}],"is_beta":false,"boss_relics":[],"items_purged_floors":[13],"is_endless":false,"potions_floor_spawned":[5,6,12],"killed_by":"Hexaghost","ascension_level":0}}