{"host":"178rghtqlvp3zue2","time":1613317541,"event":{"mods":["2.2 Compatiblity","AchievementEnabler","BaseMod","DeckTracker","Minty Spire (QoL Compilation)","Quick Restart","SuperFastMode","The Servant 0.9.4"],"gold_per_floor":[109,109,58,68,68,96,113,147,147,178,178,233,252,252,252,356,356,375,391,406,46,61,92,92,121,121,121,121,220,220,85,85,180,180,199,199,199,199,27,58,58,86,86,86,101,101,101,101,101,101],"floor_reached":51,"language":"KOR","playtime":3323,"items_purged":["Strike_S"],"score":868,"play_id":"a137d990-aa16-4e4c-bd26-51842f9b8137","local_time":"20210215004541","is_ascension_mode":true,"campfire_choices":[{"data":"TrueSight","floor":11.0,"key":"SMITH"},{"floor":15.0,"key":"REST"},{"data":"TimeTheft","floor":24.0,"key":"SMITH"},{"floor":28.0,"key":"REST"},{"floor":30.0,"key":"REST"},{"data":"MurderousAura","floor":32.0,"key":"SMITH"},{"floor":41,"key":"REST"},{"floor":44,"key":"REST"},{"floor":49,"key":"REST"}],"circlet_count":0,"master_deck":["KidneyShot","Exchange","Potential","KidneyShot","FastForward","Spin","Starlight","Ricochet","BottledTime","TrueSight+1","SpecialFormula","Rewind","TimeTheft+1","FlawlessForm","Rearm","DualDimension+1","TheWorld","Deadline","Dilation","Rearm+1","TimeTheft+1","Barrier+1","Read+1","MurderousAura+1","SoulSculpture","Read+1","Dilation+1","BestPractice","Duplication+1","Moonlight","DualDimension+1","Madness+1","Madness+1","ReturningBlade","Alleviate+1","Deep Breath+1","ShatteredReality","SoulSculpture","Revamp+1","DualDimension+1"],"relics":["Uniform","NeowsBlessing","Mango","Matryoshka","Ancient Tea Set","KneeBrace","Juzu Bracelet","Pen Nib","Dream Catcher","Vajra","SlaversCollar","Lee\u0027s Waffle","Akabeko","Bag of Marbles","Toxic Egg 2","Pandora\u0027s Box","Kunai","Nunchaku","Letter Opener"],"acts_visited":["Exordium","TheCity","TheBeyond"],"potions_floor_usage":[50,50],"damage_taken":[{"damage":0.0,"enemies":"Small Slimes","floor":1.0,"turns":1.0},{"damage":0.0,"enemies":"Cultist","floor":4.0,"turns":1.0},{"damage":0.0,"enemies":"3 Sentries","floor":6.0,"turns":2.0},{"damage":0.0,"enemies":"2 Louse","floor":7.0,"turns":1.0},{"damage":21.0,"enemies":"Gremlin Nob","floor":8.0,"turns":4.0},{"damage":27.0,"enemies":"Lagavulin","floor":10.0,"turns":7.0},{"damage":18.0,"enemies":"3 Sentries","floor":12.0,"turns":5.0},{"damage":9.0,"enemies":"Blue Slaver","floor":13.0,"turns":4.0},{"damage":37.0,"enemies":"Slime Boss","floor":16.0,"turns":11.0},{"damage":2.0,"enemies":"Chosen","floor":18.0,"turns":7.0},{"damage":41.0,"enemies":"Shell Parasite","floor":19.0,"turns":8.0},{"damage":31.0,"enemies":"Shelled Parasite and Fungi","floor":20.0,"turns":10.0},{"damage":8.0,"enemies":"Chosen and Byrds","floor":22.0,"turns":5.0},{"damage":43.0,"enemies":"Gremlin Leader","floor":23.0,"turns":10.0},{"damage":30.0,"enemies":"Book of Stabbing","floor":25.0,"turns":8.0},{"damage":11.0,"enemies":"Collector","floor":33.0,"turns":14.0},{"damage":34.0,"enemies":"3 Darklings","floor":35.0,"turns":11.0},{"damage":40.0,"enemies":"Giant Head","floor":40.0,"turns":11.0},{"damage":31,"enemies":"Reptomancer","floor":42,"turns":8},{"damage":8,"enemies":"3 Shapes","floor":45,"turns":6},{"damage":42,"enemies":"Awakened One","floor":50,"turns":21}],"seed_played":"-864222496107298629","potions_obtained":[{"floor":1.0,"key":"DuplicationPotion"},{"floor":7.0,"key":"SpeedPotion"},{"floor":12.0,"key":"Fire Potion"},{"floor":16.0,"key":"ColorlessPotion"},{"floor":18.0,"key":"Regen Potion"},{"floor":25.0,"key":"SteroidPotion"},{"floor":42,"key":"AttackPotion"},{"floor":45,"key":"Regen Potion"}],"is_trial":false,"path_per_floor":["M","?","$","M","?","E","M","E","T","E","R","?","M","T","R","B",null,"M","M","M","$","M","E","R","E","T","?","R","?","R","$","R","B",null,"M","$","?","?","$","E","R","E","T","R","M","$","?","$","R","B",null],"character_chosen":"THE_SERVANT","items_purchased":["FastForward","Lee\u0027s Waffle","TheWorld","MurderousAura","ReturningBlade","Alleviate+1","Deep Breath+1"],"campfire_rested":6,"item_purchase_floors":[3,21,21,31,39,39,39],"current_hp_per_floor":[65,65,65,65,70,84,84,63,63,36,36,18,14,14,39,7,84,82,41,15,91,83,59,59,29,29,29,56,56,83,83,83,77,91,62,62,51,51,51,16,43,12,12,39,36,36,36,36,63,36],"gold":101,"neow_bonus":"THREE_ENEMY_KILL","is_daily":false,"chose_seed":false,"campfire_upgraded":3,"win_rate":0.0,"timestamp":1613317541,"path_taken":["M","?","$","?","?","E","M","E","T","E","R","?","M","?","R","BOSS","M","M","M","$","M","E","R","E","T","?","R","?","R","?","R","BOSS","M","$","?","?","$","E","R","E","T","R","M","$","?","?","R","BOSS"],"items_purchased_type":["Card","Relic","Card","Card","Card","Card","Card"],"build_version":"2020-12-22","purchased_purges":1,"victory":true,"max_hp_per_floor":[65,65,65,65,70,84,84,84,84,84,84,84,84,84,84,84,84,84,84,84,91,91,91,91,91,91,91,91,91,91,91,91,91,91,91,91,91,91,91,91,91,91,91,91,91,91,91,91,91,91],"card_choices":[{"not_picked":["TimeTheft","Replace"],"picked":"Potential","floor":1.0},{"not_picked":["Alleviate","Shuttle"],"picked":"Spin","floor":4.0},{"not_picked":["Revamp","TimeWarp"],"picked":"Starlight","floor":6.0},{"not_picked":["Spin","Starlight"],"picked":"Ricochet","floor":7.0},{"not_picked":["Starlight","Potential"],"picked":"BottledTime","floor":8.0},{"not_picked":["Potential","Read"],"picked":"TrueSight","floor":10.0},{"not_picked":["BottledTime","Unruled"],"picked":"SpecialFormula","floor":12.0},{"not_picked":["Potential","TimeWarp"],"picked":"Rewind","floor":13.0},{"not_picked":["Manipulate","DoubleEdge"],"picked":"TimeTheft","floor":15.0},{"not_picked":["Sunlight","Initiator"],"picked":"FlawlessForm","floor":16.0},{"not_picked":["Rewind","Desolation"],"picked":"Rearm","floor":18.0},{"not_picked":["Potential+1","Defy"],"picked":"DualDimension+1","floor":19.0},{"not_picked":["DoubleEdge","Defy","Rearm"],"picked":"SKIP","floor":20.0},{"not_picked":["Spin","ShiftingGears","Defy"],"picked":"SKIP","floor":22.0},{"not_picked":["Alleviate","Unruled"],"picked":"Deadline","floor":23.0},{"not_picked":["Moonlight","Spin"],"picked":"Dilation","floor":25.0},{"not_picked":["Alleviate+1","TimeTheft+1"],"picked":"Barrier+1","floor":28.0},{"not_picked":["Ricochet","Alleviate+1"],"picked":"Read+1","floor":30.0},{"not_picked":["ForgedInTime+1","KillingDoll"],"picked":"SoulSculpture","floor":33.0},{"not_picked":["Unruled+1","DoubleEdge"],"picked":"DualDimension+1","floor":35.0},{"not_picked":["Starlight+1","Alleviate+1","DoubleEdge"],"picked":"SKIP","floor":40.0},{"not_picked":["Rearm+1","TimeWarp+1"],"picked":"ShatteredReality","floor":41},{"not_picked":["PendulumOfEternity","Alleviate+1"],"picked":"SoulSculpture","floor":42},{"not_picked":["Spin","TimeWarp"],"picked":"Revamp+1","floor":44},{"not_picked":["StarChef","Replace+1"],"picked":"DualDimension+1","floor":45}],"player_experience":278445,"relics_obtained":[{"floor":6.0,"key":"Mango"},{"floor":8.0,"key":"Matryoshka"},{"floor":9.0,"key":"Ancient Tea Set"},{"floor":9.0,"key":"KneeBrace"},{"floor":10.0,"key":"Juzu Bracelet"},{"floor":12.0,"key":"Pen Nib"},{"floor":14.0,"key":"Dream Catcher"},{"floor":14.0,"key":"Vajra"},{"floor":23.0,"key":"Akabeko"},{"floor":25.0,"key":"Bag of Marbles"},{"floor":26.0,"key":"Toxic Egg 2"},{"floor":40.0,"key":"Kunai"},{"floor":42,"key":"Nunchaku"},{"floor":43,"key":"Letter Opener"}],"event_choices":[{"damage_healed":0.0,"max_hp_gain":0.0,"max_hp_loss":0.0,"gold_gain":0.0,"event_name":"Match and Keep!","player_choice":"1 cards matched","floor":2.0,"gold_loss":0.0,"damage_taken":0.0,"cards_obtained":["KidneyShot"]},{"damage_healed":0.0,"max_hp_gain":5.0,"max_hp_loss":0.0,"gold_gain":0.0,"event_name":"Big Fish","player_choice":"Donut","floor":5.0,"gold_loss":0.0,"damage_taken":0.0},{"damage_healed":0.0,"max_hp_gain":0.0,"max_hp_loss":0.0,"gold_gain":0.0,"event_name":"Dead Adventurer","player_choice":"Searched \u00271\u0027 times","floor":12.0,"gold_loss":0.0,"damage_taken":0.0},{"damage_healed":0.0,"max_hp_gain":0.0,"max_hp_loss":0.0,"gold_gain":0.0,"cards_transformed":["Strike_S","Defend_S"],"event_name":"Drug Dealer","player_choice":"Became Test Subject","floor":27.0,"gold_loss":0.0,"damage_taken":0.0,"cards_obtained":["Rearm","TimeTheft"]},{"damage_healed":0.0,"max_hp_gain":0.0,"max_hp_loss":0.0,"gold_gain":99.0,"event_name":"Nest","player_choice":"Stole From Cult","floor":29.0,"gold_loss":0.0,"damage_taken":0.0},{"damage_healed":0.0,"max_hp_gain":0.0,"max_hp_loss":0.0,"gold_gain":0.0,"event_name":"Winding Halls","player_choice":"Embrace Madness","floor":37.0,"gold_loss":0.0,"damage_taken":11.0,"cards_obtained":["Madness","Madness"]},{"damage_healed":0.0,"max_hp_gain":0.0,"max_hp_loss":0.0,"gold_gain":0.0,"event_name":"Tomb of Lord Red Mask","player_choice":"Ignored","floor":38.0,"gold_loss":0.0,"damage_taken":0.0},{"damage_healed":0,"gold_gain":0,"player_choice":"Ignored","damage_taken":0,"max_hp_gain":0,"max_hp_loss":0,"event_name":"The Moai Head","floor":47,"gold_loss":0}],"is_beta":false,"boss_relics":[{"not_picked":["Cursed Key","Runic Pyramid"],"picked":"SlaversCollar"},{"not_picked":["Sozu","Busted Crown"],"picked":"Pandora\u0027s Box"}],"items_purged_floors":[21],"is_endless":false,"potions_floor_spawned":[1,7,12,16,18,25,42,45],"ascension_level":1}}