{"host":"aapp7ew3jk5k1bvd","time":1613316395,"event":{"mods":["AchievementEnabler","BaseMod","Colored Map","Custom Start","Keyboard Shortcuts","Minty Spire (QoL Compilation)","Permanent Neow","Quick Restart","StSLib","SuperFastMode"],"gold_per_floor":[112,132,132,57,72,72,85,85,162,18,18,30,30,41,41,136,136,153,153,53,53,53,78,91,91,91,91,105,123,138,13,13,116,116,135,135,152,152,2,2,15,50,50,50,82,82,82,95,95,95],"floor_reached":51,"language":"KOR","playtime":1390,"items_purged":["Strike_P","Defend_P","Strike_P","Strike_P"],"score":1411,"play_id":"c8ed0e9b-a4cc-4719-9582-3750450fb5d1","local_time":"20210215002635","is_ascension_mode":true,"campfire_choices":[{"data":"Adaptation","floor":6.0,"key":"SMITH"},{"data":"Vigilance","floor":8.0,"key":"SMITH"},{"data":"FearNoEvil","floor":15.0,"key":"SMITH"},{"data":"Defend_P","floor":25.0,"key":"SMITH"},{"data":"Defend_P","floor":32.0,"key":"SMITH"},{"floor":40.0,"key":"REST"},{"floor":46,"key":"REST"},{"floor":49,"key":"REST"}],"circlet_count":0,"master_deck":["Defend_P+1","Defend_P+1","Eruption+1","Vigilance+1","Adaptation+1","FearNoEvil+1"],"relics":["HolyWater","Pantograph","Happy Flower","Gambling Chip","Busted Crown","Pear","Omamori","Toxic Egg 2"],"acts_visited":["Exordium","TheCity","TheBeyond"],"potions_floor_usage":[42],"damage_taken":[{"damage":0.0,"enemies":"2 Louse","floor":1.0,"turns":2.0},{"damage":2.0,"enemies":"Cultist","floor":2.0,"turns":3.0},{"damage":0.0,"enemies":"Small Slimes","floor":5.0,"turns":3.0},{"damage":3.0,"enemies":"Looter","floor":7.0,"turns":2.0},{"damage":0.0,"enemies":"Blue Slaver","floor":12.0,"turns":3.0},{"damage":0.0,"enemies":"Large Slime","floor":14.0,"turns":4.0},{"damage":9.0,"enemies":"Slime Boss","floor":16.0,"turns":10.0},{"damage":0.0,"enemies":"Chosen","floor":18.0,"turns":4.0},{"damage":0.0,"enemies":"Book of Stabbing","floor":23.0,"turns":1.0},{"damage":0.0,"enemies":"3 Byrds","floor":24.0,"turns":4.0},{"damage":0.0,"enemies":"Snecko","floor":28.0,"turns":3.0},{"damage":0.0,"enemies":"Chosen and Byrds","floor":29.0,"turns":3.0},{"damage":17.0,"enemies":"Shelled Parasite and Fungi","floor":30.0,"turns":9.0},{"damage":0.0,"enemies":"Champ","floor":33.0,"turns":2.0},{"damage":0.0,"enemies":"Orb Walker","floor":35.0,"turns":4.0},{"damage":5.0,"enemies":"3 Darklings","floor":37.0,"turns":5.0},{"damage":0.0,"enemies":"Sphere and 2 Shapes","floor":41.0,"turns":2.0},{"damage":0,"enemies":"Reptomancer","floor":42,"turns":2},{"damage":0,"enemies":"Giant Head","floor":45,"turns":3},{"damage":0,"enemies":"Maw","floor":48,"turns":2},{"damage":0,"enemies":"Awakened One","floor":50,"turns":2}],"seed_played":"3281307803032453906","potions_obtained":[{"floor":14.0,"key":"StancePotion"},{"floor":16.0,"key":"Fire Potion"},{"floor":18.0,"key":"Swift Potion"},{"floor":23.0,"key":"BottledMiracle"},{"floor":35.0,"key":"AttackPotion"},{"floor":38.0,"key":"DuplicationPotion"},{"floor":42,"key":"Weak Potion"},{"floor":45,"key":"LiquidMemories"}],"is_trial":false,"path_per_floor":["M","M","?","$","M","R","M","R","T","$","?","M","?","M","R","B",null,"M","?","$","?","?","E","M","R","T","?","M","M","M","$","R","B",null,"M","?","M","?","$","R","M","E","T","$","E","R","$","M","R","B",null],"character_chosen":"WATCHER","items_purchased":["Adaptation","FearNoEvil"],"campfire_rested":3,"item_purchase_floors":[4,10],"current_hp_per_floor":[65,63,63,63,63,63,60,60,60,60,53,53,53,53,53,63,70,70,70,70,70,70,70,70,70,70,70,70,70,53,53,53,72,72,72,72,67,67,67,72,72,82,82,82,82,82,82,82,82,82],"gold":95,"neow_bonus":"UPGRADE_CARD","is_daily":false,"chose_seed":false,"campfire_upgraded":5,"win_rate":0.0,"timestamp":1613316395,"path_taken":["M","M","?","$","M","R","?","R","T","$","?","M","?","M","R","BOSS","M","?","$","?","?","E","M","R","T","?","M","M","?","?","R","BOSS","M","?","M","?","$","R","?","E","T","$","E","R","?","M","R","BOSS"],"items_purchased_type":["Card","Card"],"build_version":"2020-12-22","purchased_purges":4,"victory":true,"max_hp_per_floor":[72,72,72,72,72,72,72,72,72,72,72,72,72,72,72,72,72,72,72,72,72,72,72,72,72,72,72,72,72,72,72,72,72,72,72,72,72,72,72,72,72,82,82,82,82,82,82,82,82,82],"card_choices":[{"not_picked":["Halt","Evaluate","FlyingSleeves"],"picked":"SKIP","floor":1.0},{"not_picked":["Evaluate","ReachHeaven","BowlingBash"],"picked":"SKIP","floor":2.0},{"not_picked":["CrushJoints","BattleHymn","WindmillStrike"],"picked":"SKIP","floor":5.0},{"not_picked":["WheelKick","SpiritShield","ClearTheMind"],"picked":"SKIP","floor":7.0},{"not_picked":["TalkToTheHand","PathToVictory","Halt"],"picked":"SKIP","floor":12.0},{"not_picked":["Fasting2","DeceiveReality","WaveOfTheHand"],"picked":"SKIP","floor":14.0},{"not_picked":["SashWhip","Nirvana","FlyingSleeves"],"picked":"SKIP","floor":18.0},{"not_picked":["InnerPeace","ClearTheMind","Conclude"],"picked":"SKIP","floor":23.0},{"not_picked":["CutThroughFate","EmptyFist","PathToVictory"],"picked":"SKIP","floor":24.0},{"not_picked":["PathToVictory","WheelKick+1","Evaluate"],"picked":"SKIP","floor":28.0},{"not_picked":["Alpha","Crescendo","BowlingBash"],"picked":"SKIP","floor":29.0},{"not_picked":["FollowUp","PathToVictory","EmptyBody"],"picked":"SKIP","floor":30.0},{"not_picked":["Evaluate+1"],"picked":"SKIP","floor":35.0},{"not_picked":["Crescendo+1"],"picked":"SKIP","floor":37.0},{"not_picked":["Nirvana"],"picked":"SKIP","floor":41.0},{"not_picked":["EmptyFist"],"picked":"SKIP","floor":42},{"not_picked":["Halt+1"],"picked":"SKIP","floor":45},{"not_picked":["CutThroughFate+1"],"picked":"SKIP","floor":48}],"player_experience":1368829,"relics_obtained":[{"floor":9.0,"key":"Pantograph"},{"floor":23.0,"key":"Happy Flower"},{"floor":26.0,"key":"Gambling Chip"},{"floor":42,"key":"Pear"},{"floor":43,"key":"Omamori"},{"floor":45,"key":"Toxic Egg 2"}],"event_choices":[{"damage_healed":0.0,"max_hp_gain":0.0,"max_hp_loss":0.0,"gold_gain":0.0,"event_name":"The Woman in Blue","player_choice":"Bought 0 Potions","floor":3.0,"gold_loss":0.0,"damage_taken":0.0},{"cards_removed":["Strike_P"],"damage_healed":0.0,"max_hp_gain":0.0,"max_hp_loss":0.0,"gold_gain":0.0,"event_name":"Golden Wing","player_choice":"Card Removal","floor":11.0,"gold_loss":0.0,"damage_taken":7.0},{"damage_healed":0.0,"max_hp_gain":0.0,"max_hp_loss":0.0,"gold_gain":0.0,"event_name":"Shining Light","player_choice":"Ignored","floor":13.0,"gold_loss":0.0,"damage_taken":0.0},{"damage_healed":0.0,"max_hp_gain":0.0,"max_hp_loss":0.0,"gold_gain":0.0,"event_name":"Cursed Tome","player_choice":"Ignored","floor":19.0,"gold_loss":0.0,"damage_taken":0.0},{"cards_removed":["Defend_P"],"damage_healed":0.0,"max_hp_gain":0.0,"max_hp_loss":0.0,"gold_gain":0.0,"event_name":"Back to Basics","player_choice":"Elegance","floor":21.0,"gold_loss":0.0,"damage_taken":0.0},{"damage_healed":0.0,"max_hp_gain":0.0,"max_hp_loss":0.0,"gold_gain":0.0,"event_name":"Vampires","player_choice":"Ignored","floor":27.0,"gold_loss":0.0,"damage_taken":0.0},{"damage_healed":0.0,"max_hp_gain":0.0,"max_hp_loss":0.0,"gold_gain":0.0,"event_name":"SensoryStone","player_choice":"Memory 1","floor":36.0,"gold_loss":0.0,"damage_taken":0.0},{"damage_healed":0.0,"max_hp_gain":0.0,"max_hp_loss":0.0,"gold_gain":0.0,"event_name":"Lab","player_choice":"Got Potions","floor":38.0,"gold_loss":0.0,"damage_taken":0.0}],"is_beta":false,"boss_relics":[{"not_picked":["Velvet Choker","Fusion Hammer"],"picked":"HolyWater"},{"not_picked":["Cursed Key","SlaversCollar"],"picked":"Busted Crown"}],"items_purged_floors":[10,20,31,39],"is_endless":false,"potions_floor_spawned":[14,16,18,23,28,35,42,45],"ascension_level":8}}