{"host":"KYO","time":1613277707,"event":{"mods":["ATMod(°¢èªMod)","BaseMod","Minty Spire (QoL Compilation)","Permanent Neow","Shop Mod","StSLib","SuperFastMode","TestMod","[IsaacMod]ÒÔÈö¼âËþ","¡¾ÒÅÎï¿¨ÅÆ¡¿REMEMod"],"gold_per_floor":[119,119,136,208,225,257,257,267,267,326,326,326,326,351,351,448,448,495,495,895,355,383,383,389,389],"floor_reached":24,"language":"ZHS","playtime":755,"items_purged":["Defend_B"],"score":558,"play_id":"59715543-764a-44c3-8971-3a808b72aa6a","local_time":"20210214124147","is_ascension_mode":true,"campfire_choices":[{"data":"Hologram","floor":7.0,"key":"SMITH"},{"data":"Coolheaded","floor":13.0,"key":"SMITH"},{"data":"AT_FamilyPortrait","floor":15.0,"key":"SMITH"},{"data":"Buffer","floor":23,"key":"SMITH"}],"circlet_count":0,"master_deck":["AscendersBane","Strike_B","Strike_B","Strike_B","Defend_B","Defend_B","Defend_B","Zap","Dualcast","AT_FamilyPortrait+1","REME_Flogging","REME_TheoryOfElimination","Hologram+1","Coolheaded+1","Glacier","ElectricPowerLearning","Buffer+1","Flash of Steel"],"relics":["Cracked Core","AT_ATBox","REME_ComplimentaryCards","testmod-TestBox","Chaos","testmod-HeartOfDaVinci","JudasShadow","Sozu","REME_ArchaeologicalTools","The Courier","MoneyPower","MerchantsRug","testmod-CrystalShield"],"acts_visited":["Exordium","TheCity"],"potions_floor_usage":[],"damage_taken":[{"damage":15.0,"enemies":"Small Slimes","floor":1.0,"turns":3.0},{"damage":3.0,"enemies":"2 Louse","floor":3.0,"turns":3.0},{"damage":0.0,"enemies":"Cultist","floor":5.0,"turns":3.0},{"damage":0.0,"enemies":"Lagavulin","floor":6.0,"turns":4.0},{"damage":2.0,"enemies":"Blue Slaver","floor":8.0,"turns":4.0},{"damage":10.0,"enemies":"Gremlin Nob","floor":10.0,"turns":3.0},{"damage":15.0,"enemies":"Gremlin Gang","floor":14.0,"turns":2.0},{"damage":0.0,"enemies":"The Guardian","floor":16.0,"turns":3.0},{"damage":0.0,"enemies":"3 Byrds","floor":18.0,"turns":2.0},{"damage":0,"enemies":"Spheric Guardian","floor":22,"turns":1},{"damage":6,"enemies":"Gremlin Leader","floor":24,"turns":1}],"seed_played":"3736707387950102369","potions_obtained":[{"floor":1.0,"key":"PowerPotion"},{"floor":3.0,"key":"DuplicationPotion"}],"is_trial":false,"path_per_floor":["M","?","M","?","M","E","R","M","T","E","?","?","R","M","R","B",null,"M","?","?","$","M","R","E"],"character_chosen":"DEFECT","items_purchased":["MerchantsRug","testmod-CrystalShield","Flash of Steel"],"campfire_rested":0,"item_purchase_floors":[21,21,21],"current_hp_per_floor":[52,41,38,23,23,23,23,21,21,11,11,11,11,1,1,1,1,1,1,1,1,1,1,0,0],"gold":389,"neow_bonus":"RANDOM_COLORLESS","is_daily":false,"chose_seed":false,"campfire_upgraded":4,"win_rate":0.0,"timestamp":1613277707,"path_taken":["M","?","M","?","M","E","R","M","T","E","?","?","R","M","R","BOSS","M","?","?","$","M","R","E"],"items_purchased_type":["Relic","Relic","Card"],"build_version":"2020-12-18","purchased_purges":1,"victory":false,"max_hp_per_floor":[74,74,74,74,74,74,74,74,74,74,74,74,74,1,1,1,1,1,1,1,1,1,1,1,1],"card_choices":[{"not_picked":[],"picked":"Bomb","floor":0.0},{"not_picked":["Forethought","BettingIsNotGood"],"picked":"REME_TheoryOfElimination","floor":0.0},{"not_picked":["Scrape","Streamline"],"picked":"Hologram","floor":1.0},{"not_picked":["Beam Cell","AT_StudyProgram","Distribution"],"picked":"SKIP","floor":3.0},{"not_picked":["Gash","Compile Driver"],"picked":"Coolheaded","floor":5.0},{"not_picked":["AT_HeatAcrobatics","Hologram","Reinforced Body"],"picked":"SKIP","floor":6.0},{"not_picked":["AT_HeatAcrobatics","Hologram","Reinforced Body"],"picked":"SKIP","floor":6.0},{"not_picked":["Conserve Battery","Stack","Sweeping Beam"],"picked":"SKIP","floor":8.0},{"not_picked":["Leap","Steam"],"picked":"Glacier","floor":10.0},{"not_picked":["Redo","Skim","Barrage"],"picked":"SKIP","floor":14.0},{"not_picked":["REME_ForAll","Fission"],"picked":"ElectricPowerLearning","floor":16.0},{"not_picked":["Hello World","Compile Driver","Loop"],"picked":"SKIP","floor":18.0},{"not_picked":["Gash","Compile Driver","Fan+1"],"picked":"SKIP","floor":22}],"player_experience":774905,"relics_obtained":[{"floor":6.0,"key":"Sozu"},{"floor":9.0,"key":"REME_ArchaeologicalTools"},{"floor":10.0,"key":"The Courier"}],"event_choices":[{"damage_healed":0.0,"max_hp_gain":0.0,"max_hp_loss":0.0,"gold_gain":0.0,"event_name":"Scrap Ooze","player_choice":"Success","floor":2.0,"gold_loss":0.0,"damage_taken":11.0,"relics_obtained":["JudasShadow"]},{"cards_removed":["Strike_B"],"damage_healed":0.0,"max_hp_gain":0.0,"max_hp_loss":0.0,"gold_gain":0.0,"event_name":"Purifier","player_choice":"Purged","floor":11.0,"gold_loss":0.0,"damage_taken":0.0},{"damage_healed":0.0,"max_hp_gain":0.0,"max_hp_loss":0.0,"gold_gain":0.0,"event_name":"Lab","player_choice":"Got Potions","floor":12.0,"gold_loss":0.0,"damage_taken":0.0},{"damage_healed":0,"gold_gain":0,"player_choice":"1 cards matched","damage_taken":0,"max_hp_gain":0,"max_hp_loss":0,"event_name":"Match and Keep!","floor":19,"gold_loss":0,"cards_obtained":["Buffer"]},{"damage_healed":0,"gold_gain":400,"player_choice":"Sell","damage_taken":0,"max_hp_gain":0,"max_hp_loss":0,"event_name":"¶÷ÂåË¹µÄÅÌ×Ó","floor":20,"relics_lost":["HushsDoor"],"gold_loss":0}],"is_beta":true,"boss_relics":[{"not_picked":["FrozenCore","Ring of the Snake"],"picked":"MoneyPower"},{"not_picked":[]}],"items_purged_floors":[21],"is_endless":false,"potions_floor_spawned":[1,3,8,14,18],"killed_by":"Gremlin Leader","ascension_level":20}}