{"host":"epc8efk9vrywpcsw","time":1613336543,"event":{"mods":["BaseMod","Minty Spire (QoL Compilation)","Relic Stats","StSLib"],"gold_per_floor":[119,119,134,78,78,104,124,157,157,190,209,209,126,143,143,217,217,237,237,255,265,285,285,317,336,336,370,57,57,67,67,67,145,145,164,164,114,131,149,175,175,207,233,263,10,335,385,385,385,385,385],"floor_reached":50,"language":"ENG","playtime":2104,"items_purged":["Defend_G"],"score":1551,"play_id":"19390c4b-7fbc-48de-a870-cc2c4e849b0b","local_time":"20210214220223","is_ascension_mode":true,"campfire_choices":[{"data":"Terror","floor":15.0,"key":"SMITH"},{"floor":23.0,"key":"REST"},{"floor":29.0,"key":"REST"},{"data":"After Image","floor":32.0,"key":"SMITH"},{"floor":41.0,"key":"REST"},{"floor":49.0,"key":"RECALL"}],"circlet_count":0,"master_deck":["AscendersBane","Strike_G","Strike_G+1","Strike_G","Strike_G+1","Defend_G","Defend_G","Defend_G","Defend_G+1","Survivor","Neutralize","Terror+1","Blade Dance+1","Dagger Throw","Bane","Blade Dance+1","Dagger Throw","Reflex","Footwork","Dagger Throw","Dagger Throw","After Image+1","Trip","Slice+1","Riddle With Holes+1","PiercingWail","Calculated Gamble+1","Dramatic Entrance","Eviscerate","Storm of Steel","Concentrate","PiercingWail+1","Dagger Throw","Accuracy","Slice","Reflex","Accuracy","Tools of the Trade","Blur"],"relics":["Ring of the Snake","NeowsBlessing","Tough Bandages","Du-Vu Doll","TungstenRod","Bottled Lightning","White Beast Statue","Black Star","Bag of Preparation","InkBottle","Unceasing Top","War Paint","Whetstone","Regal Pillow","HoveringKite","Smiling Mask","Nunchaku","Bird Faced Urn","Incense Burner","Dream Catcher","Bottled Tornado","Bottled Flame","TwistedFunnel","Old Coin","Calipers"],"acts_visited":["Exordium","TheCity","TheBeyond"],"potions_floor_usage":[50],"damage_taken":[{"damage":0.0,"enemies":"2 Louse","floor":1.0,"turns":1.0},{"damage":0.0,"enemies":"Small Slimes","floor":3.0,"turns":1.0},{"damage":0.0,"enemies":"Gremlin Nob","floor":6.0,"turns":1.0},{"damage":0.0,"enemies":"Cultist","floor":7.0,"turns":2.0},{"damage":2.0,"enemies":"3 Sentries","floor":8.0,"turns":6.0},{"damage":16.0,"enemies":"Lagavulin","floor":10.0,"turns":7.0},{"damage":2.0,"enemies":"Exordium Thugs","floor":11.0,"turns":2.0},{"damage":9.0,"enemies":"Large Slime","floor":14.0,"turns":4.0},{"damage":0.0,"enemies":"Hexaghost","floor":16.0,"turns":8.0},{"damage":0.0,"enemies":"Chosen","floor":18.0,"turns":3.0},{"damage":15.0,"enemies":"Shell Parasite","floor":20.0,"turns":3.0},{"damage":9.0,"enemies":"Snecko","floor":21.0,"turns":4.0},{"damage":19.0,"enemies":"Snake Plant","floor":22.0,"turns":4.0},{"damage":38.0,"enemies":"Book of Stabbing","floor":24.0,"turns":4.0},{"damage":6.0,"enemies":"3 Cultists","floor":25.0,"turns":5.0},{"damage":7.0,"enemies":"Slavers","floor":27.0,"turns":3.0},{"damage":0.0,"enemies":"Centurion and Healer","floor":30.0,"turns":4.0},{"damage":30.0,"enemies":"Collector","floor":33.0,"turns":11.0},{"damage":4.0,"enemies":"3 Darklings","floor":35.0,"turns":4.0},{"damage":0.0,"enemies":"Orb Walker","floor":38.0,"turns":1.0},{"damage":0.0,"enemies":"Maw","floor":39.0,"turns":5.0},{"damage":18.0,"enemies":"Nemesis","floor":40.0,"turns":3.0},{"damage":0.0,"enemies":"Giant Head","floor":42.0,"turns":5.0},{"damage":0.0,"enemies":"Nemesis","floor":44.0,"turns":3.0},{"damage":12.0,"enemies":"Mind Bloom Boss Battle","floor":46.0,"turns":3.0},{"damage":0.0,"enemies":"2 Orb Walkers","floor":47.0,"turns":3.0},{"damage":72,"enemies":"Time Eater","floor":50,"turns":7}],"seed_played":"-8968275678124366574","potions_obtained":[{"floor":1.0,"key":"CunningPotion"},{"floor":6.0,"key":"PowerPotion"},{"floor":8.0,"key":"BlessingOfTheForge"},{"floor":14.0,"key":"SpeedPotion"},{"floor":16.0,"key":"BlessingOfTheForge"},{"floor":18.0,"key":"FearPotion"},{"floor":20.0,"key":"EntropicBrew"},{"floor":21.0,"key":"DistilledChaos"},{"floor":24.0,"key":"SkillPotion"},{"floor":25.0,"key":"AttackPotion"},{"floor":27.0,"key":"FearPotion"},{"floor":30.0,"key":"Fire Potion"},{"floor":33.0,"key":"Dexterity Potion"},{"floor":38.0,"key":"SteroidPotion"},{"floor":39.0,"key":"Energy Potion"},{"floor":40.0,"key":"SkillPotion"},{"floor":42.0,"key":"Ancient Potion"},{"floor":44.0,"key":"ColorlessPotion"},{"floor":46.0,"key":"Explosive Potion"},{"floor":47.0,"key":"LiquidMemories"}],"is_trial":false,"path_per_floor":["M","?","M","$","?","E","M","E","T","E","M","$","?","M","R","B",null,"M","?","M","M","M","R","E","M","T","E","$","R","M","?","R","B",null,"M","$","?","M","M","E","R","E","T","E","$","?","?","?","R","B"],"character_chosen":"THE_SILENT","items_purchased":["Dagger Throw","Regal Pillow","Dramatic Entrance","Eviscerate","TwistedFunnel","Accuracy"],"campfire_rested":3,"item_purchase_floors":[4,28,28,28,45,45],"current_hp_per_floor":[59,48,48,48,48,48,48,46,46,30,28,28,28,19,19,19,54,54,44,29,20,1,20,19,13,13,6,6,40,40,40,40,10,52,48,48,48,48,48,30,64,64,64,66,66,54,58,58,58,0,0],"gold":385,"neow_bonus":"THREE_ENEMY_KILL","is_daily":false,"chose_seed":false,"campfire_upgraded":2,"win_rate":0.0,"timestamp":1613336543,"path_taken":["M","?","M","$","?","E","M","E","T","E","?","?","?","?","R","BOSS","M","?","M","M","M","R","E","?","T","E","$","R","M","?","R","BOSS","M","$","?","M","?","E","R","E","T","E","$","?","?","?","R","BOSS"],"items_purchased_type":["Card","Relic","Card","Card","Relic","Card"],"build_version":"2020-12-22","purchased_purges":1,"victory":false,"max_hp_per_floor":[66,66,66,66,66,66,66,66,66,66,66,66,66,66,66,66,66,66,66,66,66,66,66,66,66,66,66,66,66,66,66,66,66,66,66,66,66,66,66,66,66,66,66,66,66,66,66,66,66,66,66],"relic_stats":{"Regal Pillow":30,"counters":[27,107],"HoveringKite":[30],"Bag of Preparation":[26],"Whetstone":["Strike_G","Strike_G"],"War Paint":["Blade Dance","Defend_G"],"Smiling Mask":25,"Tough Bandages":[579],"Nunchaku":[8],"Dream Catcher":0,"Bird Faced Urn":[14],"Black Star":5,"obtain_stats":[{"TwistedFunnel":45,"Regal Pillow":28,"Calipers":47,"HoveringKite":34,"Bag of Preparation":24,"Incense Burner":42,"Whetstone":27,"Bottled Tornado":44,"Smiling Mask":40,"Old Coin":46,"Tough Bandages":2,"Nunchaku":40,"Dream Catcher":43,"InkBottle":24,"Ring of the Snake":0,"NeowsBlessing":0,"War Paint":27,"White Beast Statue":13,"Du-Vu Doll":6,"Bottled Flame":44,"Bird Faced Urn":42,"Black Star":17,"Bottled Lightning":10,"TungstenRod":8,"Unceasing Top":26},{"TwistedFunnel":24,"Regal Pillow":16,"Calipers":26,"HoveringKite":18,"Bag of Preparation":14,"Incense Burner":23,"Whetstone":16,"Bottled Tornado":24,"Smiling Mask":22,"Old Coin":25,"Tough Bandages":1,"Nunchaku":22,"Dream Catcher":23,"InkBottle":14,"Ring of the Snake":0,"NeowsBlessing":0,"War Paint":16,"White Beast Statue":7,"Du-Vu Doll":3,"Bottled Flame":24,"Bird Faced Urn":23,"Black Star":9,"Bottled Lightning":6,"TungstenRod":5,"Unceasing Top":15},{"TwistedFunnel":94,"Regal Pillow":58,"Calipers":100,"HoveringKite":73,"Bag of Preparation":50,"Incense Burner":91,"Whetstone":58,"Bottled Tornado":94,"Smiling Mask":86,"Old Coin":97,"Tough Bandages":1,"Nunchaku":86,"Dream Catcher":91,"InkBottle":50,"Ring of the Snake":0,"NeowsBlessing":0,"War Paint":58,"White Beast Statue":20,"Du-Vu Doll":3,"Bottled Flame":94,"Bird Faced Urn":91,"Black Star":32,"Bottled Lightning":18,"TungstenRod":11,"Unceasing Top":55}],"TungstenRod":37,"InkBottle":[38],"Unceasing Top":[56],"Ring of the Snake":[54]},"card_choices":[{"not_picked":["Predator","Well Laid Plans"],"picked":"Terror","floor":1.0},{"not_picked":["Flying Knee","Dagger Spray"],"picked":"Blade Dance","floor":3.0},{"not_picked":["Noxious Fumes","Skewer"],"picked":"Blade Dance","floor":6.0},{"not_picked":["Reflex","Dodge and Roll"],"picked":"Dagger Throw","floor":7.0},{"not_picked":["Venomology","Dodge and Roll"],"picked":"Reflex","floor":8.0},{"not_picked":["Underhanded Strike","Bouncing Flask"],"picked":"Footwork","floor":10.0},{"not_picked":["Deadly Poison","Acrobatics"],"picked":"Dagger Throw","floor":11.0},{"not_picked":["Catalyst","Bane"],"picked":"Dagger Throw","floor":14.0},{"not_picked":["Corpse Explosion","Doppelganger"],"picked":"After Image","floor":16.0},{"not_picked":["Crippling Poison","Outmaneuver","Acrobatics"],"picked":"SKIP","floor":18.0},{"not_picked":["Backflip","Blur"],"picked":"Slice+1","floor":20.0},{"not_picked":["Bouncing Flask","Well Laid Plans","Heel Hook"],"picked":"SKIP","floor":21.0},{"not_picked":["Deadly Poison","Night Terror"],"picked":"Riddle With Holes+1","floor":22.0},{"not_picked":["Predator+1","Deflect+1"],"picked":"PiercingWail","floor":24.0},{"not_picked":["Flechettes","Deflect","Outmaneuver"],"picked":"SKIP","floor":25.0},{"not_picked":["Finisher","Sucker Punch"],"picked":"Calculated Gamble+1","floor":27.0},{"not_picked":["Dash","PiercingWail"],"picked":"Storm of Steel","floor":30.0},{"not_picked":["Slice","Poisoned Stab"],"picked":"PiercingWail","floor":35.0},{"not_picked":["Dash","Flechettes"],"picked":"Dagger Throw","floor":38.0},{"not_picked":["Poisoned Stab","Dagger Spray+1","Deflect+1"],"picked":"SKIP","floor":39.0},{"not_picked":["Predator","PiercingWail"],"picked":"Accuracy","floor":40.0},{"not_picked":["Malaise","Deflect"],"picked":"Slice","floor":42.0},{"not_picked":["Infinite Blades+1","Blade Dance"],"picked":"Reflex","floor":44.0},{"not_picked":["Blade Dance+1","Sucker Punch"],"picked":"Tools of the Trade","floor":46.0},{"not_picked":["Endless Agony+1","Sucker Punch"],"picked":"Blur","floor":47.0}],"player_experience":523066,"relics_obtained":[{"floor":6.0,"key":"Du-Vu Doll"},{"floor":8.0,"key":"TungstenRod"},{"floor":10.0,"key":"Bottled Lightning"},{"floor":24.0,"key":"Bag of Preparation"},{"floor":24.0,"key":"InkBottle"},{"floor":26.0,"key":"Unceasing Top"},{"floor":27.0,"key":"War Paint"},{"floor":27.0,"key":"Whetstone"},{"floor":40.0,"key":"Smiling Mask"},{"floor":40.0,"key":"Nunchaku"},{"floor":42.0,"key":"Bird Faced Urn"},{"floor":42.0,"key":"Incense Burner"},{"floor":43.0,"key":"Dream Catcher"},{"floor":44.0,"key":"Bottled Tornado"},{"floor":44.0,"key":"Bottled Flame"},{"floor":46.0,"key":"Old Coin"},{"floor":47.0,"key":"Calipers"}],"event_choices":[{"damage_healed":0.0,"max_hp_gain":0.0,"max_hp_loss":0.0,"gold_gain":0.0,"event_name":"Scrap Ooze","player_choice":"Success","floor":2.0,"gold_loss":0.0,"damage_taken":11.0,"relics_obtained":["Tough Bandages"]},{"damage_healed":0.0,"max_hp_gain":0.0,"max_hp_loss":0.0,"gold_gain":0.0,"cards_transformed":["Strike_G"],"event_name":"Transmorgrifier","player_choice":"Transformed","floor":5.0,"gold_loss":0.0,"damage_taken":0.0,"cards_obtained":["Bane"]},{"damage_healed":0.0,"max_hp_gain":0.0,"max_hp_loss":0.0,"gold_gain":0.0,"event_name":"WeMeetAgain","player_choice":"Paid Gold","floor":13.0,"gold_loss":83.0,"damage_taken":0.0,"relics_obtained":["White Beast Statue"]},{"damage_healed":0.0,"max_hp_gain":0.0,"max_hp_loss":0.0,"gold_gain":0.0,"event_name":"Knowing Skull","player_choice":"CARD ","floor":19.0,"potions_obtained":[],"gold_loss":0.0,"damage_taken":12.0,"cards_obtained":["Trip"]},{"damage_healed":0.0,"max_hp_gain":0.0,"max_hp_loss":0.0,"gold_gain":0.0,"event_name":"Knowing Skull","player_choice":"CARD ","floor":19.0,"potions_obtained":[],"gold_loss":0.0,"damage_taken":12.0,"cards_obtained":["Trip"]},{"damage_healed":0.0,"max_hp_gain":0.0,"max_hp_loss":0.0,"gold_gain":0.0,"event_name":"The Library","player_choice":"Read","floor":31.0,"gold_loss":0.0,"damage_taken":0.0,"cards_obtained":["Concentrate"]},{"damage_healed":0.0,"max_hp_gain":0.0,"max_hp_loss":0.0,"gold_gain":0.0,"event_name":"Designer","player_choice":"Upgraded Two","floor":37.0,"gold_loss":50.0,"damage_taken":0.0,"cards_upgraded":["PiercingWail","Blade Dance"]},{"damage_healed":0.0,"max_hp_gain":0.0,"max_hp_loss":0.0,"gold_gain":0.0,"event_name":"MindBloom","player_choice":"Fight","floor":46.0,"gold_loss":0.0,"damage_taken":0.0},{"damage_healed":0.0,"max_hp_gain":0.0,"max_hp_loss":0.0,"gold_gain":0.0,"event_name":"Mysterious Sphere","player_choice":"Fight","floor":47.0,"gold_loss":0.0,"damage_taken":0.0},{"damage_healed":0.0,"max_hp_gain":0.0,"max_hp_loss":0.0,"gold_gain":0.0,"event_name":"Tomb of Lord Red Mask","player_choice":"Ignored","floor":48.0,"gold_loss":0.0,"damage_taken":0.0}],"is_beta":false,"boss_relics":[{"not_picked":["Coffee Dripper","Philosopher\u0027s Stone"],"picked":"Black Star"},{"not_picked":["Runic Pyramid","SlaversCollar"],"picked":"HoveringKite"}],"items_purged_floors":[45],"is_endless":false,"potions_floor_spawned":[1,6,8,10,14,16,18,20,21,22,24,25,27,30,33,35,38,39,40,42,44,46,47],"killed_by":"Time Eater","ascension_level":20}}