{"host":"4gkev1dtxxhiue3x","time":1613308706,"event":{"mods":["AchievementEnabler","BaseMod","Colored Powertips","Minty Spire (QoL Compilation)","Relic Stats","Robot Space Explorer","StSLib","The Hierophant"],"gold_per_floor":[111,111,104,29,37,37,17,17],"floor_reached":7,"language":"ENG","playtime":457,"items_purged":["hierophant:Strike_Hierophant"],"score":41,"play_id":"9732cb75-b0c7-4807-b030-f71227a60223","local_time":"20210214141826","is_ascension_mode":false,"campfire_choices":[{"data":"hierophant:Community","floor":6,"key":"SMITH"}],"circlet_count":0,"master_deck":["hierophant:Strike_Hierophant","hierophant:Punish","hierophant:Defend_Hierophant","hierophant:Defend_Hierophant","hierophant:Defend_Hierophant","hierophant:Defend_Hierophant","hierophant:ChurchCoffers","hierophant:AuricShield","hierophant:Flagellation","hierophant:MorningPrayer","Regret","hierophant:Community+1","hierophant:Shelter"],"relics":["hierophant:PropheticMaskRelic","Eternal Feather"],"acts_visited":["Exordium"],"potions_floor_usage":[],"damage_taken":[{"damage":0,"enemies":"Small Slimes","floor":1,"turns":1},{"damage":11,"enemies":"Jaw Worm","floor":3,"turns":2},{"damage":2,"enemies":"2 Louse","floor":5,"turns":2},{"damage":56,"enemies":"Lagavulin","floor":7,"turns":10}],"seed_played":"8521633889988359354","potions_obtained":[{"floor":5,"key":"SteroidPotion"}],"is_trial":false,"path_per_floor":["M","?","M","$","M","R","E"],"character_chosen":"HIEROPHANT","items_purchased":[],"campfire_rested":0,"item_purchase_floors":[],"current_hp_per_floor":[68,68,57,57,55,61,5,5],"gold":17,"neow_bonus":"TRANSFORM_TWO_CARDS","is_daily":false,"chose_seed":false,"campfire_upgraded":1,"win_rate":0.0,"timestamp":1613308706,"path_taken":["M","?","M","?","M","R","E"],"items_purchased_type":[],"build_version":"2020-12-22","purchased_purges":1,"victory":false,"max_hp_per_floor":[68,68,68,68,68,68,68,68],"relic_stats":{"counters":[4,15],"Eternal Feather":6,"obtain_stats":[{"hierophant:PropheticMaskRelic":0,"Eternal Feather":2},{"hierophant:PropheticMaskRelic":0,"Eternal Feather":1},{"hierophant:PropheticMaskRelic":0,"Eternal Feather":1}]},"card_choices":[{"not_picked":["hierophant:Purify","hierophant:RustyCrate"],"picked":"hierophant:MorningPrayer","floor":1},{"not_picked":["hierophant:Sermon","hierophant:OrnateBuckler"],"picked":"hierophant:Community","floor":3},{"not_picked":["hierophant:AuricShield","hierophant:DisplayOfPower"],"picked":"hierophant:Shelter","floor":5}],"player_experience":154948,"relics_obtained":[],"event_choices":[{"damage_healed":0,"gold_gain":0,"player_choice":"Box","damage_taken":0,"relics_obtained":["Eternal Feather"],"max_hp_gain":0,"max_hp_loss":0,"event_name":"Big Fish","floor":2,"gold_loss":0,"cards_obtained":["Regret"]}],"is_beta":false,"boss_relics":[],"items_purged_floors":[4],"is_endless":false,"potions_floor_spawned":[5],"killed_by":"Lagavulin","ascension_level":0}}