{"host":"zwezhz46a5cjkxff","time":1613290430,"event":{"mods":["AchievementEnabler","BaseMod","Colored Map","Colored Powertips","DeckTracker","Minty Spire (QoL Compilation)","Permanent Neow","Quick Restart","Rare Cards Sparkle","Relic Stats","StSLib","SuperFastMode"],"gold_per_floor":[112,132,207,82,82,115,115,147,224,244,263,294,304,318,318,414,414,427,453,453,470,470,470,470,488,514,439,464,464,474,349,349,454,454,466,516,533,533,544,574,574,601,654,679,689,689,703,719,719,719,719],"floor_reached":50,"language":"ENG","playtime":1854,"items_purged":["Strike_B"],"score":654,"play_id":"b2d601a2-a2ba-47ca-9e11-8c625afe6b59","local_time":"20210214021350","is_ascension_mode":true,"campfire_choices":[{"floor":7,"key":"REST"},{"floor":15,"key":"REST"},{"floor":23,"key":"REST"},{"data":"Reprogram","floor":29,"key":"SMITH"},{"floor":32,"key":"REST"},{"floor":41,"key":"RECALL"},{"data":"Seek","floor":46,"key":"SMITH"},{"data":"Scrape","floor":49,"key":"SMITH"}],"circlet_count":0,"master_deck":["Defend_B","Defend_B","Defend_B","Zap","Dualcast","Hyperbeam","Hologram","Steam","Gash","BootSequence","Seek+1","Scrape+1","All For One","Streamline","Bite","Bite","Bite","Bite","Bite","Go for the Eyes","Reprogram+1","Beam Cell","FTL","Reboot","CurseOfTheBell","Hyperbeam","Reprogram+1","Self Repair+1"],"relics":["Cracked Core","Orichalcum","Toy Ornithopter","White Beast Statue","Philosopher\u0027s Stone","Red Mask","MutagenicStrength","Potion Belt","TungstenRod","Calling Bell","Tiny Chest","Matryoshka","Dead Branch","Incense Burner","Turnip","InkBottle","Boot","Regal Pillow","Nunchaku"],"acts_visited":["Exordium","TheCity","TheBeyond"],"potions_floor_usage":[6,8,12,16,16,19,25,25,28,33,33,33,36,39,40,40,40,42,45,45,45,45,45,45,48,50],"damage_taken":[{"damage":2,"enemies":"Jaw Worm","floor":1,"turns":2},{"damage":3,"enemies":"2 Louse","floor":2,"turns":2},{"damage":36,"enemies":"Lagavulin","floor":6,"turns":5},{"damage":18,"enemies":"Gremlin Nob","floor":8,"turns":4},{"damage":0,"enemies":"Cultist","floor":10,"turns":3},{"damage":0,"enemies":"3 Louse","floor":11,"turns":2},{"damage":12,"enemies":"3 Sentries","floor":12,"turns":4},{"damage":0,"enemies":"Blue Slaver","floor":13,"turns":2},{"damage":12,"enemies":"Large Slime","floor":14,"turns":5},{"damage":22,"enemies":"Hexaghost","floor":16,"turns":9},{"damage":12,"enemies":"Chosen","floor":18,"turns":5},{"damage":4,"enemies":"Masked Bandits","floor":19,"turns":2},{"damage":22,"enemies":"Spheric Guardian","floor":21,"turns":4},{"damage":31,"enemies":"Centurion and Healer","floor":25,"turns":6},{"damage":1,"enemies":"Slavers","floor":28,"turns":3},{"damage":24,"enemies":"Snecko","floor":30,"turns":6},{"damage":39,"enemies":"Collector","floor":33,"turns":7},{"damage":0,"enemies":"Orb Walker","floor":35,"turns":2},{"damage":14,"enemies":"Mind Bloom Boss Battle","floor":36,"turns":7},{"damage":13,"enemies":"3 Shapes","floor":37,"turns":3},{"damage":0,"enemies":"3 Darklings","floor":39,"turns":1},{"damage":23,"enemies":"Giant Head","floor":40,"turns":9},{"damage":28,"enemies":"Reptomancer","floor":42,"turns":7},{"damage":7,"enemies":"Giant Head","floor":44,"turns":6},{"damage":19,"enemies":"Writhing Mass","floor":45,"turns":4},{"damage":4,"enemies":"Maw","floor":47,"turns":7},{"damage":22,"enemies":"4 Shapes","floor":48,"turns":4},{"damage":112,"enemies":"Awakened One","floor":50,"turns":8}],"seed_played":"-709484785409433941","potions_obtained":[{"floor":2,"key":"SteroidPotion"},{"floor":6,"key":"LiquidBronze"},{"floor":10,"key":"Explosive Potion"},{"floor":13,"key":"Swift Potion"},{"floor":14,"key":"ColorlessPotion"},{"floor":16,"key":"Block Potion"},{"floor":18,"key":"Fire Potion"},{"floor":19,"key":"Regen Potion"},{"floor":21,"key":"SkillPotion"},{"floor":25,"key":"Explosive Potion"},{"floor":28,"key":"SpeedPotion"},{"floor":30,"key":"Strength Potion"},{"floor":33,"key":"Weak Potion"},{"floor":35,"key":"Explosive Potion"},{"floor":36,"key":"PowerPotion"},{"floor":37,"key":"Fire Potion"},{"floor":39,"key":"Fire Potion"},{"floor":40,"key":"AttackPotion"},{"floor":42,"key":"AttackPotion"},{"floor":44,"key":"EntropicBrew"},{"floor":45,"key":"Explosive Potion"},{"floor":47,"key":"Dexterity Potion"},{"floor":48,"key":"Strength Potion"}],"is_trial":false,"path_per_floor":["M","M","?","$","?","E","R","E","T","M","M","E","M","M","R","B",null,"M","?","?","M","?","R","?","M","T","?","E","R","M","$","R","B",null,"M","?","M","?","M","E","R","E","T","E","M","R","M","M","R","B"],"character_chosen":"DEFECT","items_purchased":["Gash","Beam Cell","FTL"],"campfire_rested":4,"item_purchase_floors":[4,31,31],"current_hp_per_floor":[73,70,59,59,59,23,45,27,27,27,27,20,20,8,30,18,75,63,64,52,34,26,43,43,32,32,32,42,42,20,20,37,36,57,57,49,42,42,47,53,53,41,41,40,40,40,56,47,47,0,0],"gold":719,"neow_bonus":"ONE_RANDOM_RARE_CARD","is_daily":false,"chose_seed":false,"campfire_upgraded":3,"win_rate":0.0,"timestamp":1613290430,"path_taken":["M","M","?","$","?","E","R","E","T","M","M","E","?","M","R","BOSS","M","?","?","M","?","R","?","M","T","?","E","R","M","?","R","BOSS","M","?","M","?","M","E","R","E","T","E","M","R","M","?","R","BOSS"],"items_purchased_type":["Card","Card","Card"],"build_version":"2020-12-22","purchased_purges":1,"victory":false,"max_hp_per_floor":[75,75,75,75,75,75,75,75,75,75,75,75,75,75,75,75,75,75,75,52,52,57,57,57,57,57,57,57,57,57,57,57,57,57,57,57,57,57,57,57,57,57,57,57,57,57,57,57,57,57,57],"relic_stats":{"Regal Pillow":0,"Nunchaku":[7],"counters":[28,129],"Dead Branch":[37],"Tiny Chest":0,"Turnip":[3],"Orichalcum":[162],"Boot":[5],"obtain_stats":[{"Potion Belt":26,"Regal Pillow":43,"Dead Branch":34,"Incense Burner":36,"Orichalcum":6,"Boot":43,"White Beast Statue":12,"Calling Bell":34,"Nunchaku":44,"Matryoshka":34,"MutagenicStrength":24,"Philosopher\u0027s Stone":17,"Tiny Chest":34,"Turnip":40,"Red Mask":19,"Cracked Core":0,"Toy Ornithopter":8,"TungstenRod":28,"InkBottle":42},{"Potion Belt":14,"Regal Pillow":23,"Dead Branch":17,"Incense Burner":19,"Orichalcum":3,"Boot":23,"White Beast Statue":7,"Calling Bell":17,"Nunchaku":24,"Matryoshka":17,"MutagenicStrength":13,"Philosopher\u0027s Stone":10,"Tiny Chest":17,"Turnip":22,"Red Mask":12,"Cracked Core":0,"Toy Ornithopter":4,"TungstenRod":15,"InkBottle":23},{"Potion Belt":55,"Regal Pillow":100,"Dead Branch":71,"Incense Burner":80,"Orichalcum":9,"Boot":100,"White Beast Statue":22,"Calling Bell":71,"Nunchaku":106,"Matryoshka":71,"MutagenicStrength":49,"Philosopher\u0027s Stone":38,"Tiny Chest":71,"Turnip":93,"Red Mask":45,"Cracked Core":0,"Toy Ornithopter":13,"TungstenRod":58,"InkBottle":100}],"Toy Ornithopter":93,"TungstenRod":44,"InkBottle":[16]},"card_choices":[{"not_picked":["Conserve Battery","Auto Shields"],"picked":"Hologram","floor":1},{"not_picked":["Barrage","Turbo"],"picked":"Steam","floor":2},{"not_picked":["Blizzard","Reprogram"],"picked":"BootSequence","floor":6},{"not_picked":["Leap","Compile Driver","Lockon"],"picked":"SKIP","floor":8},{"not_picked":["Leap","Genetic Algorithm","Reinforced Body"],"picked":"SKIP","floor":10},{"not_picked":["Reinforced Body","Capacitor"],"picked":"Seek","floor":11},{"not_picked":["Doom and Gloom","White Noise","Tempest"],"picked":"SKIP","floor":12},{"not_picked":["Gash","Streamline"],"picked":"Scrape","floor":13},{"not_picked":["Conserve Battery","Chaos","Melter"],"picked":"SKIP","floor":14},{"not_picked":["Core Surge","Reboot"],"picked":"All For One","floor":16},{"not_picked":["Ball Lightning","Force Field+1","Barrage"],"picked":"SKIP","floor":18},{"not_picked":["Coolheaded+1","Darkness"],"picked":"Streamline","floor":19},{"not_picked":["Ball Lightning+1","Sweeping Beam+1","Compile Driver"],"picked":"SKIP","floor":21},{"not_picked":["Storm","Ball Lightning"],"picked":"Go for the Eyes","floor":25},{"not_picked":["Glacier","Defragment+1"],"picked":"Reprogram","floor":28},{"not_picked":["Leap","Streamline","Thunder Strike"],"picked":"SKIP","floor":30},{"not_picked":["Amplify","Core Surge"],"picked":"Reboot","floor":33},{"not_picked":["Coolheaded","Compile Driver+1","Leap"],"picked":"SKIP","floor":35},{"not_picked":["Ball Lightning","Stack","Loop"],"picked":"SKIP","floor":37},{"not_picked":["Reinforced Body+1","Go for the Eyes","Redo+1"],"picked":"SKIP","floor":39},{"not_picked":["Sweeping Beam+1","Rip and Tear"],"picked":"Reprogram+1","floor":40},{"not_picked":["Skim","Tempest+1","Go for the Eyes"],"picked":"SKIP","floor":42},{"not_picked":["Hyperbeam","Genetic Algorithm+1","Heatsinks+1"],"picked":"SKIP","floor":44},{"not_picked":["Barrage+1","Stack+1"],"picked":"Self Repair+1","floor":45},{"not_picked":["Steam","Barrage","Go for the Eyes+1"],"picked":"SKIP","floor":47},{"not_picked":["Consume+1","Darkness+1","Stack+1"],"picked":"SKIP","floor":48}],"player_experience":108762,"relics_obtained":[{"floor":6,"key":"Orichalcum"},{"floor":8,"key":"Toy Ornithopter"},{"floor":12,"key":"White Beast Statue"},{"floor":19,"key":"Red Mask"},{"floor":26,"key":"Potion Belt"},{"floor":28,"key":"TungstenRod"},{"floor":34,"key":"Tiny Chest"},{"floor":34,"key":"Matryoshka"},{"floor":34,"key":"Dead Branch"},{"floor":36,"key":"Incense Burner"},{"floor":40,"key":"Turnip"},{"floor":42,"key":"InkBottle"},{"floor":43,"key":"Boot"},{"floor":43,"key":"Regal Pillow"},{"floor":44,"key":"Nunchaku"}],"event_choices":[{"damage_healed":0,"gold_gain":75,"player_choice":"Gather Gold","damage_taken":11,"max_hp_gain":0,"max_hp_loss":0,"event_name":"World of Goop","floor":3,"gold_loss":0},{"damage_healed":0,"gold_gain":0,"cards_transformed":["Defend_B"],"player_choice":"Transformed","damage_taken":0,"max_hp_gain":0,"max_hp_loss":0,"event_name":"Transmorgrifier","floor":5,"gold_loss":0,"cards_obtained":["Barrage"]},{"damage_healed":0,"gold_gain":0,"player_choice":"Fought Bandits","damage_taken":0,"max_hp_gain":0,"max_hp_loss":0,"event_name":"Masked Bandits","floor":19,"gold_loss":0},{"damage_healed":0,"gold_gain":0,"player_choice":"Became a vampire","damage_taken":0,"max_hp_gain":0,"max_hp_loss":23,"event_name":"Vampires","floor":20,"gold_loss":0,"cards_obtained":["Bite","Bite","Bite","Bite","Bite"]},{"damage_healed":0,"gold_gain":0,"player_choice":"Shed Blood","damage_taken":13,"max_hp_gain":5,"max_hp_loss":0,"event_name":"Forgotten Altar","floor":22,"gold_loss":0},{"damage_healed":0,"gold_gain":0,"player_choice":"Inject Mutagens","damage_taken":0,"relics_obtained":["MutagenicStrength"],"max_hp_gain":0,"max_hp_loss":0,"event_name":"Drug Dealer","floor":24,"gold_loss":0},{"cards_removed":["Barrage"],"damage_healed":0,"gold_gain":0,"player_choice":"Gave Gold","damage_taken":0,"max_hp_gain":0,"max_hp_loss":0,"event_name":"Beggar","floor":27,"gold_loss":75},{"damage_healed":0,"gold_gain":0,"player_choice":"Fight","damage_taken":0,"max_hp_gain":0,"max_hp_loss":0,"event_name":"MindBloom","floor":36,"gold_loss":0},{"damage_healed":0,"gold_gain":0,"player_choice":"Copied","damage_taken":0,"max_hp_gain":0,"max_hp_loss":0,"event_name":"Duplicator","floor":38,"gold_loss":0,"cards_obtained":["Hyperbeam"]}],"is_beta":false,"boss_relics":[{"not_picked":["Tiny House","Sozu"],"picked":"Philosopher\u0027s Stone"},{"not_picked":["Coffee Dripper","FrozenCore"],"picked":"Calling Bell"}],"items_purged_floors":[4],"is_endless":false,"potions_floor_spawned":[2,6,10,13,14,16,18,19,21,25,28,30,33,35,36,37,39,40,42,44,45,47,48],"killed_by":"Awakened One","ascension_level":2}}