{"host":"8is2j71l4wmybkoi","time":1613308614,"event":{"mods":["AchievementEnabler","BaseMod","Colored Map","DeckTracker","Minty Spire (QoL Compilation)","Rare Cards Sparkle","Relic Stats","StSLib","SuperFastMode"],"gold_per_floor":[111,111,111,123,135,135,148,181,181,6,6,6,6,6,6,80,80,92,92,109,109,133,133,133],"floor_reached":23,"language":"KOR","playtime":565,"items_purged":["Strike_B"],"score":327,"play_id":"4cdd39f8-9987-408f-a210-005aa280fdfc","local_time":"20210214221654","is_ascension_mode":true,"campfire_choices":[{"data":"Trip","floor":6.0,"key":"SMITH"},{"floor":11.0,"key":"REST"},{"floor":15,"key":"DIG"}],"circlet_count":0,"master_deck":["AscendersBane","Strike_B","Strike_B","Strike_B+1","Defend_B","Defend_B+1","Defend_B","Defend_B+1","Zap","Dualcast+1","Trip+1","Doom and Gloom","Streamline","Auto Shields","Seek","Hyperbeam","Ball Lightning","Biased Cognition","Turbo","Steam+1","Decay"],"relics":["Cracked Core","TungstenRod","Ginger","Shovel","War Paint","Sozu","Oddly Smooth Stone"],"acts_visited":["Exordium","TheCity"],"potions_floor_usage":[16,16,23],"damage_taken":[{"damage":6.0,"enemies":"Cultist","floor":1.0,"turns":4.0},{"damage":2.0,"enemies":"Jaw Worm","floor":4.0,"turns":3.0},{"damage":0.0,"enemies":"2 Louse","floor":5.0,"turns":2.0},{"damage":0.0,"enemies":"Looter","floor":7.0,"turns":3.0},{"damage":29.0,"enemies":"Lagavulin","floor":8.0,"turns":6.0},{"damage":16,"enemies":"The Guardian","floor":16,"turns":12},{"damage":20,"enemies":"Spheric Guardian","floor":18,"turns":4},{"damage":18,"enemies":"Shell Parasite","floor":20,"turns":5},{"damage":17,"enemies":"Gremlin Leader","floor":23,"turns":4}],"seed_played":"3484438273219831745","potions_obtained":[{"floor":1.0,"key":"Block Potion"},{"floor":4.0,"key":"SneckoOil"},{"floor":7.0,"key":"Strength Potion"},{"floor":16,"key":"Dexterity Potion"}],"is_trial":false,"path_per_floor":["M","?","?","M","M","R","M","E","T","$","R","?","$","?","R","B",null,"M","?","M","?","T","E"],"character_chosen":"DEFECT","items_purchased":["Explosive Potion","Ball Lightning"],"campfire_rested":1,"item_purchase_floors":[10,10],"current_hp_per_floor":[58,37,37,35,35,35,35,6,6,6,27,18,18,18,18,2,54,34,34,16,16,16,0,0],"gold":133,"neow_bonus":"RANDOM_COLORLESS","is_daily":false,"chose_seed":false,"campfire_upgraded":1,"win_rate":0.0,"timestamp":1613308614,"path_taken":["M","?","?","M","M","R","M","E","T","?","R","?","?","?","R","BOSS","M","?","M","?","?","E"],"items_purchased_type":["Potion","Card"],"build_version":"2020-12-22","purchased_purges":1,"victory":false,"max_hp_per_floor":[71,71,71,71,71,71,71,71,71,71,71,71,71,71,71,71,71,71,71,71,71,71,71,71],"relic_stats":{"Sozu":2,"Shovel":1,"counters":[9,43],"Ginger":[1],"War Paint":["Defend_B","Dualcast"],"obtain_stats":[{"Sozu":17,"Shovel":12,"Oddly Smooth Stone":22,"Ginger":9,"War Paint":15,"Cracked Core":0,"TungstenRod":8},{"Sozu":6,"Shovel":5,"Oddly Smooth Stone":8,"Ginger":5,"War Paint":5,"Cracked Core":0,"TungstenRod":5},{"Sozu":30,"Shovel":18,"Oddly Smooth Stone":39,"Ginger":18,"War Paint":18,"Cracked Core":0,"TungstenRod":18}],"TungstenRod":16},"card_choices":[{"not_picked":["Purity","Bandage Up"],"picked":"Trip","floor":0.0},{"not_picked":["Steam Power","Redo"],"picked":"Doom and Gloom","floor":1.0},{"not_picked":["Tempest","Go for the Eyes"],"picked":"Streamline","floor":4.0},{"not_picked":["Barrage","Streamline"],"picked":"Auto Shields","floor":5.0},{"not_picked":["Recycle","Compile Driver"],"picked":"Seek","floor":7.0},{"not_picked":["Heatsinks","Steam"],"picked":"Hyperbeam","floor":8.0},{"not_picked":["Amplify","Fission"],"picked":"Biased Cognition","floor":16},{"not_picked":["FTL","Storm"],"picked":"Turbo","floor":18},{"not_picked":["Leap","Sweeping Beam"],"picked":"Steam+1","floor":20}],"player_experience":1208701,"relics_obtained":[{"floor":8.0,"key":"TungstenRod"},{"floor":9.0,"key":"Ginger"},{"floor":15,"key":"War Paint"},{"floor":22,"key":"Oddly Smooth Stone"}],"event_choices":[{"damage_healed":0.0,"max_hp_gain":0.0,"max_hp_loss":0.0,"gold_gain":0.0,"event_name":"Shining Light","player_choice":"Entered Light","floor":2.0,"gold_loss":0.0,"damage_taken":21.0,"cards_upgraded":["Defend_B","Strike_B"]},{"damage_healed":0.0,"max_hp_gain":0.0,"max_hp_loss":0.0,"gold_gain":0.0,"event_name":"Liars Game","player_choice":"Ignored","floor":3.0,"gold_loss":0.0,"damage_taken":0.0},{"damage_healed":0.0,"max_hp_gain":0.0,"max_hp_loss":0.0,"gold_gain":0.0,"event_name":"Scrap Ooze","player_choice":"Success","floor":12.0,"gold_loss":0.0,"damage_taken":11.0,"relics_obtained":["Shovel"]},{"damage_healed":0,"gold_gain":0,"player_choice":"Searched \u00270\u0027 times","damage_taken":0,"max_hp_gain":0,"max_hp_loss":0,"event_name":"Dead Adventurer","floor":14,"gold_loss":0},{"damage_healed":0,"gold_gain":0,"player_choice":"Ignored","damage_taken":0,"max_hp_gain":0,"max_hp_loss":0,"event_name":"Vampires","floor":19,"gold_loss":0},{"damage_healed":0,"gold_gain":0,"player_choice":"Smashed Altar","damage_taken":0,"max_hp_gain":0,"max_hp_loss":0,"event_name":"Forgotten Altar","floor":21,"gold_loss":0,"cards_obtained":["Decay"]}],"is_beta":false,"boss_relics":[{"not_picked":["Nuclear Battery","Astrolabe"],"picked":"Sozu"}],"items_purged_floors":[10],"is_endless":false,"potions_floor_spawned":[1,4,7,16,18,20],"killed_by":"Gremlin Leader","ascension_level":15}}