{"host":"mydft8i2zzydgggw","time":1613299817,"event":{"mods":["AchievementEnabler","BaseMod","Colored Map","Colored Powertips","DeckTracker","Keyboard Shortcuts","Minty Spire (QoL Compilation)","Rare Cards Sparkle","StSLib","SuperFastMode","everything is the same but u backflip on backflip"],"gold_per_floor":[112,126,137,153,173,173,173],"floor_reached":6,"language":"KOR","playtime":142,"items_purged":[],"score":60,"play_id":"5d82b3df-9026-4534-8264-6910c154b396","local_time":"20210214195017","is_ascension_mode":true,"campfire_choices":[],"circlet_count":0,"master_deck":["AscendersBane","Strike_G","Strike_G","Strike_G","Strike_G","Strike_G","Defend_G","Defend_G","Defend_G","Defend_G","Defend_G","Survivor","Neutralize","Acrobatics","PiercingWail","Backflip","Terror","Cloak And Dagger"],"relics":["Ring of the Snake","NeowsBlessing"],"acts_visited":["Exordium"],"potions_floor_usage":[6,6],"damage_taken":[{"damage":0,"enemies":"2 Louse","floor":1,"turns":1},{"damage":0,"enemies":"Jaw Worm","floor":2,"turns":1},{"damage":0,"enemies":"Small Slimes","floor":3,"turns":1},{"damage":18,"enemies":"2 Fungi Beasts","floor":4,"turns":7},{"damage":31,"enemies":"Exordium Thugs","floor":5,"turns":10},{"damage":46,"enemies":"Gremlin Nob","floor":6,"turns":4}],"seed_played":"3318156001973590208","potions_obtained":[{"floor":3,"key":"Weak Potion"},{"floor":5,"key":"Fruit Juice"}],"is_trial":false,"path_per_floor":["M","M","M","M","M","E"],"character_chosen":"THE_SILENT","items_purchased":[],"campfire_rested":0,"item_purchase_floors":[],"current_hp_per_floor":[63,63,63,45,14,0,0],"gold":173,"neow_bonus":"THREE_ENEMY_KILL","is_daily":false,"chose_seed":false,"campfire_upgraded":0,"win_rate":0.0,"timestamp":1613299817,"path_taken":["M","M","M","M","M","E"],"items_purchased_type":[],"build_version":"2020-12-22","purchased_purges":0,"victory":false,"max_hp_per_floor":[70,70,70,70,70,75,75],"card_choices":[{"not_picked":["PiercingWail","Underhanded Strike"],"picked":"Acrobatics","floor":1},{"not_picked":["Endless Agony","Masterful Stab"],"picked":"PiercingWail","floor":2},{"not_picked":["Deflect","Bane"],"picked":"Backflip","floor":3},{"not_picked":["Bane","Riddle With Holes"],"picked":"Terror","floor":4},{"not_picked":["All Out Attack","Slice"],"picked":"Cloak And Dagger","floor":5}],"player_experience":269227,"relics_obtained":[],"event_choices":[],"is_beta":false,"boss_relics":[],"items_purged_floors":[],"is_endless":false,"potions_floor_spawned":[3,5],"killed_by":"Gremlin Nob","ascension_level":10}}