{"host":"ifvrsrzj00f2ebkn","time":1613344744,"event":{"mods":["BaseMod","Colored Map","Colored Powertips","Minty Spire (QoL Compilation)","Random Character Button","StSLib"],"gold_per_floor":[110,120,120,45,45,45,45],"floor_reached":6,"language":"ENG","playtime":832,"items_purged":["Slice"],"score":49,"play_id":"b2fa0f58-9e8c-42fb-b662-92e322d1cb45","local_time":"20210215071904","daily_mods":["Draft","Red Cards","Green Cards","Blue Cards","Colorless Cards","Heirloom","Time Dilation","Flight","DeadlyEvents","Elite Swarm"],"is_ascension_mode":true,"campfire_choices":[],"circlet_count":0,"master_deck":["True Grit","Iron Wave","PiercingWail","Auto Shields","Hologram","Flex","Leap","Spot Weakness+1","Self Repair+1","Leap","Cleave","Outmaneuver","Body Slam","Noxious Fumes","Deadly Poison"],"relics":["Burning Blood","FossilizedHelix","Golden Idol"],"acts_visited":["Exordium"],"potions_floor_usage":[6],"damage_taken":[{"damage":0,"enemies":"Cultist","floor":1,"turns":5},{"damage":0,"enemies":"2 Louse","floor":2,"turns":4},{"damage":62,"enemies":"Gremlin Nob","floor":6,"turns":5}],"seed_played":"1028575680538953806","potions_obtained":[{"floor":2,"key":"FearPotion"}],"is_trial":true,"path_per_floor":["M","M","?","$","?","E"],"character_chosen":"IRONCLAD","items_purchased":[],"campfire_rested":0,"item_purchase_floors":[],"current_hp_per_floor":[80,80,60,60,44,0,0],"gold":45,"neow_bonus":"","is_daily":false,"chose_seed":false,"campfire_upgraded":0,"win_rate":0.0,"timestamp":1613344744,"path_taken":["M","?","?","$","?","E"],"items_purchased_type":[],"build_version":"2020-12-22","purchased_purges":1,"victory":false,"max_hp_per_floor":[80,80,80,80,80,80,80],"card_choices":[{"not_picked":["Anger","Coolheaded"],"picked":"True Grit","floor":0},{"not_picked":["Eviscerate","Rampage"],"picked":"Iron Wave","floor":0},{"not_picked":["Blade Dance","Warcry"],"picked":"PiercingWail","floor":0},{"not_picked":["Terror","Crippling Poison"],"picked":"Auto Shields","floor":0},{"not_picked":["Dark Embrace","Endless Agony"],"picked":"Hologram","floor":0},{"not_picked":["Steam Power","Stack"],"picked":"Flex","floor":0},{"not_picked":["Clash","Rage"],"picked":"Leap","floor":0},{"not_picked":["Reinforced Body","Armaments"],"picked":"Spot Weakness","floor":0},{"not_picked":["Deflect","Reinforced Body"],"picked":"Self Repair","floor":0},{"not_picked":["Blizzard","Outmaneuver"],"picked":"Leap","floor":0},{"not_picked":["Accuracy","Feel No Pain"],"picked":"Slice","floor":0},{"not_picked":["Deflect","Capacitor"],"picked":"Cleave","floor":0},{"not_picked":["Havoc","Barrage"],"picked":"Outmaneuver","floor":0},{"not_picked":["Setup","Perfected Strike"],"picked":"Body Slam","floor":0},{"not_picked":["Scrape","Cold Snap"],"picked":"Noxious Fumes","floor":0},{"not_picked":["White Noise","Redo","Havoc"],"picked":"SKIP","floor":1},{"not_picked":["Sentinel","Cold Snap"],"picked":"Deadly Poison","floor":2}],"player_experience":55891,"relics_obtained":[],"event_choices":[{"damage_healed":0,"gold_gain":0,"player_choice":"Take Damage","damage_taken":20,"relics_obtained":["Golden Idol"],"max_hp_gain":0,"max_hp_loss":0,"event_name":"Golden Idol","floor":3,"gold_loss":0},{"damage_healed":0,"gold_gain":0,"player_choice":"Entered Light","damage_taken":16,"max_hp_gain":0,"max_hp_loss":0,"event_name":"Shining Light","floor":5,"gold_loss":0,"cards_upgraded":["Self Repair","Spot Weakness"]}],"is_beta":false,"boss_relics":[],"items_purged_floors":[4],"is_endless":false,"potions_floor_spawned":[2],"killed_by":"Gremlin Nob","ascension_level":9}}