{"host":"sum4dy402bbv9y4o","time":1613329060,"event":{"mods":["Aspiration","BaseMod","Conspire","Highlight Path","Minty Spire (QoL Compilation)","StSLib"],"gold_per_floor":[19,29,47,66,66,66,98,198,198,223,233,233,246,278,278,278,278],"floor_reached":16,"language":"ENG","playtime":478,"items_purged":[],"score":294,"play_id":"d629bff3-d08f-4958-90d3-f25e15823a2f","local_time":"20210214215740","is_ascension_mode":true,"campfire_choices":[{"data":"Eruption","floor":6,"key":"SMITH"},{"data":"Strike_P","floor":12,"key":"PURGE"},{"data":"Strike_P","floor":15,"key":"PURGE"}],"circlet_count":0,"master_deck":["AscendersBane","Strike_P","Defend_P","Defend_P","Defend_P+1","Eruption+1","Vigilance","Wallop","Halt+1","EmptyBody","Consecrate","SashWhip","LessonLearned","FlurryOfBlows","Halt","FollowUp"],"relics":["PureWater","Peace Pipe","aspiration:StickyExplosives","conspire:DecoderRing","WingedGreaves"],"acts_visited":["Exordium"],"potions_floor_usage":[4,7,10,13],"damage_taken":[{"damage":0,"enemies":"Cultist","floor":1,"turns":2},{"damage":4,"enemies":"Small Slimes","floor":2,"turns":3},{"damage":0,"enemies":"Jaw Worm","floor":3,"turns":2},{"damage":3,"enemies":"Blue Slaver","floor":4,"turns":6},{"damage":16,"enemies":"Gremlin Nob","floor":7,"turns":3},{"damage":21,"enemies":"Lagavulin","floor":10,"turns":5},{"damage":0,"enemies":"2 Fungi Beasts","floor":11,"turns":3},{"damage":0,"enemies":"Lots of Slimes","floor":13,"turns":3},{"damage":0,"enemies":"3 Sentries","floor":14,"turns":2},{"damage":32,"enemies":"Slime Boss","floor":16,"turns":5}],"seed_played":"737839334085109712","potions_obtained":[{"floor":2,"key":"FearPotion"},{"floor":4,"key":"Fruit Juice"},{"floor":7,"key":"Weak Potion"},{"floor":10,"key":"BlessingOfTheForge"}],"is_trial":false,"path_per_floor":["M","M","M","M","?","R","E","?","T","E","M","R","M","E","R","B"],"character_chosen":"WATCHER","items_purchased":[],"campfire_rested":0,"item_purchase_floors":[],"current_hp_per_floor":[61,57,57,59,59,59,43,43,43,22,22,22,22,22,22,0,0],"gold":278,"neow_bonus":"REMOVE_TWO","is_daily":false,"chose_seed":false,"campfire_upgraded":1,"win_rate":0.0,"timestamp":1613329060,"path_taken":["M","M","?","M","?","R","E","?","T","E","M","R","M","E","R","BOSS"],"items_purchased_type":[],"build_version":"2020-12-22","purchased_purges":0,"victory":false,"max_hp_per_floor":[68,68,68,73,73,73,73,73,73,73,73,73,73,73,73,73,73],"card_choices":[{"not_picked":["FollowUp","SashWhip"],"picked":"Wallop","floor":1},{"not_picked":["ClearTheMind","Crescendo"],"picked":"Halt","floor":2},{"not_picked":["Pray","Omniscience"],"picked":"EmptyBody","floor":3},{"not_picked":["SashWhip","JustLucky"],"picked":"Consecrate","floor":4},{"not_picked":["ClearTheMind","ReachHeaven"],"picked":"SashWhip","floor":7},{"not_picked":["ClearTheMind","CutThroughFate"],"picked":"LessonLearned","floor":10},{"not_picked":["JustLucky","EmptyFist"],"picked":"FlurryOfBlows","floor":11},{"not_picked":["ConjureBlade","CutThroughFate"],"picked":"Halt","floor":13},{"not_picked":["JustLucky","Pray"],"picked":"FollowUp","floor":14}],"player_experience":3104047,"relics_obtained":[{"floor":7,"key":"Peace Pipe"},{"floor":9,"key":"aspiration:StickyExplosives"},{"floor":10,"key":"conspire:DecoderRing"},{"floor":14,"key":"WingedGreaves"}],"event_choices":[{"damage_healed":0,"gold_gain":0,"player_choice":"Fled","damage_taken":0,"max_hp_gain":0,"max_hp_loss":0,"event_name":"Scrap Ooze","floor":5,"gold_loss":0},{"damage_healed":0,"gold_gain":100,"player_choice":"Gold","damage_taken":0,"max_hp_gain":0,"max_hp_loss":0,"event_name":"Wheel of Change","floor":8,"gold_loss":0}],"is_beta":false,"boss_relics":[],"items_purged_floors":[],"is_endless":false,"potions_floor_spawned":[2,4,7,10],"killed_by":"Slime Boss","ascension_level":20}}