{"host":"bp3tm7tvk8nf4kb2","time":1613278694,"event":{"mods":["2.2 Compatiblity","AchievementEnabler","BaseMod","Bestiary","Better Match","Better Third Choice","BetterRewards","Colored Map","Colored Powertips","Curses Come First","DeckTracker","Downfall","Duelist Mod","Friendly Minions","Googly Eyes","Halation","Highlight Path","Marisa????????","Minty Spire (QoL Compilation)","Morshu Shopkeeper - ENHANCED","Permanent Neow","Quick Restart","Rare Cards Sparkle","Reorder Act Four","Replay The Spire","Shop Mod","Spicy Shops","StSLib","The Animator","TheBandit","Waifu the Spire","Wide Potions","everything is the same but u backflip on backflip"],"gold_per_floor":[119,119,69,69,82,82,93,93,138,148,73,85,28,103,103,105,105,124,140,154,154,154,154],"floor_reached":22,"language":"ENG","playtime":1079,"items_purged":["Defend_B"],"score":176,"play_id":"09881264-928c-4e24-8f5c-a89cdb9666fc","local_time":"20210213205814","is_ascension_mode":false,"campfire_choices":[{"data":"Static Discharge","floor":6,"key":"SMITH"},{"data":"Dualcast","floor":6,"key":"SMITH"},{"floor":15,"key":"REST"}],"circlet_count":0,"master_deck":["Strike_B","Strike_B","Strike_B","Strike_B","Defend_B","Defend_B","Zap+1","Dualcast+1","Static Discharge+1","Auto Shields","ReplayRNGCard","Conserve Battery","Doubt","Thunder Strike","Hello World","Conserve Battery","Echo Form","Defragment+1","Storm"],"relics":["Cracked Core","Replay:Arrowhead","Regal Pillow","Replay:Wax Seal","BargainBundle","Tiny Chest","halation:SmartPhone"],"acts_visited":["Exordium","TheCity"],"potions_floor_usage":[16,19],"damage_taken":[{"damage":0,"enemies":"Small Slimes","floor":1,"turns":3},{"damage":1,"enemies":"Jaw Worm","floor":5,"turns":2},{"damage":5,"enemies":"Cultist","floor":7,"turns":4},{"damage":11,"enemies":"Looter","floor":10,"turns":3},{"damage":9,"enemies":"Gremlin Gang","floor":12,"turns":3},{"damage":40,"enemies":"The Guardian","floor":16,"turns":12},{"damage":3,"enemies":"Chosen","floor":18,"turns":6},{"damage":38,"enemies":"3 Byrds","floor":19,"turns":5},{"damage":14,"enemies":"Centurion and Healer","floor":20,"turns":4},{"damage":7,"enemies":"Snake Plant","floor":22,"turns":1}],"seed_played":"-9203945309679766138","potions_obtained":[{"floor":7,"key":"SkillPotion"},{"floor":12,"key":"DistilledChaos"},{"floor":18,"key":"AttackPotion"},{"floor":20,"key":"Reflective Coating"}],"is_trial":false,"path_per_floor":["M","?","?","?","M","R","M","?","T","M","$","M","$","?","R","B",null,"M","M","M","?","M"],"character_chosen":"DEFECT","items_purchased":["BargainBundle","Thunder Strike","Hello World","Conserve Battery","Tiny Chest"],"campfire_rested":1,"item_purchase_floors":[13,13,13,13,13],"current_hp_per_floor":[68,68,68,68,67,67,62,62,62,51,51,42,42,31,66,26,68,59,21,1,1,0,0],"gold":154,"neow_bonus":"ONE_RARE_RELIC","is_daily":false,"chose_seed":false,"campfire_upgraded":2,"win_rate":0.0,"timestamp":1613278694,"path_taken":["M","?","?","?","?","R","M","?","T","?","?","M","$","?","R","BOSS","M","M","M","?","M"],"items_purchased_type":["Relic","Card","Card","Card","Relic"],"build_version":"2020-12-22","purchased_purges":1,"victory":false,"max_hp_per_floor":[68,68,68,68,68,68,68,68,68,68,68,68,68,68,68,68,68,68,68,68,68,68,68],"card_choices":[{"not_picked":["Steam","Leap","ReplayTheSpireMod:Repulse"],"picked":"SKIP","floor":1},{"not_picked":["Go for the Eyes","Blizzard"],"picked":"Static Discharge","floor":5},{"not_picked":["BasicCrystalCard","Coolheaded"],"picked":"Auto Shields","floor":7},{"not_picked":["Fusion","Genetic Algorithm","Double Energy"],"picked":"SKIP","floor":10},{"not_picked":["Cold Snap","Self Repair"],"picked":"Conserve Battery","floor":12},{"not_picked":["Reboot","Mirror Shield"],"picked":"Echo Form","floor":16},{"not_picked":["Steam","Crystallizer"],"picked":"Defragment+1","floor":18},{"not_picked":["Steam","ReplayTheSpireMod:Reroute Power"],"picked":"Storm","floor":19},{"not_picked":["Beam Cell","Go for the Eyes","Coolheaded"],"picked":"SKIP","floor":20}],"player_experience":48101,"relics_obtained":[{"floor":9,"key":"Replay:Wax Seal"}],"event_choices":[{"damage_healed":0,"gold_gain":0,"player_choice":"Box","damage_taken":0,"relics_obtained":["Regal Pillow"],"max_hp_gain":0,"max_hp_loss":0,"event_name":"Big Fish","floor":2,"gold_loss":0,"cards_obtained":["Regret"]},{"cards_removed":["Regret"],"damage_healed":0,"gold_gain":0,"player_choice":"Card Removal","damage_taken":0,"max_hp_gain":0,"max_hp_loss":0,"event_name":"The Cleric","floor":3,"gold_loss":50},{"damage_healed":0,"gold_gain":0,"player_choice":"Upgraded","damage_taken":0,"max_hp_gain":0,"max_hp_loss":0,"event_name":"Upgrade Shrine","floor":4,"gold_loss":0,"cards_upgraded":["Zap"]},{"damage_healed":0,"gold_gain":0,"cards_transformed":["Defend_B"],"player_choice":"Transformed","damage_taken":0,"max_hp_gain":0,"max_hp_loss":0,"event_name":"Transmorgrifier","floor":8,"gold_loss":0,"cards_obtained":["ReplayRNGCard"]},{"damage_healed":0,"gold_gain":75,"player_choice":"Gold","damage_taken":11,"max_hp_gain":0,"max_hp_loss":0,"event_name":"betterThird:BetterGoop","floor":14,"gold_loss":0}],"is_beta":false,"boss_relics":[{"not_picked":["halation:Prosthetics","Coffee Dripper"],"picked":"halation:SmartPhone"}],"items_purged_floors":[11],"is_endless":false,"potions_floor_spawned":[7,12,18,20],"killed_by":"Snake Plant","ascension_level":0}}