{"host":"9teu7m87l4miz299","time":1613276292,"event":{"mods":["BaseMod","Minty Spire (QoL Compilation)","Quick Restart","StSLib","Td1madao Mod","The Cursed","The Hierophant","The Poker Player","The Runesmith"],"gold_per_floor":[112,112,112,112,127,127,145,163,186,186,261,277,301,146,146,276,276,301,301,325,339,352,352,377,377,402,402,402],"floor_reached":27,"language":"KOR","playtime":821,"items_purged":["Regret"],"score":287,"play_id":"3abeed73-698b-467a-8372-efb7da91618e","local_time":"20210214131812","is_ascension_mode":true,"campfire_choices":[{"data":"Skewer","floor":6,"key":"SMITH"},{"data":"Dash","floor":10,"key":"SMITH"},{"data":"Infinite Blades","floor":15,"key":"SMITH"},{"floor":23,"key":"REST"},{"floor":25,"key":"REST"}],"circlet_count":0,"master_deck":["Strike_G","Strike_G","Strike_G","Strike_G","Strike_G","Defend_G","Defend_G","Defend_G","Defend_G","Defend_G","Survivor","Neutralize","Skewer+1","Injury","Calculated Gamble","Dash+1","Blade Dance","Escape Plan","Envenom","Infinite Blades+1","Die Die Die","Finisher","Pain","Slice","Deflect+1","Terror"],"relics":["Ring of the Snake","NeowsBlessing","Golden Idol","Toy Ornithopter","Ice Cream","Tiny Chest","Black Star","WarpedTongs","MealTicket","Potion Belt"],"acts_visited":["Exordium","TheCity"],"potions_floor_usage":[22,22,22],"damage_taken":[{"damage":0,"enemies":"Small Slimes","floor":1,"turns":1},{"damage":0,"enemies":"Jaw Worm","floor":5,"turns":1},{"damage":0,"enemies":"2 Louse","floor":7,"turns":1},{"damage":0,"enemies":"Exordium Wildlife","floor":8,"turns":3},{"damage":1,"enemies":"2 Fungi Beasts","floor":12,"turns":3},{"damage":3,"enemies":"Lots of Slimes","floor":13,"turns":4},{"damage":19,"enemies":"The Guardian","floor":16,"turns":13},{"damage":25,"enemies":"3 Byrds","floor":18,"turns":4},{"damage":4,"enemies":"Chosen","floor":20,"turns":4},{"damage":28,"enemies":"Shelled Parasite and Fungi","floor":21,"turns":7},{"damage":10,"enemies":"Snake Plant","floor":22,"turns":6},{"damage":52,"enemies":"Sentry and Sphere","floor":27,"turns":7}],"seed_played":"8147033067907498373","potions_obtained":[{"floor":1,"key":"Dexterity Potion"},{"floor":7,"key":"EssenceOfSteel"},{"floor":13,"key":"Strength Potion"}],"is_trial":false,"path_per_floor":["M","?","?","?","M","R","M","M","T","R","?","M","M","$","R","B",null,"M","?","M","M","M","R","T","R","T","M"],"character_chosen":"THE_SILENT","items_purchased":["Infinite Blades"],"campfire_rested":2,"item_purchase_floors":[14],"current_hp_per_floor":[63,63,63,60,60,60,60,60,60,60,49,48,45,45,45,26,59,34,34,30,2,7,28,28,49,49,0,0],"gold":402,"neow_bonus":"THREE_ENEMY_KILL","is_daily":false,"chose_seed":false,"campfire_upgraded":3,"win_rate":0.0,"timestamp":1613276292,"path_taken":["M","?","?","?","M","R","?","M","T","R","?","M","M","$","R","BOSS","M","?","M","M","?","R","?","R","T","M"],"items_purchased_type":["Card"],"build_version":"2020-12-22","purchased_purges":1,"victory":false,"max_hp_per_floor":[70,70,70,70,70,70,70,70,70,70,70,70,70,70,70,70,70,70,70,70,70,70,70,70,70,70,70,70],"card_choices":[{"not_picked":["Blur","Acrobatics"],"picked":"Skewer","floor":1},{"not_picked":["Underhanded Strike","Slice"],"picked":"Calculated Gamble","floor":5},{"not_picked":["Deflect","Deadly Poison"],"picked":"Dash","floor":7},{"not_picked":["All Out Attack","Riddle With Holes"],"picked":"Blade Dance","floor":8},{"not_picked":["Reflex","Dagger Throw"],"picked":"Escape Plan","floor":12},{"not_picked":["Concentrate","Slice"],"picked":"Envenom","floor":13},{"not_picked":["Venomology","Grand Finale"],"picked":"Die Die Die","floor":16},{"not_picked":["Quick Slash","Slice"],"picked":"Finisher","floor":18},{"not_picked":["Dagger Throw","Dagger Spray"],"picked":"Slice","floor":20},{"not_picked":["Dodge and Roll","Slice"],"picked":"Deflect+1","floor":21},{"not_picked":["Die Die Die","Infinite Blades"],"picked":"Terror","floor":22}],"player_experience":1169655,"relics_obtained":[{"floor":9,"key":"Tiny Chest"},{"floor":24,"key":"MealTicket"},{"floor":26,"key":"Potion Belt"}],"event_choices":[{"damage_healed":0,"gold_gain":0,"player_choice":"Take Wound","damage_taken":0,"relics_obtained":["Golden Idol"],"max_hp_gain":0,"max_hp_loss":0,"event_name":"Golden Idol","floor":2,"gold_loss":0,"cards_obtained":["Injury"]},{"damage_healed":0,"gold_gain":0,"player_choice":"Box","damage_taken":0,"relics_obtained":["Toy Ornithopter"],"max_hp_gain":0,"max_hp_loss":0,"event_name":"Big Fish","floor":3,"gold_loss":0,"cards_obtained":["Regret"]},{"damage_healed":0,"gold_gain":0,"player_choice":"Success","damage_taken":3,"relics_obtained":["Ice Cream"],"max_hp_gain":0,"max_hp_loss":0,"event_name":"Scrap Ooze","floor":4,"gold_loss":0},{"damage_healed":0,"gold_gain":75,"player_choice":"Gather Gold","damage_taken":11,"max_hp_gain":0,"max_hp_loss":0,"event_name":"World of Goop","floor":11,"gold_loss":0},{"damage_healed":0,"gold_gain":0,"player_choice":"Rummage","damage_taken":0,"relics_obtained":["WarpedTongs"],"max_hp_gain":0,"max_hp_loss":0,"event_name":"Accursed Blacksmith","floor":19,"gold_loss":0,"cards_obtained":["Pain"]}],"is_beta":false,"boss_relics":[{"not_picked":["Coffee Dripper","Runic Pyramid"],"picked":"Black Star"}],"items_purged_floors":[14],"is_endless":false,"potions_floor_spawned":[1,7,13,16,21],"killed_by":"Sentry and Sphere","ascension_level":8}}