{"host":"blnmo1e2jbqugfxh","time":1613293745,"event":{"mods":["2.2 Compatiblity","Astrologer","Bard","BaseMod","Beaked The Cultist","Colored Powertips","Conspire","Downfall","Friendly Minions","Googly Eyes","Hermit","Highlight Path","Hubris","Infinite Spire","Marisa????????","Mimic Mod","Minty Spire (QoL Compilation)","MostiFishMod","Prisma Mod","Quick Restart","Rare Cards Sparkle","Replay The Spire","Shop Mod","StSLib","The Construct","The Cursed","The Disciple","The Exalted","The Hierophant","The Mystic","The Servant 0.9.4"],"gold_per_floor":[99,116,129,147,297,332,365,365,429,460,479,76,76,92,104,104,104,104],"floor_reached":16,"language":"ENG","playtime":1485,"items_purged":["downfall:Icky"],"score":162,"play_id":"472780cc-716c-45f1-939d-be02b72b3b21","local_time":"20210214040905","is_ascension_mode":false,"campfire_choices":[{"data":"champ:Taunt","floor":1,"key":"SMITH"},{"floor":8,"key":"REST"},{"floor":13,"key":"REST"}],"circlet_count":0,"master_deck":["champ:Strike","champ:Strike","champ:Strike","champ:Strike","champ:Defend","champ:Defend","champ:Defend","champ:Defend","champ:Execute","champ:Taunt+1","champ:FaceSlap","champ:Endure","champ:DefensiveShout","champ:PreciseThrust","champ:ArenaPreparation","champ:Backstep","champ:UltimateStance","champ:PreciseThrust","champ:PerfectedStrike","champ:DeathBlow","expansioncontent:HyperBeam","expansioncontent:QuickStudy","champ:PreciseThrust"],"relics":["champ:ChampionCrown","DaveBox","Dodecahedron","Replay:Ringing Soul","PreservedInsect","champ:FightingForDummies","Frozen Egg 2"],"acts_visited":["Exordium"],"potions_floor_usage":[10],"damage_taken":[{"damage":20,"enemies":"Cultist","floor":2,"turns":4},{"damage":20,"enemies":"Small Slimes","floor":3,"turns":3},{"damage":22,"enemies":"2 Louse","floor":4,"turns":4},{"damage":45,"enemies":"Lagavulin","floor":6,"turns":7},{"damage":33,"enemies":"Exordium Wildlife","floor":7,"turns":9},{"damage":36,"enemies":"3 Sentries","floor":9,"turns":7},{"damage":32,"enemies":"Gremlin Nob","floor":10,"turns":4},{"damage":15,"enemies":"Exordium Wildlife","floor":11,"turns":4},{"damage":15,"enemies":"downfall:FleeingMerchant","floor":12,"turns":4},{"damage":15,"enemies":"3 Louse","floor":14,"turns":2},{"damage":17,"enemies":"Red Slaver","floor":15,"turns":4},{"damage":69,"enemies":"DF_ARCHETYPE_STREAMLINE","floor":16,"turns":6}],"seed_played":"-5940891139650479955","potions_obtained":[{"floor":3,"key":"champ:OpenerPotion"},{"floor":4,"key":"SpeedPotion"},{"floor":6,"key":"Strength Potion"},{"floor":15,"key":"Fire Potion"}],"is_trial":false,"path_per_floor":["R","M","M","M","?","E","MIM","R","?","E","M","$","R","M","M","B"],"character_chosen":"THE_CHAMP","items_purchased":["champ:DeathBlow","expansioncontent:HyperBeam","expansioncontent:QuickStudy"],"campfire_rested":2,"item_purchase_floors":[12,12,12],"current_hp_per_floor":[99,99,89,82,82,55,45,76,53,34,32,35,70,70,66,0,0,0],"gold":104,"neow_bonus":"TEN_PERCENT_HP_BONUS","is_daily":false,"chose_seed":false,"campfire_upgraded":1,"win_rate":0.0,"timestamp":1613293745,"path_taken":["R","M","M","M","?","E","MIM","R","?","E","M","$","R","M","M","BOSS"],"items_purchased_type":["Card","Card","Card"],"build_version":"2020-12-22","purchased_purges":1,"victory":false,"max_hp_per_floor":[99,99,99,99,99,102,105,105,108,111,114,117,117,117,120,120,120,120],"card_choices":[{"not_picked":["champ:HeartStrike","champ:BerserkersShout"],"picked":"champ:FaceSlap","floor":2},{"not_picked":["champ:FlashCut","champ:PreemptiveStrike"],"picked":"champ:Endure","floor":3},{"not_picked":["champ:TornadoPunch","champ:FlashCut"],"picked":"champ:DefensiveShout","floor":4},{"not_picked":["champ:Haymaker","champ:TornadoPunch"],"picked":"champ:PreciseThrust","floor":6},{"not_picked":["champ:FancyFootwork","champ:GladiatorStyle"],"picked":"champ:ArenaPreparation","floor":7},{"not_picked":["champ:CrookedStrike","champ:FocusedDefense"],"picked":"champ:Backstep","floor":9},{"not_picked":["champ:FlashCut","champ:EnragedBash"],"picked":"champ:UltimateStance","floor":10},{"not_picked":["champ:Backstep","champ:EnGarde"],"picked":"champ:PreciseThrust","floor":11},{"not_picked":["champ:SkillfulDodge","champ:AdrenalArmor"],"picked":"champ:PerfectedStrike","floor":12},{"not_picked":["champ:Endure","champ:BladeFlurry","champ:CrookedStrike"],"picked":"SKIP","floor":14},{"not_picked":["champ:SetATrap","champ:PreemptiveStrike"],"picked":"champ:PreciseThrust","floor":15}],"player_experience":25631,"relics_obtained":[{"floor":6,"key":"Replay:Ringing Soul"},{"floor":7,"key":"PreservedInsect"},{"floor":9,"key":"champ:FightingForDummies"},{"floor":10,"key":"Frozen Egg 2"}],"event_choices":[],"is_beta":false,"boss_relics":[],"items_purged_floors":[12],"is_endless":false,"potions_floor_spawned":[3,4,6,9,15],"killed_by":"DF_ARCHETYPE_STREAMLINE","ascension_level":0}}