{"host":"ydg0vn0pu4pubmdt","time":1613286968,"event":{"mods":["AchievementEnabler","BaseMod","Colored Map","Gold Saver","Minty Spire (QoL Compilation)","Quick Restart","SuperFastMode"],"gold_per_floor":[111,111,111,129,129,169,193,193,193,193,268,301,317,331,331,331,331],"floor_reached":16,"language":"KOR","playtime":277,"items_purged":[],"score":270,"play_id":"bc2fb8aa-f941-4371-9ca7-727bd8235bcb","local_time":"20210214161608","is_ascension_mode":true,"campfire_choices":[{"data":"Envenom","floor":8.0,"key":"SMITH"},{"data":"Dagger Spray","floor":10.0,"key":"SMITH"},{"floor":15.0,"key":"REST"}],"circlet_count":0,"master_deck":["AscendersBane","Strike_G","Strike_G","Strike_G","Strike_G+1","Strike_G","Defend_G","Defend_G","Defend_G","Defend_G","Defend_G","Survivor","Neutralize+1","Dagger Spray+1","Envenom+1","Backflip","PiercingWail"],"relics":["Ring of the Snake","NeowsBlessing","Strawberry","Golden Idol","Ninja Scroll","Bronze Scales","Boot"],"acts_visited":["Exordium"],"potions_floor_usage":[16,16],"damage_taken":[{"damage":0.0,"enemies":"Cultist","floor":1.0,"turns":1.0},{"damage":0.0,"enemies":"2 Louse","floor":4.0,"turns":1.0},{"damage":0.0,"enemies":"Lagavulin","floor":6.0,"turns":1.0},{"damage":4.0,"enemies":"Jaw Worm","floor":7.0,"turns":4.0},{"damage":17.0,"enemies":"3 Sentries","floor":12.0,"turns":6.0},{"damage":0.0,"enemies":"Blue Slaver","floor":13.0,"turns":3.0},{"damage":0.0,"enemies":"2 Fungi Beasts","floor":14.0,"turns":2.0},{"damage":46,"enemies":"The Guardian","floor":16,"turns":10}],"seed_played":"-6224623423984250717","potions_obtained":[{"floor":4.0,"key":"Strength Potion"},{"floor":12.0,"key":"AttackPotion"},{"floor":14.0,"key":"GamblersBrew"}],"is_trial":false,"path_per_floor":["M","T","?","M","?","E","M","R","T","R","?","E","M","M","R","B"],"character_chosen":"THE_SILENT","items_purchased":[],"campfire_rested":1,"item_purchase_floors":[],"current_hp_per_floor":[59,66,44,44,44,44,40,40,40,40,29,12,12,12,31,0,0],"gold":331,"neow_bonus":"THREE_ENEMY_KILL","is_daily":false,"chose_seed":false,"campfire_upgraded":2,"win_rate":0.0,"timestamp":1613286968,"path_taken":["M","?","?","M","?","E","?","R","T","R","?","E","M","M","R","BOSS"],"items_purchased_type":[],"build_version":"2020-12-22","purchased_purges":0,"victory":false,"max_hp_per_floor":[66,73,73,73,66,66,66,66,66,66,66,66,66,66,66,66,66],"card_choices":[{"not_picked":["Prepared","Sucker Punch","PiercingWail"],"picked":"SKIP","floor":1.0},{"not_picked":["Poisoned Stab","Outmaneuver"],"picked":"Dagger Spray","floor":4.0},{"not_picked":["Unload","Underhanded Strike"],"picked":"Envenom","floor":6.0},{"not_picked":["Outmaneuver","Sucker Punch"],"picked":"Backflip","floor":7.0},{"not_picked":["Reflex","Dagger Spray","Outmaneuver"],"picked":"SKIP","floor":12.0},{"not_picked":["Finisher","Prepared"],"picked":"PiercingWail","floor":13.0},{"not_picked":["Bane","Acrobatics","Skewer"],"picked":"SKIP","floor":14.0}],"player_experience":551744,"relics_obtained":[{"floor":2.0,"key":"Strawberry"},{"floor":6.0,"key":"Ninja Scroll"},{"floor":9.0,"key":"Bronze Scales"},{"floor":12.0,"key":"Boot"}],"event_choices":[{"damage_healed":0.0,"max_hp_gain":0.0,"max_hp_loss":0.0,"gold_gain":0.0,"event_name":"Shining Light","player_choice":"Entered Light","floor":3.0,"gold_loss":0.0,"damage_taken":22.0,"cards_upgraded":["Neutralize","Strike_G"]},{"damage_healed":0.0,"max_hp_gain":0.0,"max_hp_loss":7.0,"gold_gain":0.0,"event_name":"Golden Idol","player_choice":"Lose Max HP","floor":5.0,"gold_loss":0.0,"damage_taken":0.0,"relics_obtained":["Golden Idol"]},{"damage_healed":0.0,"max_hp_gain":0.0,"max_hp_loss":0.0,"gold_gain":75.0,"event_name":"World of Goop","player_choice":"Gather Gold","floor":11.0,"gold_loss":0.0,"damage_taken":11.0}],"is_beta":false,"boss_relics":[],"items_purged_floors":[],"is_endless":false,"potions_floor_spawned":[4,12,14],"killed_by":"The Guardian","ascension_level":20}}