{"host":"m4zn6rtsd36lrr22","time":1613319459,"event":{"mods":["2.2 Compatiblity","Act Like it!","BaseMod","Better Synergies","BetterRewards","CapriCore","Colored Map","Custom Start","FoggyMod","Gensokyo","GungeonMod","HololiveMod","Ironclad Rager","Lobotomy","LobotomyExtend","Luminous","Minty Spire (QoL Compilation)","Permanent Neow","Poor People Problems","Prisma Mod","Quick Restart","Reimu（博丽灵梦）","Relic Filter Mod","Relic Stats","Reliquary","Remilia（蕾米莉亚）","Remove Card Discount Mod","Replay The Spire","RumiaBox-露米娅的神秘盒子","Shop Mod","Spicy Shops","StSLib","The Alterego","The Animator","The Immortal","WarShipGirlsR/战舰少女R mod","Yakumo Yukari mod","noobMod","【功能Mod】混沌之环修复补丁","【遗物卡牌】REMEMod"],"gold_per_floor":[131,57,73,132,142,188,188,188,188,188,218,1,1,1,1,101,101,121,121,2,2,2,2,2,0,27,243,265,265,265,265,265,568,618,631,631,91,91,91,91,101,132,132,158,158,9,9,9,9,9,9],"floor_reached":52,"language":"ZHS","playtime":5755,"items_purged":["animator:Strike","animator:Strike","animator:Defend","animator:Strike","animator:Defend","animator:Defend","animator:Strike","animator:Layla"],"score":981,"play_id":"0c4c1801-2f76-4d0d-ba6e-70d37cb02959","local_time":"20210215001739","is_ascension_mode":false,"campfire_choices":[{"data":"animator:Tyuule","floor":7,"key":"SMITH"},{"data":"animator:AcuraAkari","floor":10,"key":"SMITH"},{"data":"animator:Gillette","floor":13,"key":"SMITH"},{"floor":15,"key":"DIG"},{"data":"animator:Guy","floor":23,"key":"SMITH"},{"data":"animator:Fredrika","floor":32,"key":"SMITH"},{"data":"animator:AcuraTooru","floor":40,"key":"SMITH"},{"floor":49,"key":"DIG"}],"circlet_count":0,"master_deck":["animator:Strike_HitsugiNoChaika","animator:Gillette+1","animator:Tyuule+1","animator:Layla","animator:Guy+1","animator:ChaikaBohdan+1","animator:AcuraTooru+1","animator:Fredrika+1","animator:ChaikaTrabant"],"relics":["animator:LivingPicture","animator:TheMissingPiece","REME_ComplimentaryCards","ice","animator:PurgingStone","LetterFromLob","reliquary:PartyBalloon","Mastiff:ReiMu","animator:WornHelmet","Medical Kit","MealTicket","reliquary:Boomerang","ReplayFunnel","Replay:Rubber Ducky","Gensokyo:SongOfSouls","Peace Pipe","Tiny House","Membership Card","Divine Protection","Omamori","REME_HourglassOfDeath","Strawberry","DemoMod:AgedBell","DemoMod:VorpalBullet","Bag of Marbles","Charon\u0027s Ashes","TentaclePot:ReiMu","Frozen Eye","reliquary:Knoch"],"acts_visited":["Gensokyo:Gensokyo","Gensokyo:Gensokyoer","Gensokyo:Gensokyoest"],"potions_floor_usage":[],"damage_taken":[{"damage":0,"enemies":"Gensokyo:3_Fairies","floor":1,"turns":4},{"damage":12,"enemies":"Gensokyo:Python","floor":3,"turns":3},{"damage":11,"enemies":"Gensokyo:Gryphon","floor":5,"turns":3},{"damage":34,"enemies":"Gensokyo:Cirno","floor":6,"turns":6},{"damage":9,"enemies":"Gensokyo:Mamizou","floor":11,"turns":5},{"damage":26,"enemies":"Gensokyo:Reimu","floor":16,"turns":6},{"damage":6,"enemies":"Gensokyo:2_Gloops","floor":18,"turns":4},{"damage":13,"enemies":"Gensokyo:Chomper","floor":27,"turns":3},{"damage":0,"enemies":"Gensokyo:3_Gloops","floor":28,"turns":4},{"damage":18,"enemies":"Gensokyo:Eiki","floor":33,"turns":3},{"damage":0,"enemies":"Gensokyo:3_Bats","floor":35,"turns":2},{"damage":0,"enemies":"Gensokyo:AncientGuardian","floor":41,"turns":1},{"damage":0,"enemies":"Gensokyo:Marisa","floor":42,"turns":3},{"damage":0,"enemies":"Gensokyo:Doremy","floor":44,"turns":2},{"damage":8,"enemies":"Gensokyo:Scarlet_Devils","floor":50,"turns":4}],"seed_played":"7083041966922169973","potions_obtained":[{"floor":3,"key":"Elixir"},{"floor":4,"key":"ZuzhouPotion:ReiMu"},{"floor":4,"key":"Weak Potion"}],"is_trial":false,"path_per_floor":["M","$","M","?","M","E","R","?","T","R","E","COS","R","?","R_BF","B",null,"M","?","COS","?","?","R","?","$","T","M","M","?","?","?","R","B",null,"M","?","$","?","?","R","M","E","T","E","T","$","?","?","R_BF","B",null,null],"character_chosen":"THE_ANIMATOR","items_purchased":["animator:Layla","Membership Card","Divine Protection","Omamori","REME_HourglassOfDeath","Strawberry","TentaclePot:ReiMu","Frozen Eye"],"campfire_rested":0,"item_purchase_floors":[2,37,37,37,37,37,46,46],"current_hp_per_floor":[66,66,54,28,17,46,46,46,46,46,37,37,37,37,37,74,74,68,68,68,68,68,68,68,74,74,62,62,62,62,62,62,44,86,86,86,93,93,93,93,93,93,93,94,94,101,101,101,101,93,93],"gold":9,"neow_bonus":"REMOVE_CARD","is_daily":false,"chose_seed":false,"campfire_upgraded":6,"win_rate":0.0,"timestamp":1613319459,"path_taken":["M","$","?","?","?","E","R","?","T","R","E","COS","R","?","R_BF","BOSS","M","?","COS","?","?","R","?","$","T","?","?","?","?","?","R","BOSS","M","?","$","?","?","R","?","E","T","E","?","$","?","?","R_BF","BOSS"],"items_purchased_type":["Card","Relic","Relic","Relic","Relic","Relic","Relic","Relic"],"build_version":"2020-12-22","purchased_purges":8,"victory":true,"max_hp_per_floor":[66,66,66,66,66,71,71,71,71,71,72,72,72,72,72,74,74,74,74,74,74,74,74,74,74,74,78,79,79,79,79,79,81,86,86,86,93,93,93,93,93,100,100,101,101,101,101,101,101,102,102],"relic_stats":{"Peace Pipe":0,"counters":[15,53],"MealTicket":13,"Charon\u0027s Ashes":[3],"Medical Kit":[0],"obtain_stats":[{"ReplayFunnel":27,"Divine Protection":37,"reliquary:Boomerang":26,"Tiny House":34,"DemoMod:AgedBell":42,"reliquary:PartyBalloon":6,"animator:TheMissingPiece":0,"DemoMod:GlassGuonStoneRelic":3,"ice":0,"Replay:Rubber Ducky":28,"Frozen Eye":46,"animator:PurgingStone":0,"Mastiff:ReiMu":9,"Strawberry":37,"MealTicket":15,"Gensokyo:SongOfSouls":30,"TentaclePot:ReiMu":46,"Charon\u0027s Ashes":45,"Omamori":37,"animator:WornHelmet":11,"Medical Kit":12,"Peace Pipe":33,"REME_HourglassOfDeath":37,"animator:LivingPicture":0,"LetterFromLob":1,"Bag of Marbles":44,"Membership Card":37,"reliquary:Knoch":49,"DemoMod:VorpalBullet":43,"REME_ComplimentaryCards":0},{"ReplayFunnel":8,"Divine Protection":11,"reliquary:Boomerang":7,"Tiny House":10,"DemoMod:AgedBell":13,"reliquary:PartyBalloon":4,"animator:TheMissingPiece":0,"DemoMod:GlassGuonStoneRelic":2,"ice":0,"Replay:Rubber Ducky":9,"Frozen Eye":14,"animator:PurgingStone":0,"Mastiff:ReiMu":4,"Strawberry":11,"MealTicket":5,"Gensokyo:SongOfSouls":9,"TentaclePot:ReiMu":14,"Charon\u0027s Ashes":14,"Omamori":11,"animator:WornHelmet":5,"Medical Kit":5,"Peace Pipe":10,"REME_HourglassOfDeath":11,"animator:LivingPicture":0,"LetterFromLob":1,"Bag of Marbles":14,"Membership Card":11,"reliquary:Knoch":14,"DemoMod:VorpalBullet":13,"REME_ComplimentaryCards":0},{"ReplayFunnel":32,"Divine Protection":43,"reliquary:Boomerang":31,"Tiny House":41,"DemoMod:AgedBell":47,"reliquary:PartyBalloon":16,"animator:TheMissingPiece":0,"DemoMod:GlassGuonStoneRelic":7,"ice":0,"Replay:Rubber Ducky":35,"Frozen Eye":49,"animator:PurgingStone":0,"Mastiff:ReiMu":16,"Strawberry":43,"MealTicket":21,"Gensokyo:SongOfSouls":38,"TentaclePot:ReiMu":49,"Charon\u0027s Ashes":49,"Omamori":43,"animator:WornHelmet":21,"Medical Kit":21,"Peace Pipe":40,"REME_HourglassOfDeath":43,"animator:LivingPicture":0,"LetterFromLob":4,"Bag of Marbles":49,"Membership Card":43,"reliquary:Knoch":49,"DemoMod:VorpalBullet":47,"REME_ComplimentaryCards":0}]},"card_choices":[{"not_picked":["animator:Spearman","animator:GuildGirl"],"picked":"animator:Tyuule","floor":1},{"not_picked":["animator:Tet","animator:DolaCouronne","animator:Illya"],"picked":"SKIP","floor":3},{"not_picked":["animator:YaoHaDucy","animator:ZankiKiguchi","animator:YuiTsuruno"],"picked":"SKIP","floor":5},{"not_picked":["animator:ChaikaBohdan","animator:AcuraAkari"],"picked":"animator:Guy","floor":6},{"not_picked":["animator:Emonzaemon","animator:Priestess","animator:YuiTsuruno"],"picked":"SKIP","floor":11},{"not_picked":["animator:HighElfArcher","animator:Caster+1","animator:YunYun"],"picked":"SKIP","floor":18},{"not_picked":["animator:LizardPriest","animator:HighElfArcher"],"picked":"animator:ChaikaBohdan","floor":27},{"not_picked":["animator:ChaikaBohdan","animator:Layla"],"picked":"animator:AcuraTooru","floor":28},{"not_picked":["animator:Illya","animator:YuiTsuruno","animator:Vanir"],"picked":"SKIP","floor":35},{"not_picked":["animator:Entoma","animator:Cocytus","animator:YaoHaDucy"],"picked":"SKIP","floor":41},{"not_picked":["animator:YaoHaDucy","animator:UneriGinkaku+1","animator:OrikoMikuni"],"picked":"SKIP","floor":42},{"not_picked":["animator:Layla","animator:Gillette"],"picked":"animator:ChaikaTrabant","floor":44}],"player_experience":397066,"relics_obtained":[{"floor":1,"key":"LetterFromLob"},{"floor":6,"key":"reliquary:PartyBalloon"},{"floor":9,"key":"Mastiff:ReiMu"},{"floor":11,"key":"animator:WornHelmet"},{"floor":15,"key":"MealTicket"},{"floor":26,"key":"reliquary:Boomerang"},{"floor":42,"key":"DemoMod:AgedBell"},{"floor":43,"key":"DemoMod:VorpalBullet"},{"floor":44,"key":"Bag of Marbles"},{"floor":45,"key":"Charon\u0027s Ashes"},{"floor":49,"key":"reliquary:Knoch"}],"event_choices":[],"is_beta":false,"boss_relics":[{"not_picked":["Replay:Drink Me","Busted Crown","Calling Bell"]},{"not_picked":["Kintsugi","animator:CursedBlade"],"picked":"Tiny House"}],"items_purged_floors":[2,2,2,2,2,2,2,25],"is_endless":false,"potions_floor_spawned":[3,5,11,18,33,42],"ascension_level":0}}