{"host":"3y2rtlgteqp2nuo3","time":1613302707,"event":{"mods":["2.2 Compatiblity","AchievementEnabler","BaseMod","Colored Map","DeckTracker","Highlight Path","Keyboard Shortcuts","Minty Spire (QoL Compilation)","Permanent Neow","Quick Restart","StSLib","SuperFastMode","everything is the same but u backflip on backflip"],"gold_per_floor":[113,130,145,56,56,56,56,56,81,100,112,142,160,179,179,251,251,267,247,247,247],"floor_reached":20,"language":"KOR","playtime":348,"items_purged":[],"score":294,"play_id":"2bf0803f-a844-4d25-99ff-87483235197d","local_time":"20210214203827","is_ascension_mode":true,"campfire_choices":[{"data":"Perfected Strike","floor":6.0,"key":"SMITH"},{"data":"Bash","floor":8.0,"key":"SMITH"},{"data":"Heavy Blade","floor":15,"key":"SMITH"}],"circlet_count":0,"master_deck":["AscendersBane","Strike_R","Strike_R","Strike_R","Strike_R","Defend_R","Defend_R","Defend_R","Defend_R","Bash+1","Berserk","Twin Strike","Pommel Strike","Perfected Strike+1","Swift Strike","Spot Weakness","Whirlwind","Double Tap","Searing Blow","Heavy Blade+1","Inflame+1"],"relics":["Black Blood","Magic Flower","Oddly Smooth Stone","StoneCalendar"],"acts_visited":["Exordium","TheCity"],"potions_floor_usage":[13],"damage_taken":[{"damage":6.0,"enemies":"Cultist","floor":1.0,"turns":4.0},{"damage":7.0,"enemies":"2 Louse","floor":2.0,"turns":3.0},{"damage":0.0,"enemies":"Small Slimes","floor":3.0,"turns":3.0},{"damage":12.0,"enemies":"2 Fungi Beasts","floor":10.0,"turns":2.0},{"damage":14.0,"enemies":"Blue Slaver","floor":11.0,"turns":3.0},{"damage":25.0,"enemies":"3 Sentries","floor":12.0,"turns":4.0},{"damage":0,"enemies":"Red Slaver","floor":13,"turns":1},{"damage":12,"enemies":"Large Slime","floor":14,"turns":4},{"damage":26,"enemies":"Slime Boss","floor":16,"turns":7},{"damage":22,"enemies":"Spheric Guardian","floor":18,"turns":4},{"damage":33,"enemies":"2 Thieves","floor":19,"turns":4},{"damage":41,"enemies":"Sentry and Sphere","floor":20,"turns":5}],"seed_played":"1939399995930653334","potions_obtained":[{"floor":3.0,"key":"AttackPotion"},{"floor":11.0,"key":"GamblersBrew"},{"floor":14,"key":"AttackPotion"},{"floor":16,"key":"HeartOfIron"}],"is_trial":false,"path_per_floor":["M","M","M","$","?","R","?","R","T","M","M","E","M","M","R","B",null,"M","M","M"],"character_chosen":"IRONCLAD","items_purchased":["Swift Strike"],"campfire_rested":0,"item_purchase_floors":[4],"current_hp_per_floor":[72,71,72,72,60,60,60,60,60,57,52,36,45,42,42,25,60,56,41,0,0],"gold":247,"neow_bonus":"THREE_RARE_CARDS","is_daily":false,"chose_seed":false,"campfire_upgraded":3,"win_rate":0.0,"timestamp":1613302707,"path_taken":["M","M","M","$","?","R","?","R","T","M","M","E","M","M","R","BOSS","M","M","M"],"items_purchased_type":["Card"],"build_version":"2020-12-22","purchased_purges":0,"victory":false,"max_hp_per_floor":[72,72,72,72,72,72,72,72,72,72,72,72,72,72,72,72,72,72,72,72,72],"card_choices":[{"not_picked":["Juggernaut","Impervious"],"picked":"Berserk","floor":0.0},{"not_picked":["Headbutt","Entrench"],"picked":"Twin Strike","floor":1.0},{"not_picked":["Thunderclap","Anger"],"picked":"Pommel Strike","floor":2.0},{"not_picked":["Headbutt","Burning Pact"],"picked":"Perfected Strike","floor":3.0},{"not_picked":["Clash","Shockwave"],"picked":"Spot Weakness","floor":10.0},{"not_picked":["Pommel Strike","Body Slam"],"picked":"Whirlwind","floor":11.0},{"not_picked":["Sentinel","Flex"],"picked":"Double Tap","floor":12.0},{"not_picked":["Clothesline","Body Slam"],"picked":"Searing Blow","floor":13},{"not_picked":["Infernal Blade","Entrench"],"picked":"Heavy Blade","floor":14},{"not_picked":["Cleave","Thunderclap","Twin Strike"],"picked":"SKIP","floor":18},{"not_picked":["Warcry","Wild Strike"],"picked":"Inflame+1","floor":19}],"player_experience":787265,"relics_obtained":[{"floor":9.0,"key":"Oddly Smooth Stone"},{"floor":12.0,"key":"StoneCalendar"}],"event_choices":[{"damage_healed":0.0,"max_hp_gain":0.0,"max_hp_loss":0.0,"gold_gain":0.0,"event_name":"Scrap Ooze","player_choice":"Success","floor":5.0,"gold_loss":0.0,"damage_taken":12.0,"relics_obtained":["Magic Flower"]},{"cards_removed":["Strike_R"],"damage_healed":0.0,"max_hp_gain":0.0,"max_hp_loss":0.0,"gold_gain":0.0,"event_name":"Purifier","player_choice":"Purged","floor":7.0,"gold_loss":0.0,"damage_taken":0.0}],"is_beta":false,"boss_relics":[{"not_picked":["Busted Crown","Cursed Key"],"picked":"Black Blood"}],"items_purged_floors":[],"is_endless":false,"potions_floor_spawned":[3,11,14,16,19],"killed_by":"Sentry and Sphere","ascension_level":13}}