{"host":"8eqe2o2g03nh9rfw","time":1613335369,"event":{"mods":["AchievementEnabler","AlwaysNeverKeys","BaseMod","Better Third Choice","Block Reminder","Colored Map","Colored Powertips","GifTheSpireLib","Minty Spire (QoL Compilation)","Permanent Neow","Quick Restart","StSLib","Weighted Paths"],"gold_per_floor":[119,135,135,135,210,210,244,244,244,21,21,40,40,71,71,176,176,192,192,36,48,66,66,95,95,95,14,14,14,34,53,53,53,53],"floor_reached":33,"language":"ENG","playtime":1153,"items_purged":["Defend_G"],"score":271,"play_id":"c903daee-4829-4fbe-a35c-f5cd14eb3456","local_time":"20210214154249","is_ascension_mode":false,"campfire_choices":[{"floor":6,"key":"REST"},{"floor":11,"key":"REST"},{"floor":13,"key":"REST"},{"floor":15,"key":"REST"},{"floor":23,"key":"REST"},{"floor":25,"key":"REST"},{"floor":28,"key":"REST"},{"floor":32,"key":"REST"}],"circlet_count":0,"master_deck":["Strike_G+1","Strike_G+1","Strike_G","Strike_G","Strike_G","Defend_G","Defend_G","Defend_G","Defend_G","Survivor","Neutralize","Backstab+1","Flying Knee","Bouncing Flask","Dagger Throw","Deflect","Quick Slash","WreathOfFlame","Prostrate","Wraith Form v2","CurseOfTheBell","Crescendo+1","Terror+1","Static Discharge","WheelKick+1","Redo+1","Crippling Poison+1","Aggregate+1","Stack+1"],"relics":["Ring of the Snake","Gambling Chip","Lizard Tail","InkBottle","PrismaticShard","Darkstone Periapt","Calling Bell","Happy Flower","Toxic Egg 2","Girya","Orichalcum","Molten Egg 2"],"acts_visited":["Exordium","TheCity"],"potions_floor_usage":[14,16,16,22,31],"damage_taken":[{"damage":1,"enemies":"Jaw Worm","floor":1,"turns":3},{"damage":7,"enemies":"2 Louse","floor":2,"turns":3},{"damage":37,"enemies":"3 Sentries","floor":7,"turns":7},{"damage":2,"enemies":"Small Slimes","floor":12,"turns":2},{"damage":23,"enemies":"Lagavulin","floor":14,"turns":4},{"damage":26,"enemies":"Hexaghost","floor":16,"turns":9},{"damage":4,"enemies":"Chosen","floor":18,"turns":4},{"damage":2,"enemies":"Shell Parasite","floor":21,"turns":5},{"damage":38,"enemies":"Centurion and Healer","floor":22,"turns":6},{"damage":53,"enemies":"Gremlin Leader","floor":24,"turns":5},{"damage":0,"enemies":"Cultist and Chosen","floor":30,"turns":4},{"damage":44,"enemies":"Chosen and Byrds","floor":31,"turns":7},{"damage":68,"enemies":"Automaton","floor":33,"turns":10}],"seed_played":"-445727239251628265","potions_obtained":[{"floor":1,"key":"SkillPotion"},{"floor":12,"key":"CunningPotion"},{"floor":14,"key":"LiquidMemories"},{"floor":21,"key":"SteroidPotion"},{"floor":30,"key":"Weak Potion"}],"is_trial":false,"path_per_floor":["M","M","?","?","?","R","E","T","T","$","R","M","R","E","R","B",null,"M","?","$","M","M","R","E","R","T","$","R","?","M","M","R","B"],"character_chosen":"THE_SILENT","items_purchased":["PrismaticShard","Deflect","Quick Slash","Terror+1","Crippling Poison+1"],"campfire_rested":8,"item_purchase_floors":[10,10,10,20,27],"current_hp_per_floor":[69,62,48,48,37,58,21,21,21,21,42,40,61,38,59,33,76,72,72,72,70,32,54,1,23,23,23,45,45,45,1,23,0,0],"gold":53,"neow_bonus":"THREE_CARDS","is_daily":false,"chose_seed":false,"campfire_upgraded":0,"win_rate":0.0,"timestamp":1613335369,"path_taken":["M","M","?","?","?","R","E","?","T","$","R","?","R","E","R","BOSS","M","?","$","M","M","R","E","R","T","$","R","?","M","M","R","BOSS"],"items_purchased_type":["Relic","Card","Card","Card","Card"],"build_version":"2020-12-22","purchased_purges":1,"victory":false,"max_hp_per_floor":[70,70,70,70,70,70,70,70,70,70,70,70,70,70,70,70,76,76,76,76,76,76,76,76,76,76,76,76,76,76,76,76,76,76],"card_choices":[{"not_picked":["Poisoned Stab","Backflip"],"picked":"Backstab","floor":0},{"not_picked":["Infinite Blades","Prepared"],"picked":"Flying Knee","floor":1},{"not_picked":["Accuracy","Slice"],"picked":"Bouncing Flask","floor":2},{"not_picked":["PiercingWail","Catalyst"],"picked":"Dagger Throw","floor":7},{"not_picked":["Reinforced Body","CutThroughFate"],"picked":"WreathOfFlame","floor":12},{"not_picked":["Panacea","Flechettes"],"picked":"Prostrate","floor":14},{"not_picked":["Blasphemy","The Bomb"],"picked":"Wraith Form v2","floor":16},{"not_picked":["Thunderclap+1","Clothesline"],"picked":"Crescendo+1","floor":18},{"not_picked":["CutThroughFate","Wild Strike"],"picked":"Static Discharge","floor":21},{"not_picked":["Trip+1","Clothesline"],"picked":"WheelKick+1","floor":22},{"not_picked":["Slice","Undo+1"],"picked":"Redo+1","floor":24},{"not_picked":["Sever Soul+1","Eviscerate+1"],"picked":"Aggregate+1","floor":30},{"not_picked":["Pommel Strike+1","Perseverance+1"],"picked":"Stack+1","floor":31}],"player_experience":116751,"relics_obtained":[{"floor":7,"key":"Gambling Chip"},{"floor":8,"key":"Lizard Tail"},{"floor":9,"key":"InkBottle"},{"floor":14,"key":"Darkstone Periapt"},{"floor":17,"key":"Happy Flower"},{"floor":17,"key":"Toxic Egg 2"},{"floor":17,"key":"Girya"},{"floor":24,"key":"Orichalcum"},{"floor":26,"key":"Molten Egg 2"}],"event_choices":[{"damage_healed":62,"gold_gain":0,"player_choice":"Upgrade","damage_taken":14,"max_hp_gain":0,"max_hp_loss":70,"event_name":"betterThird:BetterShining","floor":3,"gold_loss":0,"cards_upgraded":["Strike_G","Strike_G"]},{"damage_healed":0,"gold_gain":0,"player_choice":"Grow","damage_taken":0,"max_hp_gain":0,"max_hp_loss":0,"event_name":"Living Wall","floor":4,"gold_loss":0,"cards_upgraded":["Backstab"]},{"damage_healed":0,"gold_gain":75,"player_choice":"Gold","damage_taken":11,"max_hp_gain":0,"max_hp_loss":0,"event_name":"betterThird:BetterGoop","floor":5,"gold_loss":0},{"damage_healed":0,"gold_gain":0,"player_choice":"Ignored","damage_taken":0,"max_hp_gain":0,"max_hp_loss":0,"event_name":"Vampires","floor":19,"gold_loss":0},{"damage_healed":0,"gold_gain":0,"player_choice":"Ignored","damage_taken":0,"max_hp_gain":0,"max_hp_loss":0,"event_name":"Ghosts","floor":29,"gold_loss":0}],"is_beta":false,"boss_relics":[{"not_picked":["Astrolabe","Velvet Choker"],"picked":"Calling Bell"}],"items_purged_floors":[20],"is_endless":false,"potions_floor_spawned":[1,12,14,21,30],"killed_by":"Automaton","ascension_level":0}}