{"host":"sygfylmorsvdndbx","time":1613272386,"event":{"mods":["AchievementEnabler","BaseMod","Bestiary","Highlight Path","Minty Spire (QoL Compilation)","Permanent Neow","Quick Restart","Relic Stats"],"gold_per_floor":[116,131,131,141,151,151,186,206,229,248,263,291,301,321,321,424,424,489,523,597,608,71,71,159,224,224,224,224,224],"floor_reached":28,"language":"ENG","playtime":2481,"items_purged":["Defend_P"],"score":410,"play_id":"3a9ea711-4195-4810-96f3-29cdd8473e1e","local_time":"20210213221306","is_ascension_mode":true,"campfire_choices":[{"floor":6,"key":"REST"},{"floor":15,"key":"REST"},{"floor":23,"key":"REST"}],"circlet_count":0,"master_deck":["AscendersBane","Strike_P","Strike_P","Defend_P+1","Defend_P","Eruption","Vigilance+1","CarveReality","DevaForm","TalkToTheHand","EmptyMind","ThirdEye","Wish","Conclude+1","Nirvana+1","Wish+1","BattleHymn","ThirdEye","Omniscience","Metamorphosis"],"relics":["Fusion Hammer","Darkstone Periapt","War Paint","Happy Flower","Centennial Puzzle","Astrolabe","Red Mask","Pantograph","Pen Nib"],"acts_visited":["Exordium","TheCity"],"potions_floor_usage":[8,12,16,24,24],"damage_taken":[{"damage":7,"enemies":"Small Slimes","floor":1,"turns":4},{"damage":0,"enemies":"Cultist","floor":2,"turns":3},{"damage":2,"enemies":"Jaw Worm","floor":4,"turns":3},{"damage":6,"enemies":"3 Louse","floor":5,"turns":5},{"damage":35,"enemies":"3 Sentries","floor":7,"turns":6},{"damage":8,"enemies":"Exordium Thugs","floor":8,"turns":4},{"damage":0,"enemies":"Blue Slaver","floor":10,"turns":3},{"damage":4,"enemies":"Red Slaver","floor":11,"turns":3},{"damage":15,"enemies":"Lagavulin","floor":12,"turns":5},{"damage":4,"enemies":"Large Slime","floor":13,"turns":3},{"damage":1,"enemies":"Looter","floor":14,"turns":3},{"damage":6,"enemies":"Hexaghost","floor":16,"turns":11},{"damage":36,"enemies":"2 Thieves","floor":18,"turns":5},{"damage":38,"enemies":"Masked Bandits","floor":19,"turns":5},{"damage":9,"enemies":"Shell Parasite","floor":20,"turns":7},{"damage":3,"enemies":"3 Cultists","floor":21,"turns":6},{"damage":21,"enemies":"Gremlin Leader","floor":24,"turns":7},{"damage":0,"enemies":"Snecko","floor":25,"turns":5},{"damage":21,"enemies":"Slavers","floor":28,"turns":2}],"seed_played":"-8024522948181468785","potions_obtained":[{"floor":5,"key":"SteroidPotion"},{"floor":7,"key":"SteroidPotion"},{"floor":10,"key":"FairyPotion"},{"floor":13,"key":"DuplicationPotion"},{"floor":19,"key":"AttackPotion"},{"floor":24,"key":"FairyPotion"},{"floor":25,"key":"Dexterity Potion"}],"is_trial":false,"path_per_floor":["M","M","?","M","M","R","E","M","T","M","M","E","M","M","R","B",null,"M","?","M","M","$","R","E","M","T","?","E"],"character_chosen":"WATCHER","items_purchased":["Pantograph","Block Potion","Metamorphosis"],"campfire_rested":3,"item_purchase_floors":[22,22,22],"current_hp_per_floor":[58,58,58,56,50,71,36,28,28,28,24,9,5,4,25,19,59,23,15,6,3,3,24,3,3,3,3,6,6],"gold":224,"neow_bonus":"BOSS_RELIC","is_daily":false,"chose_seed":false,"campfire_upgraded":0,"win_rate":0.0,"timestamp":1613272386,"path_taken":["M","M","?","?","?","R","E","M","T","M","M","E","?","M","R","BOSS","M","?","M","M","$","R","E","M","T","?","E"],"items_purchased_type":["Relic","Potion","Card"],"build_version":"2020-12-22","purchased_purges":1,"victory":false,"max_hp_per_floor":[72,72,72,72,72,72,72,72,72,72,72,72,72,72,72,72,72,72,72,72,72,72,72,72,72,72,72,72,72],"relic_stats":{"Darkstone Periapt":0,"Centennial Puzzle":[27],"Happy Flower":[21],"counters":[19,90],"Astrolabe":["Conclude","Nirvana","Wish"],"Pantograph":0,"Pen Nib":[1],"War Paint":["Defend_P","Vigilance"],"obtain_stats":[{"Darkstone Periapt":3,"Centennial Puzzle":12,"Happy Flower":9,"Astrolabe":17,"Pantograph":22,"Fusion Hammer":0,"Pen Nib":24,"Red Mask":19,"PureWater":0,"War Paint":7},{"Darkstone Periapt":2,"Centennial Puzzle":9,"Happy Flower":6,"Astrolabe":12,"Pantograph":16,"Fusion Hammer":0,"Pen Nib":17,"Red Mask":14,"PureWater":0,"War Paint":5},{"Darkstone Periapt":7,"Centennial Puzzle":36,"Happy Flower":25,"Astrolabe":53,"Pantograph":76,"Fusion Hammer":0,"Pen Nib":83,"Red Mask":63,"PureWater":0,"War Paint":21}]},"card_choices":[{"not_picked":["Evaluate","LikeWater"],"picked":"CutThroughFate","floor":1},{"not_picked":["EmptyFist","CrushJoints","FlyingSleeves"],"picked":"SKIP","floor":2},{"not_picked":["DeceiveReality","PathToVictory"],"picked":"CarveReality","floor":4},{"not_picked":["Meditate","CrushJoints","BowlingBash"],"picked":"SKIP","floor":5},{"not_picked":["Meditate","CrushJoints","BowlingBash"],"picked":"SKIP","floor":5},{"not_picked":["Swivel","FollowUp","FlurryOfBlows"],"picked":"SKIP","floor":7},{"not_picked":["FlyingSleeves","CarveReality","MentalFortress"],"picked":"SKIP","floor":8},{"not_picked":["Crescendo","JustLucky"],"picked":"DevaForm","floor":10},{"not_picked":["Nirvana","Prostrate","FlyingSleeves"],"picked":"SKIP","floor":11},{"not_picked":["Evaluate","Collect"],"picked":"TalkToTheHand","floor":12},{"not_picked":["Prostrate","FollowUp"],"picked":"EmptyMind","floor":13},{"not_picked":["SignatureMove","Halt"],"picked":"ThirdEye","floor":14},{"not_picked":["ConjureBlade","Alpha"],"picked":"Wish","floor":16},{"not_picked":["ForeignInfluence","Prostrate"],"picked":"BattleHymn","floor":18},{"not_picked":["Swivel","Weave"],"picked":"ThirdEye","floor":19},{"not_picked":["FollowUp","Protect","LikeWater"],"picked":"SKIP","floor":20},{"not_picked":["Swivel","Halt"],"picked":"Omniscience","floor":21},{"not_picked":["LikeWater","BowlingBash","EmptyFist"],"picked":"SKIP","floor":24},{"not_picked":["Prostrate","InnerPeace","FlurryOfBlows+1"],"picked":"SKIP","floor":25}],"player_experience":520863,"relics_obtained":[{"floor":7,"key":"War Paint"},{"floor":9,"key":"Happy Flower"},{"floor":12,"key":"Centennial Puzzle"},{"floor":19,"key":"Red Mask"},{"floor":24,"key":"Pen Nib"}],"event_choices":[{"cards_removed":["CutThroughFate"],"damage_healed":0,"gold_gain":0,"player_choice":"Gave Card","damage_taken":0,"relics_obtained":["Darkstone Periapt"],"max_hp_gain":0,"max_hp_loss":0,"event_name":"WeMeetAgain","floor":3,"gold_loss":0},{"damage_healed":0,"gold_gain":0,"player_choice":"Fought Bandits","damage_taken":0,"max_hp_gain":0,"max_hp_loss":0,"event_name":"Masked Bandits","floor":19,"gold_loss":0},{"damage_healed":0,"gold_gain":0,"player_choice":"Ignored","damage_taken":0,"max_hp_gain":0,"max_hp_loss":0,"event_name":"Vampires","floor":27,"gold_loss":0}],"is_beta":false,"boss_relics":[{"not_picked":["Coffee Dripper","Calling Bell"],"picked":"Astrolabe"}],"items_purged_floors":[22],"is_endless":false,"potions_floor_spawned":[5,7,10,11,13,14,19,24,25],"killed_by":"Slavers","ascension_level":12}}