{"host":"z7iqwv4hfwwvhc2n","time":1613286041,"event":{"mods":["2.2 Compatiblity","BaseMod","Better Note","Better Third Choice","BetterRewards","Bossed Relics","Colored Powertips","Minty Spire (QoL Compilation)","Permanent Neow","Relic Filter","Shop Mod","StSLib","The Cursed"],"gold_per_floor":[111,121,141,155,175,203,203,238,238,255,255,271,38,49,49,152,152,171,153,165,265,265,265],"floor_reached":22,"language":"JPN","playtime":1332,"items_purged":[],"score":317,"play_id":"2b4ac8ce-0176-4f51-85e8-3c9f6aed6355","local_time":"20210214160041","is_ascension_mode":true,"campfire_choices":[{"data":"Trip","floor":7,"key":"SMITH"},{"floor":15,"key":"REST"}],"circlet_count":0,"master_deck":["Strike_R","Strike_R","Strike_R","Strike_R","Strike_R","Defend_R","Defend_R","Defend_R","Defend_R","Bash","Trip+1","Wild Strike","Power Through","Second Wind","Bludgeon","Sever Soul","Iron Wave","Fiend Fire","Anger+1","Anger","Impatience","Sever Soul","Corruption","Clash","Headbutt","Clothesline+1"],"relics":["Burning Blood","TheAbacus","Shuriken","Letter Opener","Bird Faced Urn","HandDrill","Black Star"],"acts_visited":["Exordium","TheCity"],"potions_floor_usage":[16,16,16,20,22],"damage_taken":[{"damage":8,"enemies":"Cultist","floor":1,"turns":5},{"damage":3,"enemies":"2 Louse","floor":2,"turns":3},{"damage":1,"enemies":"Jaw Worm","floor":3,"turns":2},{"damage":0,"enemies":"Large Slime","floor":4,"turns":6},{"damage":8,"enemies":"Red Slaver","floor":5,"turns":4},{"damage":30,"enemies":"Gremlin Nob","floor":6,"turns":4},{"damage":20,"enemies":"Lagavulin","floor":8,"turns":5},{"damage":7,"enemies":"Blue Slaver","floor":10,"turns":2},{"damage":17,"enemies":"Large Slime","floor":12,"turns":5},{"damage":0,"enemies":"Exordium Thugs","floor":14,"turns":4},{"damage":1,"enemies":"Slime Boss","floor":16,"turns":6},{"damage":42,"enemies":"3 Byrds","floor":18,"turns":7},{"damage":15,"enemies":"2 Thieves","floor":19,"turns":4},{"damage":50,"enemies":"Cultist and Chosen","floor":20,"turns":7},{"damage":7,"enemies":"Centurion and Healer","floor":22,"turns":2}],"seed_played":"2597863436458804825","potions_obtained":[{"floor":3,"key":"CultistPotion"},{"floor":5,"key":"SkillPotion"},{"floor":8,"key":"CultistPotion"},{"floor":12,"key":"Fire Potion"},{"floor":14,"key":"Explosive Potion"},{"floor":19,"key":"Regen Potion"},{"floor":20,"key":"Fire Potion"}],"is_trial":false,"path_per_floor":["M","M","M","M","M","E","R","E","T","M","?","M","$","M","R","B",null,"M","M","M","?","M"],"character_chosen":"IRONCLAD","items_purchased":["TheAbacus","Trip","Impatience","HandDrill"],"campfire_rested":1,"item_purchase_floors":[0,0,13,13],"current_hp_per_floor":[78,80,80,80,78,54,54,40,40,39,39,28,28,34,58,63,80,44,37,7,7,0,0],"gold":265,"neow_bonus":"","is_daily":false,"chose_seed":false,"campfire_upgraded":1,"win_rate":0.0,"timestamp":1613286041,"path_taken":["M","?","M","M","M","E","R","E","T","M","?","M","$","M","R","BOSS","M","?","M","?","M"],"items_purchased_type":["Relic","Card","Card","Relic"],"build_version":"2020-12-22","purchased_purges":0,"victory":false,"max_hp_per_floor":[80,80,80,80,80,80,80,80,80,80,80,80,80,80,80,80,80,80,80,80,80,80,80],"card_choices":[{"not_picked":["Body Slam","Cleave"],"picked":"Wild Strike","floor":1},{"not_picked":["Twin Strike","Flex"],"picked":"Power Through","floor":2},{"not_picked":["Armaments","Spot Weakness"],"picked":"Second Wind","floor":3},{"not_picked":["Armaments","Heavy Blade"],"picked":"Bludgeon","floor":4},{"not_picked":["Heavy Blade","Twin Strike"],"picked":"Sever Soul","floor":5},{"not_picked":["Infernal Blade","Thunderclap"],"picked":"Iron Wave","floor":6},{"not_picked":["Whirlwind","Intimidate"],"picked":"Fiend Fire","floor":8},{"not_picked":["Flex","Iron Wave"],"picked":"Anger","floor":10},{"not_picked":["Wild Strike","Havoc"],"picked":"Anger","floor":12},{"not_picked":["Iron Wave","Disarm"],"picked":"Sever Soul","floor":14},{"not_picked":["Fiend Fire","Demon Form"],"picked":"Corruption","floor":16},{"not_picked":["Havoc","Iron Wave"],"picked":"Clash","floor":18},{"not_picked":["Rampage","Warcry"],"picked":"Headbutt","floor":19},{"not_picked":["Iron Wave","Shrug It Off"],"picked":"Clothesline+1","floor":20}],"player_experience":42577,"relics_obtained":[{"floor":6,"key":"Shuriken"},{"floor":8,"key":"Letter Opener"},{"floor":9,"key":"Bird Faced Urn"}],"event_choices":[{"damage_healed":0,"gold_gain":0,"player_choice":"Forge","damage_taken":0,"max_hp_gain":0,"max_hp_loss":0,"event_name":"Accursed Blacksmith","floor":11,"gold_loss":0,"cards_upgraded":["Anger"]},{"damage_healed":0,"gold_gain":100,"player_choice":"Pray","damage_taken":0,"max_hp_gain":0,"max_hp_loss":0,"event_name":"Golden Shrine","floor":21,"gold_loss":0}],"is_beta":false,"boss_relics":[{"not_picked":["Circlet","Circlet"],"picked":"Black Star"}],"items_purged_floors":[],"is_endless":false,"potions_floor_spawned":[3,5,8,12,14,19,20],"killed_by":"Centurion and Healer","ascension_level":1}}