{"host":"1lwxixhv2lzh5ag1","time":1613342262,"event":{"mods":["AchievementEnabler","BaseMod","Bestiary","Better Altar","Better Match","Better Note","Better Sensory Stone","Better Silent Start","Better Skull","Better Third Choice","BetterRewards","Colored Map","Colored Powertips","DeckTracker","Displayed Cursed Tome","Downfall","Fox Events","Hubris","Minty Spire (QoL Compilation)","Permanent Neow","Relic Stats","Reliquary","Replay The Spire","Spire Arcade","StSLib","Td1madao Mod","The Blue Laboratory","Uncapped","Waifu the Spire"],"gold_per_floor":[212,212,212,21,31,64,64,64,64,91,91,91,104,114,114,209,209,221,241,259,259,259,259,259,294,342,377,392,392,392],"floor_reached":29,"language":"ENG","playtime":1051,"items_purged":[],"score":296,"play_id":"b4bb5238-ce49-4e76-a585-26aef2fce94e","local_time":"20210214173742","is_ascension_mode":false,"campfire_choices":[{"data":"Apotheosis","floor":8,"key":"SMITH"},{"floor":12,"key":"REST"},{"floor":23,"key":"REST"}],"circlet_count":0,"master_deck":["Strike_G","Strike_G","Strike_G","Strike_G","Defend_G","Defend_G","Defend_G","Defend_G","Survivor","Neutralize","Dagger Throw","Apotheosis+1","Toxin Wave+1","Dagger Spray","Bouncing Flask","Flying Knee","Bane","Poison Darts","Poisoned Stab","Dagger Spray+1","Replay:Poison Smokescreen+1","Deadly Poison"],"relics":["Ring of the Snake","Blue Candle","Boot","Onion Ring","Snake Skull","hubris:Towel","Replay:Bronze Core","MutagenicStrength","Potion Belt","Ancient Tea Set","Tingsha"],"acts_visited":["Exordium","TheCity"],"potions_floor_usage":[20,27],"damage_taken":[{"damage":0,"enemies":"Small Slimes","floor":1,"turns":4},{"damage":1,"enemies":"Jaw Worm","floor":5,"turns":5},{"damage":13,"enemies":"3 Sentries","floor":6,"turns":9},{"damage":0,"enemies":"Gremlin Nob","floor":10,"turns":3},{"damage":0,"enemies":"2 Louse","floor":13,"turns":2},{"damage":10,"enemies":"Lots of Slimes","floor":14,"turns":3},{"damage":23,"enemies":"Slime Boss","floor":16,"turns":8},{"damage":1,"enemies":"3 Byrds","floor":18,"turns":3},{"damage":16,"enemies":"2 Thieves","floor":19,"turns":3},{"damage":0,"enemies":"Cultist and Chosen","floor":20,"turns":2},{"damage":14,"enemies":"Replay:Snechameleon","floor":25,"turns":5},{"damage":31,"enemies":"Book of Stabbing","floor":27,"turns":4},{"damage":0,"enemies":"Centurion and Healer","floor":28,"turns":3},{"damage":28,"enemies":"Shelled Parasite and Fungi","floor":29,"turns":4}],"seed_played":"-3350594245252974927","potions_obtained":[{"floor":6,"key":"SpeedPotion"},{"floor":14,"key":"DistilledChaos"},{"floor":16,"key":"blueLaboratory:PhilterOfMotion"},{"floor":19,"key":"Strength Potion"}],"is_trial":false,"path_per_floor":["M","?","?","$","M","E","?","R","T","E","?","R","M","M","R_BF","B",null,"M","M","M","?","?","R","?","E","T","E","M","M"],"character_chosen":"THE_SILENT","items_purchased":["Apotheosis"],"campfire_rested":2,"item_purchase_floors":[4],"current_hp_per_floor":[70,65,68,68,67,54,54,54,54,54,54,73,73,63,73,50,73,72,56,56,56,56,73,73,59,59,28,28,0,0],"gold":392,"neow_bonus":"HUNDRED_GOLD","is_daily":false,"chose_seed":false,"campfire_upgraded":1,"win_rate":0.0,"timestamp":1613342262,"path_taken":["M","?","?","?","?","E","?","R","T","E","?","R","M","M","R_BF","BOSS","M","M","M","?","?","R","?","E","T","E","M","M"],"items_purchased_type":["Card"],"build_version":"2020-12-22","purchased_purges":0,"victory":false,"max_hp_per_floor":[70,70,73,73,73,73,73,73,73,73,73,73,73,73,73,73,73,73,73,73,73,73,73,73,73,73,73,73,73,73],"relic_stats":{"counters":[14,58],"Blue Candle":[0],"Tingsha":[6],"Snake Skull":[25],"Boot":[28],"obtain_stats":[{"Potion Belt":25,"Blue Candle":2,"Replay:Bronze Core":17,"MutagenicStrength":24,"Onion Ring":9,"Tingsha":27,"Snake Skull":10,"hubris:Towel":11,"Boot":6,"Ancient Tea Set":26,"Ring of the Snake":0},{"Potion Belt":11,"Blue Candle":1,"Replay:Bronze Core":7,"MutagenicStrength":10,"Onion Ring":3,"Tingsha":12,"Snake Skull":4,"hubris:Towel":4,"Boot":3,"Ancient Tea Set":11,"Ring of the Snake":0},{"Potion Belt":47,"Blue Candle":4,"Replay:Bronze Core":34,"MutagenicStrength":42,"Onion Ring":18,"Tingsha":51,"Snake Skull":21,"hubris:Towel":21,"Boot":18,"Ancient Tea Set":47,"Ring of the Snake":0}],"Ring of the Snake":[70]},"card_choices":[{"not_picked":["Prepared","Hidden Blade"],"picked":"Dagger Throw","floor":1},{"not_picked":["ReplayTheSpireMod:Tripwire","Dagger Throw"],"picked":"Toxin Wave","floor":5},{"not_picked":["Deflect","Phantasmal Killer"],"picked":"Dagger Spray","floor":6},{"not_picked":["ReplayTheSpireMod:Tripwire","All Out Attack"],"picked":"Bouncing Flask","floor":10},{"not_picked":["Caltrops","Riddle With Holes"],"picked":"Flying Knee","floor":13},{"not_picked":["Dagger Throw","Quick Slash"],"picked":"Bane","floor":14},{"not_picked":["A Thousand Cuts","Corpse Explosion"],"picked":"Poison Darts","floor":16},{"not_picked":["Quick Slash","ReplayTheSpireMod:Scrap Shanks"],"picked":"Poisoned Stab","floor":18},{"not_picked":["Riddle With Holes","Dagger Throw"],"picked":"Dagger Spray+1","floor":19},{"not_picked":["Heel Hook","Underhanded Strike","Acrobatics+1"],"picked":"SKIP","floor":20},{"not_picked":["Quick Slash","hubris:SlightOfHand+1"],"picked":"Deadly Poison","floor":25},{"not_picked":["Dagger Throw","Glass Knife","Flying Knee"],"picked":"SKIP","floor":27},{"not_picked":["Dagger Throw","hubris:SlightOfHand","Cloak And Dagger"],"picked":"SKIP","floor":28}],"player_experience":24146,"relics_obtained":[{"floor":6,"key":"Boot"},{"floor":9,"key":"Onion Ring"},{"floor":10,"key":"Snake Skull"},{"floor":25,"key":"Potion Belt"},{"floor":26,"key":"Ancient Tea Set"},{"floor":27,"key":"Tingsha"}],"event_choices":[{"damage_healed":0,"gold_gain":0,"player_choice":"Ignored","damage_taken":64,"max_hp_gain":0,"max_hp_loss":0,"event_name":"betterThird:BetterSerpent","floor":7,"gold_loss":0},{"cards_removed":["Apotheosis"],"damage_healed":0,"gold_gain":0,"player_choice":"Take \u0026 Give","damage_taken":0,"max_hp_gain":0,"max_hp_loss":0,"event_name":"betterNote:BetterNote","floor":21,"gold_loss":0,"cards_obtained":["Replay:Poison Smokescreen"]},{"damage_healed":0,"gold_gain":0,"player_choice":"Ignored","damage_taken":0,"max_hp_gain":0,"max_hp_loss":0,"event_name":"Vampires","floor":22,"gold_loss":0},{"damage_healed":0,"gold_gain":0,"player_choice":"Inject Mutagens","damage_taken":0,"relics_obtained":["MutagenicStrength"],"max_hp_gain":0,"max_hp_loss":0,"event_name":"Drug Dealer","floor":24,"gold_loss":0}],"is_beta":false,"boss_relics":[{"not_picked":["Runic Dome","Painkiller Herb"],"picked":"Replay:Bronze Core"}],"items_purged_floors":[],"is_endless":false,"potions_floor_spawned":[5,6,14,16,19],"killed_by":"Shelled Parasite and Fungi","ascension_level":0}}