{"host":"3c27c697js19kaoo","time":1613285813,"event":{"mods":["ATMod(°¢èªMod)","Act Like it!","Arknights","Aspiration","BaseMod","CapriCore","Dota2Spire","Hermit","Minty Spire (QoL Compilation)","Quick Restart","Reliquary","Replay The Spire","Spicy Shops","StSLib","The Alterego","The Cursed","The Marked","The Runesmith","The Servant 0.9.4","¡¾¹¦ÄÜMod¡¿»ìãçÖ®»·ÐÞ¸´²¹¶¡","¡¾ÒÅÎï¿¨ÅÆ¡¿REMEMod"],"gold_per_floor":[116,129,146,161,161,161,196,196,196,242,254,291,339,351,363,534,546,572,499,511,544,581,26,26,41,41,65,65,103,124,142,67,196,196,220,241,241,257,273,313,332,365,365,109,123,166,185,221,221,221],"floor_reached":51,"language":"ZHS","playtime":1808,"items_purged":["Pain","Injury"],"score":967,"play_id":"1ec64b88-d81d-4971-94c7-7debe2407150","local_time":"20210214145653","is_ascension_mode":true,"campfire_choices":[{"data":"ats:Soul Rend","floor":6,"key":"SMITH"},{"data":"ats:Calcification","floor":15,"key":"SMITH"},{"data":"ats:Sashimi Platter","floor":28,"key":"SMITH"},{"floor":49,"key":"REST"}],"circlet_count":0,"master_deck":["ats:Strike C+1","ats:Strike G+1","ats:Strike S+1","ats:Defend+1","ats:Defend+1","ats:Defend+1","ats:Defend+1","ats:Emotion Absorption","ats:Soul Rend+1","AT_MachinaRedman","ats:Phantom","ats:Calcification+1","ats:Apocalypse+1","ats:Shadow Assault","AT_EmpoweredMortalDraw","ats:Thermite Blade","ats:Demon Strength+1","ats:Sashimi Platter+1","ats:Red Shift","ats:Apocalypse+1","ats:Composite Medical Shells","ats:Composite Medical Shells+1","ats:Counter Healing Mode+1","ats:Revitalization+1","ats:Leaping Hammer+1","ats:Healing Strengthening+1"],"relics":["ats:Sanity","REME_ComplimentaryCards","AT_ATBox","NeowsBlessing","Golden Idol","ats:Originium","Torii","Toxic Egg 2","MawBank","aspiration:ChemicalBlood","Odd Mushroom","AT_MortalBlade","Dream Catcher","WarpedTongs","Strange Spoon","ats:Hidden Killer","reliquary:FeatherDuster","Dota2Spire:Desolator","aspiration:PoetsPen_weak","Potion Belt","ats:Spiritual Recovery","Chameleon Ring","Frozen Egg 2","Gremlin Horn","Bag of Preparation","AT_RabadonDeathcap"],"acts_visited":["Exordium","TheCity","TheBeyond"],"potions_floor_usage":[10,13,16,16,16,16,16,30,31,33,33,40,46,46,46,47,50,50,50,50],"damage_taken":[{"damage":0,"enemies":"Cultist","floor":1,"turns":1},{"damage":0,"enemies":"Jaw Worm","floor":2,"turns":1},{"damage":0,"enemies":"Small Slimes","floor":3,"turns":1},{"damage":4,"enemies":"2 Fungi Beasts","floor":4,"turns":2},{"damage":36,"enemies":"Gremlin Nob","floor":7,"turns":4},{"damage":17,"enemies":"3 Sentries","floor":10,"turns":8},{"damage":9,"enemies":"Exordium Wildlife","floor":12,"turns":3},{"damage":6,"enemies":"The Mushroom Lair","floor":13,"turns":3},{"damage":66,"enemies":"Fading Forest","floor":16,"turns":11},{"damage":35,"enemies":"3 Byrds","floor":18,"turns":4},{"damage":0,"enemies":"Spheric Guardian","floor":21,"turns":1},{"damage":5,"enemies":"Snecko","floor":22,"turns":2},{"damage":21,"enemies":"3 Cultists","floor":25,"turns":4},{"damage":1,"enemies":"Centurion and Healer","floor":27,"turns":2},{"damage":27,"enemies":"Gremlin Leader","floor":29,"turns":3},{"damage":0,"enemies":"Cultist and Chosen","floor":30,"turns":1},{"damage":15,"enemies":"Shelled Parasite and Fungi","floor":31,"turns":3},{"damage":28,"enemies":"Collector","floor":33,"turns":5},{"damage":0,"enemies":"Orb Walker","floor":35,"turns":2},{"damage":0,"enemies":"3 Darklings","floor":36,"turns":2},{"damage":0,"enemies":"Jaw Worm Horde","floor":38,"turns":1},{"damage":35,"enemies":"Spire Growth","floor":39,"turns":5},{"damage":30,"enemies":"Nemesis","floor":40,"turns":6},{"damage":1,"enemies":"Sphere and 2 Shapes","floor":41,"turns":2},{"damage":0,"enemies":"Reptomancer","floor":42,"turns":3},{"damage":3,"enemies":"4 Shapes","floor":45,"turns":1},{"damage":63,"enemies":"Nemesis","floor":46,"turns":3},{"damage":17,"enemies":"3 Darklings","floor":47,"turns":2},{"damage":50,"enemies":"Giant Head","floor":48,"turns":6},{"damage":55,"enemies":"Donu and Deca","floor":50,"turns":6}],"seed_played":"8166311313823351238","potions_obtained":[{"floor":4,"key":"Energy Potion"},{"floor":7,"key":"EssenceOfSteel"},{"floor":10,"key":"Fruit Juice"},{"floor":18,"key":"Energy Potion"},{"floor":30,"key":"PowerPotion"},{"floor":36,"key":"PowerPotion"},{"floor":40,"key":"Fruit Juice"},{"floor":40,"key":"SkillPotion"},{"floor":46,"key":"Strength Potion"},{"floor":47,"key":"BlessingOfTheForge"}],"is_trial":false,"path_per_floor":["M","M","M","M","?","R","E","?","T","E","?","M","?","?","R","B",null,"M","?","?","M","M","$","?","M","T","M","R","E","M","M","R","B",null,"M","M","T","M","M","E","M","E","T","$","M","E","M","E","R","B",null],"character_chosen":"DOCTOR_CLASS","items_purchased":["ats:Sashimi Platter","Strange Spoon","ats:Hidden Killer","Gremlin Horn"],"campfire_rested":1,"item_purchase_floors":[23,23,23,44],"current_hp_per_floor":[72,72,72,68,67,67,39,39,39,39,39,37,43,48,48,19,77,43,43,43,43,44,44,44,52,52,63,63,43,49,46,46,34,77,77,77,77,77,55,70,75,82,82,82,82,25,20,44,68,82],"gold":221,"neow_bonus":"THREE_ENEMY_KILL","is_daily":false,"chose_seed":false,"campfire_upgraded":3,"win_rate":0.0,"timestamp":1613285813,"path_taken":["M","M","?","M","?","R","E","?","T","E","?","?","?","?","R","BOSS","M","?","?","M","?","$","?","M","T","M","R","E","M","M","R","BOSS","M","?","?","M","M","E","M","E","T","?","M","E","?","E","R","BOSS"],"items_purchased_type":["Card","Relic","Relic","Relic"],"build_version":"2020-12-22","purchased_purges":2,"victory":true,"max_hp_per_floor":[72,72,72,72,67,67,67,67,67,72,72,72,72,77,77,77,77,77,77,77,77,77,77,77,77,77,77,77,77,77,77,77,77,77,77,77,77,77,77,82,82,82,82,82,82,82,82,82,82,82],"card_choices":[{"not_picked":["ats:Consecutive Shot Auto","ats:Hammer On"],"picked":"ats:Directed Diagnosis","floor":1},{"not_picked":["ats:Guard Mode","ats:Curse Doll"],"picked":"ats:Phantom","floor":2},{"not_picked":["ats:Poison Spread","ats:Ignite","ats:Guard Mode"],"picked":"SKIP","floor":3},{"not_picked":["ats:Closed Bolt Burst Fire","ats:Blood Oath","ats:Chain Hook"],"picked":"SKIP","floor":4},{"not_picked":["ats:Consecutive Shot Auto","ats:Assault Order"],"picked":"ats:Calcification","floor":7},{"not_picked":["ats:Flexible Camouflage+1","ats:Automatic Cover+1"],"picked":"ats:Apocalypse+1","floor":10},{"not_picked":["ats:Cat Scratch","ats:Ignite","ats:Closed Bolt Burst Fire"],"picked":"SKIP","floor":12},{"not_picked":["ats:Disruption Kick","ats:Echo Reverb+1"],"picked":"ats:Shadow Assault","floor":16},{"not_picked":["ats:Explosion Area Strengthen","ats:Flexible Camouflage+1","ats:LN2 Cannon"],"picked":"SKIP","floor":18},{"not_picked":["ats:Beaten Up+1","ats:Explosion Area Strengthen+1"],"picked":"ats:Thermite Blade","floor":21},{"not_picked":["ats:Flexible Camouflage+1","ats:Cat Scratch"],"picked":"ats:Demon Strength+1","floor":22},{"not_picked":["ats:Blood Oath","ats:Flexible Camouflage+1"],"picked":"ats:Red Shift","floor":25},{"not_picked":["ats:Revitalization+1","ats:Very Hot Blade+1","ats:Thorns"],"picked":"SKIP","floor":27},{"not_picked":["ats:Phantom","ats:Assault Order+1"],"picked":"ats:Apocalypse+1","floor":29},{"not_picked":["ats:Absolute Focus+1","ats:Wolf Pack","ats:Cat Scratch"],"picked":"SKIP","floor":30},{"not_picked":["ats:Mental Burst","ats:Part Time Job"],"picked":"ats:Composite Medical Shells","floor":31},{"not_picked":["ats:Neurotoxin","ats:Closed Bolt Burst Fire+1","ats:Automatic Cover+1"],"picked":"SKIP","floor":35},{"not_picked":["ats:Explosion Area Strengthen","ats:Thorns+1"],"picked":"ats:Composite Medical Shells+1","floor":36},{"not_picked":["ats:Phantom","ats:Collapsing Strike","ats:Magnetic Hammer"],"picked":"SKIP","floor":38},{"not_picked":["ats:Absolute Focus+1","ats:Thermite Blade+1","ats:Very Hot Blade+1"],"picked":"SKIP","floor":39},{"not_picked":["ats:Defend Order+1","ats:Mental Burst+1","ats:Poison Spread"],"picked":"SKIP","floor":40},{"not_picked":["ats:Flexible Camouflage+1","ats:Charging Defense+1","ats:Apocalypse+1"],"picked":"SKIP","floor":41},{"not_picked":["ats:Steam Pump+1","ats:Curse Doll+1"],"picked":"ats:Counter Healing Mode+1","floor":42},{"not_picked":["ats:Ignite+1","ats:Volcano","ats:Sunburst"],"picked":"SKIP","floor":45},{"not_picked":["ats:Wolf Pack","ats:Neurotoxin+1"],"picked":"ats:Revitalization+1","floor":46},{"not_picked":["ats:Shell Defense+1","ats:Guard Mode+1"],"picked":"ats:Leaping Hammer+1","floor":47},{"not_picked":["ats:LN2 Cannon","ats:Blood Oath"],"picked":"ats:Healing Strengthening+1","floor":48}],"player_experience":220529,"relics_obtained":[{"floor":7,"key":"ats:Originium"},{"floor":7,"key":"Torii"},{"floor":9,"key":"MawBank"},{"floor":10,"key":"ats:Originium"},{"floor":10,"key":"aspiration:ChemicalBlood"},{"floor":13,"key":"Odd Mushroom"},{"floor":26,"key":"reliquary:FeatherDuster"},{"floor":29,"key":"ats:Originium"},{"floor":29,"key":"Dota2Spire:Desolator"},{"floor":37,"key":"Potion Belt"},{"floor":40,"key":"ats:Originium"},{"floor":40,"key":"ats:Spiritual Recovery"},{"floor":42,"key":"Chameleon Ring"},{"floor":43,"key":"Frozen Egg 2"},{"floor":46,"key":"Bag of Preparation"},{"floor":48,"key":"AT_RabadonDeathcap"}],"event_choices":[{"damage_healed":0,"gold_gain":0,"player_choice":"Lose Max HP","damage_taken":0,"relics_obtained":["Golden Idol"],"max_hp_gain":0,"max_hp_loss":5,"event_name":"Golden Idol","floor":5,"gold_loss":0},{"damage_healed":0,"gold_gain":0,"player_choice":"Fought Mushrooms","damage_taken":0,"max_hp_gain":0,"max_hp_loss":0,"event_name":"Mushrooms","floor":13,"gold_loss":0},{"damage_healed":0,"gold_gain":0,"player_choice":"Donut","damage_taken":0,"max_hp_gain":5,"max_hp_loss":0,"event_name":"Big Fish","floor":14,"gold_loss":0},{"damage_healed":0,"gold_gain":0,"player_choice":"Obtained Relic","damage_taken":0,"relics_obtained":["Dream Catcher"],"max_hp_gain":0,"max_hp_loss":0,"event_name":"Addict","floor":19,"gold_loss":85},{"damage_healed":0,"gold_gain":0,"player_choice":"Rummage","damage_taken":0,"relics_obtained":["WarpedTongs"],"max_hp_gain":0,"max_hp_loss":0,"event_name":"Accursed Blacksmith","floor":20,"gold_loss":0,"cards_obtained":["Pain"]},{"damage_healed":0,"gold_gain":0,"player_choice":"Simplicity","damage_taken":0,"max_hp_gain":0,"max_hp_loss":0,"event_name":"Back to Basics","floor":24,"gold_loss":0,"cards_upgraded":["ats:Strike C","ats:Strike G","ats:Strike S","ats:Strike V","ats:Defend","ats:Defend","ats:Defend","ats:Defend"]},{"cards_removed":["ats:Strike V"],"damage_healed":0,"gold_gain":0,"player_choice":"Gave Gold","damage_taken":0,"max_hp_gain":0,"max_hp_loss":0,"event_name":"Beggar","floor":32,"gold_loss":75}],"is_beta":false,"boss_relics":[{"not_picked":["Philosopher\u0027s Stone","REME_DuelDisc"],"picked":"AT_MortalBlade"},{"not_picked":["aspiration:RitualDagger","aspiration:WatcherSkillbook"],"picked":"aspiration:PoetsPen_weak"}],"items_purged_floors":[23,23],"is_endless":false,"potions_floor_spawned":[4,7,10,18,25,27,30,36,39,40,42,46,47],"ascension_level":1}}