{"host":"nhhqxetgwwd7qseb","time":1613296977,"event":{"mods":["Act Like it!","BaseMod","Dota2Spire","Gensokyo","Hallownest","Hermit","KinomotoSakuraMod(木之本樱)","Koishi","LagranYue(拉格朗・月)","Minty Spire (QoL Compilation)","Quick Restart","Remilia（蕾米莉亚）","Replay The Spire","StSLib","The Alterego","The Animator","The Bug Knight","The Hierophant","The Jungle","TheWitcher","UnlockEverythingMod","WarShipGirlsR/战舰少女R mod","Warlord Emblem","Yakumo Yukari mod","Youmu（魂魄妖梦）","【功能Mod】混沌之环修复补丁"],"gold_per_floor":[118,131,145,160,160,160,185,185,185,215,215,65,65,80,80,181,181,191,206,220,239,257,257,287,303,303,329,154,154,172,172,172],"floor_reached":31,"language":"ZHS","playtime":3437,"items_purged":[],"score":354,"play_id":"b0239b23-2d1a-451a-862f-5958b235fd01","local_time":"20210214180257","is_ascension_mode":true,"campfire_choices":[{"floor":6,"key":"RECALL"},{"data":"Chaos","floor":8,"key":"SMITH"},{"data":"White Noise","floor":13,"key":"SMITH"},{"floor":15,"key":"REST"},{"floor":23,"key":"REST"}],"circlet_count":0,"master_deck":["Strike_B","Strike_B","Strike_B","Strike_B","Defend_B","Defend_B","Defend_B","Defend_B","Zap","Cold Snap","Darkness","Chaos+1","Leap","Ball Lightning","Double Energy","Coolheaded","White Noise+1","Leap","Capacitor","Barrage","Chaos+1","Defragment","Echo Form","BasicCrystalCard"],"relics":["WarlordEmblem:SoulOfKael","Strawberry","Blue Candle","Turnip","Art of War","Dota2Spire:RefresherOrb","WarlordEmblem:HatTrick","Replay:Ringing Soul","Dota2Spire:LotusOrb","Dota2Spire:PowerTreads"],"acts_visited":["Hallownest:Greenpath","Hallownest:Greenpath"],"potions_floor_usage":[4,16,21,22,27],"damage_taken":[{"damage":4,"enemies":"2_ Uuma","floor":1,"turns":4},{"damage":0,"enemies":"Hallownest:2_MossCreeps","floor":2,"turns":2},{"damage":8,"enemies":"Hallownest:monsterHuskGuard","floor":3,"turns":4},{"damage":10,"enemies":"Hallownest:1_Ooma_and_2_Uuma","floor":4,"turns":4},{"damage":5,"enemies":"Hallownest:eliteMossKnight","floor":7,"turns":9},{"damage":8,"enemies":"Hallownest:eliteCrystalGuardian","floor":10,"turns":5},{"damage":9,"enemies":"Hallownest:monsterFoolEater","floor":14,"turns":3},{"damage":6,"enemies":"Hallownest:BossBrokenVessel","floor":16,"turns":12},{"damage":7,"enemies":"theJungle:GiantWrat","floor":18,"turns":6},{"damage":11,"enemies":"theJungle:MUSHROOMGANG","floor":19,"turns":4},{"damage":28,"enemies":"theJungle:SlimyTreeVines","floor":20,"turns":5},{"damage":25,"enemies":"theJungle:2_Snecko_Cultists","floor":21,"turns":4},{"damage":11,"enemies":"theJungle:Lyon","floor":22,"turns":6},{"damage":2,"enemies":"theJungle:Cassacara","floor":24,"turns":6},{"damage":17,"enemies":"theJungle:Snecko_Cultist_And_Trap","floor":25,"turns":7},{"damage":1,"enemies":"theJungle:MamaSnecko","floor":27,"turns":7},{"damage":27,"enemies":"theJungle:2_Snecko_Cultists","floor":30,"turns":6},{"damage":0,"enemies":"theJungle:Cassacara","floor":31,"turns":1}],"seed_played":"-715613206049099466","potions_obtained":[{"floor":2,"key":"Dota2Spire:HealingSalve"},{"floor":4,"key":"Fruit Juice"},{"floor":16,"key":"Ancient Potion"},{"floor":20,"key":"Regen Potion"},{"floor":21,"key":"SpeedPotion"},{"floor":24,"key":"AttackPotion"}],"is_trial":false,"path_per_floor":["M","M","M","M","?","R","E","R","T","E","?","$","R","M","R","B",null,"M","M","M","M","M","R","E","M","T","E","$","?","M","E"],"character_chosen":"Kael","items_purchased":["Art of War","Dota2Spire:PowerTreads","BasicCrystalCard"],"campfire_rested":2,"item_purchase_floors":[12,28,28],"current_hp_per_floor":[78,78,70,65,65,65,67,67,67,59,59,59,59,50,78,87,94,87,76,54,38,33,61,59,42,42,41,44,44,17,17,17],"gold":172,"neow_bonus":"TEN_PERCENT_HP_BONUS","is_daily":false,"chose_seed":false,"campfire_upgraded":2,"win_rate":0.0,"timestamp":1613296977,"path_taken":["M","M","M","M","?","R","E","R","T","E","?","?","R","M","R","BOSS","M","M","M","M","M","R","E","M","T","E","$","?","M","E"],"items_purchased_type":["Relic","Relic","Card"],"build_version":"2020-12-22","purchased_purges":0,"victory":false,"max_hp_per_floor":[82,82,82,87,87,87,94,94,94,94,94,94,94,94,94,94,94,94,94,94,94,94,94,94,94,94,94,97,97,97,97,97],"card_choices":[{"not_picked":["Barrage","Compile Driver"],"picked":"Leap","floor":1},{"not_picked":["Barrage","Rebound"],"picked":"Ball Lightning","floor":2},{"not_picked":["Panic Button","ReplayRNGCard"],"picked":"Double Energy","floor":3},{"not_picked":["Stack","Steam"],"picked":"Coolheaded","floor":4},{"not_picked":["Go for the Eyes","Conserve Battery"],"picked":"White Noise","floor":7},{"not_picked":["Reboot","Hologram"],"picked":"Leap","floor":10},{"not_picked":["Barrage","BootSequence"],"picked":"Capacitor","floor":14},{"not_picked":["Sweeping Beam+1","Coolheaded"],"picked":"Barrage","floor":18},{"not_picked":["Leap+1","Mirror Shield"],"picked":"Chaos+1","floor":19},{"not_picked":["Reinforced Body+1","White Noise","Panic Button"],"picked":"SKIP","floor":20},{"not_picked":["Scrape","Gash+1","Consume"],"picked":"SKIP","floor":21},{"not_picked":["Sunder","Hologram","Consume+1"],"picked":"SKIP","floor":22},{"not_picked":["Go for the Eyes","Conserve Battery+1"],"picked":"Defragment","floor":24},{"not_picked":["Gash","Panic Button+1"],"picked":"Echo Form","floor":25},{"not_picked":["Go for the Eyes+1","ReplayTheSpireMod:Omega Cannon","White Noise"],"picked":"SKIP","floor":27},{"not_picked":["Sweeping Beam+1","Cold Snap","Steam Power"],"picked":"SKIP","floor":30}],"player_experience":28443,"relics_obtained":[{"floor":7,"key":"Strawberry"},{"floor":9,"key":"Blue Candle"},{"floor":10,"key":"Turnip"},{"floor":24,"key":"WarlordEmblem:HatTrick"},{"floor":26,"key":"Replay:Ringing Soul"},{"floor":27,"key":"Dota2Spire:LotusOrb"}],"event_choices":[],"is_beta":false,"boss_relics":[{"not_picked":["WarlordEmblem:Scar","Coffee Dripper"],"picked":"Dota2Spire:RefresherOrb"}],"items_purged_floors":[],"is_endless":false,"potions_floor_spawned":[2,4,16,20,21,24],"killed_by":"theJungle:Cassacara","ascension_level":1}}