{"host":"nlbr7nnijupf3yfg","time":1613273730,"event":{"mods":["AchievementEnabler","BaseMod","BetterRewards","Colored Powertips","DeckTracker","Downfall","Hermit","Hubris","Infinite Spire","Minty Spire (QoL Compilation)","Quick Restart","Replay The Spire","StSLib","SuperFastMode"],"gold_per_floor":[115,47,65,65,17,50,50,50,74,74,109,109,120,62,62,167,167,180,180,180,241,241,241,275,375,375,375,405,405,454,464,464,567,567,587,497,497,508,523,523,523,311,311,321,321,347,347,357,357,357,357],"floor_reached":50,"language":"ENG","playtime":1265,"items_purged":[],"score":1653,"play_id":"fc806d3f-b394-4b28-ab67-b1fd71491a52","local_time":"20210213223530","is_ascension_mode":true,"campfire_choices":[{"data":"Apotheosis","floor":7,"key":"SMITH"},{"data":"Fire Breathing","floor":10,"key":"SMITH"},{"floor":12,"key":"REST"},{"data":"Feel No Pain","floor":15,"key":"SMITH"},{"data":"infinitespire:OneForAll","floor":23,"key":"SMITH"},{"data":"Havoc","floor":27,"key":"SMITH"},{"floor":32,"key":"REST"},{"data":"hubris:Fate","floor":40,"key":"SMITH"},{"floor":45,"key":"REST"},{"floor":49,"key":"REST"}],"circlet_count":0,"master_deck":["AscendersBane","Strike_R","Strike_R","Strike_R","Defend_R","Defend_R","Defend_R","Defend_R","Bash","Apotheosis+1","Sword Boomerang","Havoc","Feel No Pain+1","Clash","Iron Wave","Pommel Strike","Pummel","Fire Breathing+1","Pot Of Greed+1","Pot Of Greed+1","infinitespire:OneForAll+1","Seeing Red","Dark Embrace+1","Feed","Clumsy","Pot Of Greed+1","Injury","Clumsy","Havoc+1","downfall:Bewildered","Havoc","Armaments+1","Disarm","CurseOfTheBell","CurseOfTheBell","ReplayTheSpireMod:Restless Dread","Hemogenesis","Pot Of Greed+1","hubris:Lust","Rupture+1","Feed","hubris:Despair","Slimebound:CorrosiveSpit","Corruption","Replay:Sssssssssstrike","hubris:Fate+1","Brutality","Rage","Madness","Pot Of Greed+1","ReplayTheSpireMod:IOU","ReplayTheSpireMod:IOU","ReplayTheSpireMod:IOU","ReplayTheSpireMod:IOU","ReplayTheSpireMod:IOU","Rupture","Entrench","Evolve+1"],"relics":["Burning Blood","Gremlin Horn","Juzu Bracelet","Nunchaku","Orichalcum","Grinning Jar","Replay:Ancient Bell","Anchor","Sundial","hubris:64BitClover","sneckomod:BabySnecko","Replay:Bottled Eggs","ReplayTheSpireMod:Lightbulb","hubris:IronBody","downfall:ExtraCursedBell","Pen Nib","hubris:Metronome","hubris:Spice","hubris:BottledRain","Replay:Bottled Steam","hubris:Icosahedron","Blood Vial","ReplayTheSpireMod:SealedPack","Replay:Wax Seal","Strange Spoon","Boot","Omamori","Art of War","infinitespire:EvilPickle"],"acts_visited":["Exordium","TheCity","TheBeyond"],"potions_floor_usage":[6,6,6,28,28,33,44,44,46,50,50],"damage_taken":[{"damage":11,"enemies":"Cultist","floor":1,"turns":4},{"damage":18,"enemies":"Small Slimes","floor":3,"turns":4},{"damage":4,"enemies":"3 Sentries","floor":6,"turns":8},{"damage":24,"enemies":"Lagavulin","floor":11,"turns":7},{"damage":0,"enemies":"2 Louse","floor":13,"turns":2},{"damage":54,"enemies":"Hexaghost","floor":16,"turns":10},{"damage":15,"enemies":"Shell Parasite","floor":18,"turns":7},{"damage":1,"enemies":"Book of Stabbing","floor":24,"turns":6},{"damage":50,"enemies":"Gremlin Leader","floor":28,"turns":5},{"damage":15,"enemies":"Chosen","floor":31,"turns":4},{"damage":51,"enemies":"Pondfish","floor":33,"turns":9},{"damage":8,"enemies":"3 Shapes","floor":35,"turns":5},{"damage":9,"enemies":"Orb Walker","floor":38,"turns":2},{"damage":4,"enemies":"Sphere and 2 Shapes","floor":39,"turns":3},{"damage":83,"enemies":"Spire Growth","floor":44,"turns":6},{"damage":33,"enemies":"R_Hoarder","floor":46,"turns":8},{"damage":17,"enemies":"3 Darklings","floor":48,"turns":3},{"damage":108,"enemies":"Donu and Deca","floor":50,"turns":7}],"seed_played":"-3116936342206553429","potions_obtained":[{"floor":1,"key":"Block Potion"},{"floor":3,"key":"PowerPotion"},{"floor":44,"key":"Block Potion"},{"floor":46,"key":"champ:CounterPotion"},{"floor":48,"key":"SpeedPotion"}],"is_trial":false,"path_per_floor":["M","$","M","?","$","E","R","?","T","R","E","R","M","$","R","B",null,"M","?","T","?","?","R","E","?","T","R","E","?","T","M","R","B",null,"M","?","?","M","M","R","?","$","T","M","R","E","?","M","R","B"],"character_chosen":"IRONCLAD","items_purchased":["Gremlin Horn","EntropicBrew","Sword Boomerang","Feel No Pain","Pommel Strike","Dark Embrace+1","Replay:Wax Seal","Rupture","hubris:Spice","Strange Spoon","DuplicationPotion","BloodPotion","Entrench"],"campfire_rested":4,"item_purchase_floors":[0,0,0,2,5,14,42,42,42,42,42,42,42],"current_hp_per_floor":[67,67,55,55,55,57,57,57,57,57,39,63,69,69,69,21,65,60,60,60,60,60,60,65,78,78,78,43,43,43,36,65,29,80,88,88,88,87,94,94,94,102,102,70,104,79,79,70,104,0,0],"gold":357,"neow_bonus":"","is_daily":false,"chose_seed":false,"campfire_upgraded":6,"win_rate":0.0,"timestamp":1613273730,"path_taken":["M","?","M","?","$","E","R","?","T","R","E","R","M","$","R","BOSS","M","?","?","?","?","R","E","?","T","R","E","?","?","M","R","BOSS","M","?","?","M","M","R","?","$","T","M","R","E","?","M","R","BOSS"],"items_purchased_type":["Relic","Potion","Card","Card","Card","Card","Relic","Card","Relic","Relic","Potion","Potion","Card"],"build_version":"2020-12-22","purchased_purges":0,"victory":false,"max_hp_per_floor":[80,80,80,80,80,80,80,80,80,80,80,80,80,80,80,80,80,84,84,84,84,84,84,84,97,97,97,97,97,97,97,97,97,97,105,105,105,105,108,108,108,116,116,116,116,116,116,116,116,116,116],"card_choices":[{"not_picked":["Blood for Blood","Perfected Strike"],"picked":"Havoc","floor":1},{"not_picked":["Havoc","Run Through"],"picked":"Clash","floor":3},{"not_picked":["Disarm","Armaments"],"picked":"Pummel","floor":6},{"not_picked":["Dual Wield","Shrug It Off"],"picked":"infinitespire:OneForAll","floor":11},{"not_picked":["Body Slam","Massacre"],"picked":"Seeing Red","floor":13},{"not_picked":["hubris:StunningStrike","Immolate"],"picked":"Feed","floor":16},{"not_picked":["Decay","downfall:Bewildered"],"picked":"Clumsy","floor":17},{"not_picked":["hubris:Envy","Normality"],"picked":"Injury","floor":17},{"not_picked":["Languid","Looming Evil"],"picked":"Clumsy","floor":17},{"not_picked":["Run Through+1","Iron Wave"],"picked":"Havoc","floor":18},{"not_picked":["Flex","Warcry"],"picked":"Havoc","floor":21},{"not_picked":["Perfected Strike","Body Slam"],"picked":"Armaments","floor":21},{"not_picked":["ReplayTheSpireMod:Muscle Training","Rampage","Clash"],"picked":"SKIP","floor":24},{"not_picked":["Cleave","Pummel+1","Thunderclap"],"picked":"SKIP","floor":28},{"not_picked":["Cleave","Spot Weakness"],"picked":"Rupture+1","floor":31},{"not_picked":["Double Tap","hubris:StunningStrike"],"picked":"Feed","floor":33},{"not_picked":["Survivor","sneckomod:SnekBite"],"picked":"Slimebound:CorrosiveSpit","floor":34},{"not_picked":["Exhume","Fiend Fire"],"picked":"Corruption","floor":34},{"not_picked":["PanicButton","Deep Breath"],"picked":"Replay:Sssssssssstrike","floor":34},{"not_picked":["hubris:InfiniteBlow","infinitespire:Gouge"],"picked":"hubris:Fate","floor":34},{"not_picked":["Replay:Undeath\u0027s Touch+1","Battle Trance"],"picked":"Brutality","floor":35},{"not_picked":["ReplayTheSpireMod:Strike From Hell","Wild Strike+1","Heavy Blade"],"picked":"SKIP","floor":38},{"not_picked":["Wild Strike","Headbutt"],"picked":"Rage","floor":39},{"not_picked":["Metamorphosis","Master of Strategy"],"picked":"Madness","floor":41},{"not_picked":["Anger","Flex+1","ReplayTheSpireMod:Strike From Hell"],"picked":"SKIP","floor":44},{"not_picked":["Dropkick+1","Abandon"],"picked":"hubris:SpiceAddiction","floor":46},{"not_picked":["Headbutt","Sword Boomerang"],"picked":"Evolve+1","floor":48}],"player_experience":60279,"relics_obtained":[{"floor":6,"key":"Nunchaku"},{"floor":9,"key":"Orichalcum"},{"floor":11,"key":"Grinning Jar"},{"floor":20,"key":"Replay:Bottled Eggs"},{"floor":21,"key":"ReplayTheSpireMod:Lightbulb"},{"floor":24,"key":"hubris:IronBody"},{"floor":25,"key":"Pen Nib"},{"floor":25,"key":"hubris:Metronome"},{"floor":25,"key":"hubris:Spice"},{"floor":26,"key":"hubris:BottledRain"},{"floor":28,"key":"Replay:Bottled Steam"},{"floor":30,"key":"Blood Vial"},{"floor":43,"key":"Boot"},{"floor":44,"key":"Omamori"},{"floor":46,"key":"Art of War"}],"event_choices":[{"damage_healed":0,"gold_gain":0,"cards_transformed":["Strike_R"],"player_choice":"Change","damage_taken":0,"max_hp_gain":0,"max_hp_loss":0,"event_name":"Living Wall","floor":4,"gold_loss":0,"cards_obtained":["Iron Wave"]},{"damage_healed":0,"gold_gain":0,"cards_transformed":["Strike_R"],"player_choice":"Transformed","damage_taken":0,"max_hp_gain":0,"max_hp_loss":0,"event_name":"Transmorgrifier","floor":22,"gold_loss":0,"cards_obtained":["Disarm"]},{"cards_removed":["ReplayTheSpireMod:Splinters"],"damage_healed":0,"gold_gain":0,"player_choice":"Upgrade and Remove","damage_taken":0,"max_hp_gain":0,"max_hp_loss":0,"event_name":"Designer","floor":36,"gold_loss":90,"cards_upgraded":["Armaments"]},{"damage_healed":0,"gold_gain":0,"player_choice":"Memory 1","damage_taken":0,"max_hp_gain":0,"max_hp_loss":0,"event_name":"SensoryStone","floor":41,"gold_loss":0},{"cards_removed":["hubris:Lust"],"damage_healed":0,"gold_gain":0,"player_choice":"Removed Skill","damage_taken":0,"max_hp_gain":0,"max_hp_loss":0,"event_name":"Falling","floor":47,"gold_loss":0}],"is_beta":false,"boss_relics":[{"not_picked":["Runic Dome","hubris:VirtuousBlindfold"],"picked":"Replay:Ancient Bell"},{"not_picked":["Blue Doll","Simple Rune"],"picked":"Anchor"},{"not_picked":["InkBottle","Question Card"],"picked":"Sundial"},{"not_picked":["Counterbalance","Replay:Towering Pillar of Hats"],"picked":"hubris:64BitClover"},{"not_picked":["Astrolabe","infinitespire:Burning Sword"],"picked":"ReplayTheSpireMod:SealedPack"}],"items_purged_floors":[],"is_endless":false,"potions_floor_spawned":[1,3,11,24,44,46,48],"killed_by":"Donu and Deca","ascension_level":10}}