{"host":"tia00321x3ndnwo4","time":1613321662,"event":{"mods":["2.2 Compatiblity","BaseMod","Bestiary","Colored Map","Colored Powertips","Curses Come First","Downfall","Highlight Path","Minty Spire (QoL Compilation)","Relic Stats","Slay the Relics Exporter","StSLib","SuperFastMode"],"gold_per_floor":[99,112,123,573,573,588,634,634,647,647,665,679,679,296,306,403,403,403,418,438,438,456,471,471,471,471,471,471,471,471,471,471],"floor_reached":30,"language":"ENG","playtime":999,"items_purged":["bronze:Strike"],"score":233,"play_id":"8dc15d7d-64c8-4927-8b0a-6e44220a969e","local_time":"20210214085422","is_ascension_mode":true,"campfire_choices":[{"data":"bronze:SpaghettiCode","floor":1,"key":"SMITH"},{"data":"bronze:BronzeOrb","floor":8,"key":"SMITH"},{"data":"bronze:Terminator","floor":10,"key":"SMITH"},{"data":"bronze:AlphaBuild","floor":18,"key":"SMITH"},{"data":"bronze:BronzeOrb","floor":25,"key":"SMITH"},{"data":"bronze:WildBeam","floor":27,"key":"SMITH"},{"data":"bronze:Shield","floor":29,"key":"SMITH"}],"circlet_count":0,"master_deck":["bronze:Strike","bronze:Strike","bronze:Strike","bronze:Defend+1","bronze:Defend","bronze:Defend","bronze:Defend","bronze:Replicate","bronze:Goto+1","bronze:SpaghettiCode+1","bronze:BronzeOrb+1","bronze:WildBeam+1","downfall:Icky","downfall:Icky","downfall:Icky","bronze:Terminator+1","bronze:BronzeOrb+1","bronze:AlphaBuild+1","bronze:CutThrough+1","bronze:DelayedSlice+1","bronze:Separator+1","bronze:Shield+1"],"relics":["bronze:BronzeCore","FaceOfCleric","PreservedInsect","Runic Pyramid","Gremlin Horn"],"acts_visited":["Exordium","TheCity"],"potions_floor_usage":[16,16,20,21,22],"damage_taken":[{"damage":0,"enemies":"Cultist","floor":2,"turns":3},{"damage":0,"enemies":"Jaw Worm","floor":3,"turns":1},{"damage":2,"enemies":"Small Slimes","floor":6,"turns":3},{"damage":5,"enemies":"Exordium Thugs","floor":9,"turns":3},{"damage":0,"enemies":"Lots of Slimes","floor":11,"turns":3},{"damage":0,"enemies":"Blue Slaver","floor":12,"turns":2},{"damage":0,"enemies":"downfall:FleeingMerchant","floor":14,"turns":4},{"damage":0,"enemies":"downfall:LooterAlt","floor":15,"turns":3},{"damage":91,"enemies":"DF_ARCHETYPE_STREAMLINE","floor":16,"turns":14},{"damage":39,"enemies":"Shell Parasite","floor":19,"turns":7},{"damage":0,"enemies":"3 Byrds","floor":20,"turns":4},{"damage":30,"enemies":"Snecko","floor":22,"turns":6},{"damage":6,"enemies":"Cultist and Chosen","floor":23,"turns":7},{"damage":17,"enemies":"Snake Plant","floor":30,"turns":2}],"seed_played":"-7140678416691699487","potions_obtained":[{"floor":3,"key":"CultistPotion"},{"floor":5,"key":"Slimebound:ThreeZeroPotion"},{"floor":5,"key":"FairyPotion"},{"floor":16,"key":"Ancient Potion"},{"floor":19,"key":"Explosive Potion"},{"floor":20,"key":"Regen Potion"},{"floor":21,"key":"Fruit Juice"},{"floor":21,"key":"EssenceOfSteel"},{"floor":21,"key":"bronze:FreeFunctionsPotion"},{"floor":22,"key":"BlessingOfTheForge"}],"is_trial":false,"path_per_floor":["R","M","M","?","?","M","T","R","M","R","M","M","?","$","M","B",null,"R","M","M","?","M","M","T","R","?","R","?","R","M"],"character_chosen":"THE_AUTOMATON","items_purchased":["War Paint","PreservedInsect"],"campfire_rested":0,"item_purchase_floors":[14,14],"current_hp_per_floor":[63,63,63,63,63,61,61,61,56,56,56,56,56,57,58,3,66,66,28,29,34,20,15,15,15,15,15,15,15,0,0,0],"gold":471,"neow_bonus":"THREE_RARE_CARDS","is_daily":false,"chose_seed":false,"campfire_upgraded":7,"win_rate":0.0,"timestamp":1613321662,"path_taken":["R","M","M","?","?","?","T","R","M","R","M","M","?","$","M","BOSS","R","M","M","?","M","?","T","R","?","R","?","R","?"],"items_purchased_type":["Relic","Relic"],"build_version":"2020-12-22","purchased_purges":1,"victory":false,"max_hp_per_floor":[63,63,63,63,63,63,63,63,63,63,63,63,63,64,65,66,66,66,67,68,73,74,75,75,75,75,75,75,75,75,75,75],"relic_stats":{"FaceOfCleric":7,"Gremlin Horn":[0,0],"counters":[14,62],"PreservedInsect":0,"obtain_stats":[{"bronze:BronzeCore":0,"FaceOfCleric":13,"Gremlin Horn":24,"PreservedInsect":14,"War Paint":14,"Runic Pyramid":17},{"bronze:BronzeCore":0,"FaceOfCleric":6,"Gremlin Horn":13,"PreservedInsect":7,"War Paint":7,"Runic Pyramid":9},{"bronze:BronzeCore":0,"FaceOfCleric":15,"Gremlin Horn":60,"PreservedInsect":19,"War Paint":19,"Runic Pyramid":36}]},"card_choices":[{"not_picked":["bronze:CleanCode","bronze:HardenedForm"],"picked":"bronze:SpaghettiCode","floor":0},{"not_picked":["bronze:Turbo","bronze:Frontload"],"picked":"bronze:BronzeOrb","floor":2},{"not_picked":["bronze:Overheat","bronze:Fortify"],"picked":"bronze:WildBeam","floor":3},{"not_picked":["bronze:Turbo","bronze:Deprecate","bronze:Refactor"],"picked":"SKIP","floor":6},{"not_picked":["bronze:BitShift","bronze:Overload"],"picked":"bronze:Terminator","floor":9},{"not_picked":["bronze:Turbo","bronze:DelayedGuard","bronze:CutThrough"],"picked":"SKIP","floor":11},{"not_picked":["bronze:BugBarrage","bronze:Overheat","bronze:NullPointer"],"picked":"SKIP","floor":12},{"not_picked":["bronze:ForceShield","bronze:NullPointer"],"picked":"bronze:BronzeOrb","floor":14},{"not_picked":["bronze:Allocate","bronze:DelayedGuard","bronze:BugBarrage"],"picked":"SKIP","floor":15},{"not_picked":["bronze:InfiniteLoop","bronze:Virus"],"picked":"bronze:AlphaBuild","floor":16},{"not_picked":["bronze:Repulsor","bronze:Turbo"],"picked":"bronze:CutThrough+1","floor":19},{"not_picked":["bronze:Turbo","bronze:InfiniteBeams"],"picked":"bronze:DelayedSlice+1","floor":20},{"not_picked":["bronze:Flail","bronze:FollowUp"],"picked":"bronze:Separator+1","floor":22},{"not_picked":["bronze:DigitalCarnage","bronze:BronzeOrb","bronze:Iterate"],"picked":"SKIP","floor":23}],"player_experience":206472,"relics_obtained":[{"floor":24,"key":"Gremlin Horn"}],"event_choices":[{"damage_healed":0,"gold_gain":0,"player_choice":"Got Potions","damage_taken":0,"max_hp_gain":0,"max_hp_loss":0,"event_name":"Lab","floor":5,"gold_loss":0},{"damage_healed":0,"gold_gain":0,"player_choice":"Trade","damage_taken":0,"relics_obtained":["FaceOfCleric"],"max_hp_gain":0,"max_hp_loss":0,"event_name":"FaceTrader","floor":13,"gold_loss":0}],"is_beta":false,"boss_relics":[{"not_picked":["Busted Crown","Snecko Eye"],"picked":"Runic Pyramid"}],"items_purged_floors":[14],"is_endless":false,"potions_floor_spawned":[3,11,16,19,20,22],"killed_by":"Snake Plant","ascension_level":1}}