{"host":"phapnj0danpxvjlm","time":1613343037,"event":{"mods":["BaseMod","Better Note","Better Third Choice","BetterRewards","Bossed Relics","Colored Powertips","Downfall","Hermit","Minty Spire (QoL Compilation)","Permanent Neow","Quick Restart","Rare Cards Sparkle","Spire Arcade","StSLib","The Animator","The Necromancer","The Wild Card"],"gold_per_floor":[99,116,116,128,128,28,107,207,207,219,239,250,250,261,281,384,384,384,402,402,416,426,426,449,449,466,466,466,482,482,511,527,527,527,527],"floor_reached":33,"language":"ENG","playtime":1448,"items_purged":[],"score":261,"play_id":"881762de-6366-4fb1-870e-83a672a3e6f2","local_time":"20210214235037","is_ascension_mode":false,"campfire_choices":[{"floor":1.0,"key":"RECALL"},{"data":"champ:StanceDance","floor":6.0,"key":"SMITH"},{"data":"champ:FanOfKnives","floor":13.0,"key":"SMITH"},{"data":"champ:IronFortress","floor":18.0,"key":"SMITH"},{"floor":25.0,"key":"REST"},{"floor":27.0,"key":"REST"},{"data":"champ:CheapShot","floor":30.0,"key":"SMITH"}],"circlet_count":0,"master_deck":["champ:Strike","champ:Strike","champ:Strike","champ:Strike","champ:Defend","champ:Defend","champ:Defend","champ:Defend","champ:Execute","champ:Taunt+1","champ:PerfectedStrike","champ:StanceDance+1","champ:FanOfKnives+1","champ:VampiricStrike","champ:CrownThrow","champ:IronFortress+1","champ:FocusedBerserking","champ:CheapShot+1","champ:PerfectedStrike+1","champ:UltimateStance","champ:AdrenalArmor","champ:BladeFlurry","champ:BladeFlurry"],"relics":["champ:ChampionCrown","downfall:HeartBlessingRed","Eternal Feather","Tiny Chest","Centennial Puzzle"],"acts_visited":["Exordium","TheCity"],"potions_floor_usage":[33],"damage_taken":[{"damage":10.0,"enemies":"Cultist","floor":2.0,"turns":4.0},{"damage":0.0,"enemies":"Small Slimes","floor":4.0,"turns":2.0},{"damage":7.0,"enemies":"2 Louse","floor":10.0,"turns":3.0},{"damage":19.0,"enemies":"Blue Slaver","floor":11.0,"turns":2.0},{"damage":25.0,"enemies":"Exordium Wildlife","floor":12.0,"turns":3.0},{"damage":16.0,"enemies":"Lots of Slimes","floor":14.0,"turns":4.0},{"damage":17.0,"enemies":"3 Louse","floor":15.0,"turns":2.0},{"damage":42.0,"enemies":"WA_ARCHETYPE_RETAIN","floor":16.0,"turns":5.0},{"damage":16.0,"enemies":"Shell Parasite","floor":19.0,"turns":4.0},{"damage":24.0,"enemies":"Spheric Guardian","floor":21.0,"turns":4.0},{"damage":45.0,"enemies":"Centurion and Healer","floor":22.0,"turns":6.0},{"damage":30.0,"enemies":"Snecko","floor":26.0,"turns":6.0},{"damage":14.0,"enemies":"3 Cultists","floor":29.0,"turns":4.0},{"damage":30.0,"enemies":"Book of Stabbing","floor":31.0,"turns":3.0},{"damage":18.0,"enemies":"Shelled Parasite and Fungi","floor":32.0,"turns":3.0},{"damage":71,"enemies":"SI_MIRROR_ARCHETYPE","floor":33,"turns":8}],"seed_played":"-4185138975387395179","potions_obtained":[{"floor":11.0,"key":"ColorlessPotion"},{"floor":12.0,"key":"hexamod:SoulburnPotion"},{"floor":14.0,"key":"Guardian:BlockOnCardUsePotion"},{"floor":15.0,"key":"LiquidBronze"},{"floor":16.0,"key":"FearPotion"},{"floor":26.0,"key":"PowerPotion"},{"floor":31.0,"key":"PowerPotion"}],"is_trial":false,"path_per_floor":["R","M","?","M","?","R","T","?","?","M","M","M","R","M","M","B",null,"R","M","?","M","M","?","T","R","M","R","?","M","R","E","M","B"],"character_chosen":"THE_CHAMP","items_purchased":[],"campfire_rested":2,"item_purchase_floors":[],"current_hp_per_floor":[90,90,90,90,90,90,90,90,95,93,89,74,83,72,65,28,95,95,84,56,37,8,8,8,48,18,58,95,91,95,75,57,0,0,0],"gold":527,"neow_bonus":"UPGRADE_CARD","is_daily":false,"chose_seed":false,"campfire_upgraded":4,"win_rate":0.0,"timestamp":1613343037,"path_taken":["R","M","?","M","?","R","T","?","?","M","M","M","R","M","M","BOSS","R","M","?","M","M","?","T","R","?","R","?","M","R","E","M","BOSS"],"items_purchased_type":[],"build_version":"2020-12-22","purchased_purges":0,"victory":false,"max_hp_per_floor":[90,90,90,90,90,90,90,90,95,95,95,95,95,95,95,95,95,95,95,95,95,95,95,95,95,95,95,95,95,95,95,95,95,95,95],"card_choices":[{"not_picked":["champ:Haymaker","champ:FancyFootwork"],"picked":"champ:PerfectedStrike","floor":2.0},{"not_picked":["champ:Haymaker","champ:Lariat"],"picked":"champ:StanceDance","floor":4.0},{"not_picked":["champ:Backstep","champ:SetATrap"],"picked":"champ:FanOfKnives","floor":10.0},{"not_picked":["champ:FalseCounter","champ:Haymaker"],"picked":"champ:VampiricStrike","floor":11.0},{"not_picked":["champ:TornadoPunch","champ:EndlessRage"],"picked":"champ:CrownThrow","floor":12.0},{"not_picked":["champ:TornadoPunch","champ:Backstep"],"picked":"champ:IronFortress","floor":14.0},{"not_picked":["champ:FocusedDefense","champ:TornadoPunch"],"picked":"champ:FocusedBerserking","floor":15.0},{"not_picked":["champ:ShieldThrow","champ:IgnorePain"],"picked":"champ:CheapShot","floor":16.0},{"not_picked":["champ:Circumvent+1","champ:ShieldSlam","champ:ArenaPreparation"],"picked":"SKIP","floor":19.0},{"not_picked":["champ:CrownThrow","champ:Circumvent"],"picked":"champ:PerfectedStrike+1","floor":21.0},{"not_picked":["champ:Circumvent","champ:EnragedBash"],"picked":"champ:DeathBlow","floor":22.0},{"not_picked":["champ:FanOfKnives","champ:Endure"],"picked":"champ:UltimateStance","floor":26.0},{"not_picked":["champ:FanOfKnives+1","champ:Haymaker"],"picked":"champ:AdrenalArmor","floor":29.0},{"not_picked":["champ:Backstep+1","champ:DefensiveShout"],"picked":"champ:BladeFlurry","floor":31.0},{"not_picked":["champ:AdrenalArmor","champ:BringItOn"],"picked":"champ:BladeFlurry","floor":32.0}],"player_experience":553019,"relics_obtained":[{"floor":7.0,"key":"Eternal Feather"},{"floor":24.0,"key":"Tiny Chest"},{"floor":31.0,"key":"Centennial Puzzle"}],"event_choices":[{"damage_healed":0.0,"max_hp_gain":5.0,"max_hp_loss":0.0,"gold_gain":0.0,"event_name":"Big Fish","player_choice":"Donut","floor":9.0,"gold_loss":0.0,"damage_taken":0.0},{"damage_healed":0.0,"max_hp_gain":0.0,"max_hp_loss":0.0,"gold_gain":0.0,"event_name":"FaceTrader","player_choice":"Leave","floor":23.0,"gold_loss":0.0,"damage_taken":0.0},{"cards_removed":["champ:DeathBlow"],"damage_healed":37.0,"max_hp_gain":0.0,"max_hp_loss":0.0,"gold_gain":0.0,"event_name":"Bonfire Elementals","player_choice":"Offered Uncommon","floor":28.0,"gold_loss":0.0,"damage_taken":0.0}],"is_beta":false,"boss_relics":[{"not_picked":["Runic Pyramid","Cursed Key","Coffee Dripper"]}],"items_purged_floors":[],"is_endless":false,"potions_floor_spawned":[11,12,14,15,16,22,26,29,31],"killed_by":"SI_MIRROR_ARCHETYPE","ascension_level":0}}