{"host":"tr12w2fixbnujl15","time":1613306807,"event":{"mods":["100% Spire Juice","2.2 Compatiblity","A Penny For Your Troubles","BaseMod","Better Skull","Better Vampires","BetterRewards","Bossed Relics","CapriCore","Clockwork Mod","Colored Powertips","Evolution","Gremlin Skip","Hermit","Hubris","Infinite Spire","JesterMod","Jorbs\u0027s Wanderer Trilogy","Kalas","KinomotoSakuraMod(????)","Koishi","Mad Scientist","Magitek Elite","Mathematician","Minty Spire (QoL Compilation)","Permanent Neow","Quick Restart","Reimu??????","Relic Filter","Reliquary","Remilia_Scarlet Moed?????·?????3.3.5","Replay The Spire","SOS???????","Shade Mod","Shop Mod","StSLib","SuperFastMode","The Accelerator","The Bug Knight","The Construct","The Cursed","The Hayseed","The Hierophant","The Immortal","The Mystic","The Necromancer","The Runesmith","The Sage","The Senshi","The Servant 0.9.4","The Spell Scribe","The Valiant","The Vixen","The Wild Card","TheFirefly","TheSwordswoman","TheVelvet","Transform Curses","WarShipGirlsR/????R mod","Yakumo Yukari mod","[IsaacMod]????"],"gold_per_floor":[117,137,148,168,186,186,186,120,120,96,96,96,112,124,124,227,227,243,46,46,46],"floor_reached":20,"language":"ENG","playtime":845,"items_purged":[],"score":166,"play_id":"7eb8c15e-f27d-4a58-94af-75d5d2a43eaa","local_time":"20210214074647","is_ascension_mode":false,"campfire_choices":[{"data":"1","floor":6,"key":"LIFT"},{"data":"2","floor":11,"key":"LIFT"}],"circlet_count":0,"master_deck":["theWildCard:BasicStrike","theWildCard:BasicStrike","theWildCard:BasicStrike","theWildCard:BasicStrike","theWildCard:BasicDefend","theWildCard:BasicDefend","theWildCard:BasicDefend","theWildCard:BasicDefend","theWildCard:CallToAdventure","theWildCard:Arsene","theWildCard:ArcaneArts","theWildCard:ChangingDestiny","theWildCard:CryOfAgony","theWildCard:Michael","theWildCard:StingingStrike","theWildCard:Overwhelm","theWildCard:Polydeuces","theWildCard:MagicMettle","theWildCard:MagicMettle","theWildCard:SeveringSlash","theWildCard:Sakuya","theWildCard:Safeguard+1","theWildCard:FinalHour","theWildCard:MagicMettle+1","theWildCard:Safeguard","theWildCard:UnderLockAndKey","theWildCard:Proficiency","theWildCard:MagicalMight","theWildCard:StingingStrike","Forethought"],"relics":["theWildCard:VelvetContract","EVO:Axolotl","HushsDoor","YumHeart","Iron Hammer","Girya","MerchantsRug","jesterMod:MirrorMask","reliquary:Craggleroot","BargainBundle"],"acts_visited":["Exordium","TheCity"],"potions_floor_usage":[],"damage_taken":[{"damage":0,"enemies":"Cultist","floor":1,"turns":1},{"damage":0,"enemies":"Jaw Worm","floor":2,"turns":2},{"damage":0,"enemies":"2 Louse","floor":3,"turns":3},{"damage":0,"enemies":"Lots of Slimes","floor":4,"turns":1},{"damage":1,"enemies":"3 Louse","floor":5,"turns":2},{"damage":15,"enemies":"Gremlin Gang","floor":13,"turns":3},{"damage":12,"enemies":"Lots of Slimes","floor":14,"turns":4},{"damage":22,"enemies":"Fading Forest","floor":16,"turns":11},{"damage":57,"enemies":"Shell Parasite","floor":18,"turns":6},{"damage":5,"enemies":"Chosen","floor":20,"turns":1}],"seed_played":"-1975227853179814155","potions_obtained":[{"floor":1,"key":"Reflective Coating"},{"floor":2,"key":"BlessingOfTheForge"},{"floor":4,"key":"ZuzhouPotion:ReiMu"},{"floor":5,"key":"Reflective Coating"}],"is_trial":false,"path_per_floor":["M","M","M","M","M","R","?","$","T","$","R","$","M","M","R","B",null,"M","$","M"],"character_chosen":"THE_WILD_CARD","items_purchased":["theWildCard:ArcaneArts","Iron Hammer","MerchantsRug","theWildCard:ChangingDestiny","theWildCard:CryOfAgony","jesterMod:MirrorMask","theWildCard:MagicMettle","theWildCard:SeveringSlash","BargainBundle","theWildCard:Safeguard","theWildCard:UnderLockAndKey","theWildCard:Proficiency","theWildCard:MagicalMight","theWildCard:StingingStrike","Forethought"],"campfire_rested":0,"item_purchase_floors":[0,0,0,0,0,8,8,10,19,19,19,19,19,19,19],"current_hp_per_floor":[60,60,60,60,59,59,59,59,59,59,59,59,44,57,60,48,60,3,3,0,0],"gold":46,"neow_bonus":"","is_daily":false,"chose_seed":false,"campfire_upgraded":0,"win_rate":0.0,"timestamp":1613306807,"path_taken":["M","M","M","?","M","R","?","$","T","$","R","?","M","M","R","BOSS","M","?","M"],"items_purchased_type":["Card","Relic","Relic","Card","Card","Relic","Card","Card","Relic","Card","Card","Card","Card","Card","Card"],"build_version":"2020-12-22","purchased_purges":0,"victory":false,"max_hp_per_floor":[60,60,60,60,60,60,60,60,60,60,60,60,60,60,60,60,60,60,60,60,60],"card_choices":[{"not_picked":[],"picked":"ChaosCard","floor":0},{"not_picked":["theWildCard:Patience","Bomb"],"picked":"theWildCard:Michael","floor":1},{"not_picked":["Bomb","theWildCard:Patience"],"picked":"theWildCard:StingingStrike","floor":2},{"not_picked":["theWildCard:UnderLockAndKey","theWildCard:BladeOfGenerations"],"picked":"theWildCard:Overwhelm","floor":3},{"not_picked":["theWildCard:Michael","Bomb"],"picked":"theWildCard:Polydeuces","floor":4},{"not_picked":["theWildCard:SacrificialStroke","theWildCard:Providence"],"picked":"theWildCard:MagicMettle","floor":5},{"not_picked":["theWildCard:SeveringSlash","theWildCard:Polydeuces"],"picked":"theWildCard:Sakuya","floor":13},{"not_picked":["theWildCard:BladeOfGenerations","theWildCard:FinalHour"],"picked":"theWildCard:Safeguard","floor":14},{"not_picked":["theWildCard:Overwhelm","theWildCard:Thanatos"],"picked":"theWildCard:FinalHour","floor":16},{"not_picked":["theWildCard:Sakuya","theWildCard:SeveringSlash"],"picked":"theWildCard:MagicMettle+1","floor":18}],"player_experience":111242,"relics_obtained":[],"event_choices":[{"damage_healed":0,"gold_gain":0,"player_choice":"Gave Potion","damage_taken":0,"relics_obtained":["infinitespire:Bottled Soul"],"max_hp_gain":0,"max_hp_loss":0,"event_name":"WeMeetAgain","floor":7,"gold_loss":0}],"is_beta":false,"boss_relics":[{"not_picked":["Ectoplasm","RedLine:ReiMu"],"picked":"reliquary:Craggleroot"},{"not_picked":[]}],"items_purged_floors":[],"is_endless":false,"potions_floor_spawned":[1,2,4,5],"killed_by":"Chosen","ascension_level":0}}