{"host":"la4578xgyusbaxfx","time":1613287746,"event":{"mods":["Act Like it!","BaseMod","Conspire","Custom Start","Gensokyo","Hallownest","Lobotomy","LobotomyExtend","Minty Spire (QoL Compilation)","Replay The Spire","Spicy Shops","StSLib","The Jungle","[GremlinLeader]The Maniac","noobMod","≤–¡Ù÷ÆŒÔ"],"gold_per_floor":[111,122,140,140,28,63,63,91,142,142,174,17,52,102,102,236,236,287,333,383,431,33,43,43,97,123,4,79,115,169,199,199,330,330,371,34,70,126,215,215,265,310,387,450,450,464,45,114,114,240,240,273,299,47,47,93,93,134,134,134,165,190,215,26,42,42,169,169,195,445,126,163,25,25,51,72,123,123,175,129,200,200,200,329,329,376,376,421,454,261,261,292,382,642,717,887,862,1030,1030,1055,1429,1429,1503,1503,1583,1135,1220,1330,1367,1455,1582,1594,1701,1768,1909,2008,2020,2269,2356,2408,1725,1760,1760,1208,1283,1283,1348,1404,1404,1508,1508,1508,1558,1558,1751,1751,1776,1901,2013,2112,2195,2308,2363,2363,2477,2477,3085,3160,3240,3320,3320,3550,3550,3604,3604,3604],"floor_reached":155,"language":"ZHS","playtime":10711,"items_purged":["SpecialBullet","SpecialBullet","SpecialBullet","Noise+1","Gensokyo:SalamanderShield","BodiesMountain","Bandage Up+1","MeltingLove","DisciplinaryCode","Gensokyo:ImpossibleRequest","CentralCode","LaLuna","conspire:SpireCoStock+1"],"score":6876,"play_id":"2f35139e-8d28-43ba-ba4e-4fb19fb4cccd","local_time":"20210214152906","is_ascension_mode":true,"campfire_choices":[{"data":"CENSORED_ego+1","floor":91.0,"key":"SMITH"},{"floor":146,"key":"DIG"},{"floor":151,"key":"DIG"}],"circlet_count":0,"master_deck":["SecurityCode","WelfareCode","BloodyDesire","OSAHOGD","GreenStem","BloodyDesire","Penitence","InformationCode","TheSmile+1","Beak+1","Harmony+1","CENSORED_ego","DaCapo+1","FieryBird","CENSORED_ego+2","Gensokyo:UnlikelyAid+1","ExtractionCode","Justitia+1","ControlCode","SpecialBullet","TT2Protocol","Gensokyo:Dawn+1","Apotheosis+1","PlaceholderMod:FinalSpray+1","Apotheosis+1","RecordCode","Double Energy+1","ReplayUltimateDefense+1","Justitia+1","TrainingCode","TheSmile+1","PlaceholderMod:EvolutionSpray+1","Christmas+1","SummonCall","Decay","Replay:Hysterical Blindness","Pain","Replay:Hysterical Blindness","Looming Evil","Amnesia","Replay:Hysterical Blindness","Injury","Languid","Spreading Infection","Writhe","maniac:Humiliation","Decay","Clumsy","Decay","Hallownest:curseDreamersLament","Panache+1","Parasite","Parasite","MasterReality+1"],"relics":["CogitoBucket","RabbitCall","ice","maniac:BrokenHorn","Dead Branch","LetterFromLob","BargainBundle","TheAbacus","Dream Catcher","Odd Mushroom","Gremlin Food","Replay:Bandana","Lee\u0027s Waffle","Replay:Wax Seal","TreeSap","PlaceholderMod:LiveLive","Ring of Greed","Membership Card","Golden Egg","Guide Book","Shuriken","Kunai","Heaven_r","AdjustmentMirror","Whetstone","Happy Flower","AtMidnight","Ancient Tea Set","PrismaticShard","ReplayFunnel","DollysMirror","Potion Belt","conspire:InfiniteJournal","PlaceholderMod:FlatBlood","Bottled Lightning","TheSmile_r","SacredBark","Turnip","Replay:Rubber Ducky","HornCleat","Replay:Baseball","Quantum Egg","OrangePellets","Gensokyo:MosesMiracle","Replay:Ancient Bell","Lantern","Replay:WaspNest","Replay:Towering Pillar of Hats","conspire:DeflatedDodgeball","Replay:Ringing Soul","ice","Strawberry","ReplayTheSpireMod:ShopPack","conspire:Dentures","Counterbalance","MawBank","Empty Cage","Omamori","Matryoshka","Sundial","conspire:TopHat","Nunchaku","PlaceholderMod:DeVermisMysteriis","Shovel","Strange Spoon","Painkiller Herb","Gaze_r","Replay:Bottled Steam","conspire:BottledYoYo","Sozu","ice"],"acts_visited":["Exordium","TheCity","TheBeyond","Gensokyo:Gensokyo","Gensokyo:Gensokyoer","Gensokyo:Gensokyoest","Exordium","theJungle:Jungle","TheBeyond","Exordium"],"potions_floor_usage":[],"damage_taken":[{"damage":12.0,"enemies":"conspire:RoseBush","floor":1.0,"turns":2.0},{"damage":6.0,"enemies":"Jaw Worm","floor":2.0,"turns":2.0},{"damage":6.0,"enemies":"Small Slimes","floor":3.0,"turns":3.0},{"damage":43.0,"enemies":"Lagavulin","floor":6.0,"turns":6.0},{"damage":33.0,"enemies":"The Mushroom Lair","floor":8.0,"turns":4.0},{"damage":14.0,"enemies":"3 Sentries","floor":11.0,"turns":6.0},{"damage":26.0,"enemies":"Lagavulin","floor":13.0,"turns":5.0},{"damage":26.0,"enemies":"Exordium Wildlife","floor":14.0,"turns":4.0},{"damage":37.0,"enemies":"Slime Boss","floor":16.0,"turns":7.0},{"damage":24.0,"enemies":"Shell Parasite","floor":18.0,"turns":3.0},{"damage":26.0,"enemies":"Spheric Guardian","floor":19.0,"turns":4.0},{"damage":26.0,"enemies":"Cultist and Chosen","floor":21.0,"turns":6.0},{"damage":44.0,"enemies":"conspire:SneckoGhost","floor":23.0,"turns":4.0},{"damage":28.0,"enemies":"3 Cultists","floor":25.0,"turns":3.0},{"damage":15.0,"enemies":"Snake Plant","floor":29.0,"turns":3.0},{"damage":25.0,"enemies":"Snecko","floor":30.0,"turns":4.0},{"damage":12.0,"enemies":"Sentry and Sphere","floor":31.0,"turns":4.0},{"damage":44.0,"enemies":"Pondfish","floor":33.0,"turns":10.0},{"damage":83.0,"enemies":"3 Shapes","floor":35.0,"turns":17.0},{"damage":12.0,"enemies":"Orb Walker","floor":37.0,"turns":4.0},{"damage":27.0,"enemies":"Writhing Mass","floor":38.0,"turns":5.0},{"damage":8.0,"enemies":"R_Hoarder","floor":41.0,"turns":6.0},{"damage":42.0,"enemies":"4 Shapes","floor":42.0,"turns":3.0},{"damage":24.0,"enemies":"Jaw Worm Horde","floor":44.0,"turns":5.0},{"damage":35.0,"enemies":"Sphere and 2 Shapes","floor":46.0,"turns":5.0},{"damage":30.0,"enemies":"Transient","floor":48.0,"turns":5.0},{"damage":21.0,"enemies":"Donu and Deca","floor":50.0,"turns":6.0},{"damage":0.0,"enemies":"Gensokyo:Gryphon","floor":52.0,"turns":1.0},{"damage":24.0,"enemies":"Gensokyo:Python","floor":53.0,"turns":2.0},{"damage":12.0,"enemies":"Gensokyo:3_Fairies","floor":56.0,"turns":3.0},{"damage":6.0,"enemies":"Gensokyo:Aya","floor":58.0,"turns":3.0},{"damage":0.0,"enemies":"Gensokyo:LivingMonolith","floor":61.0,"turns":3.0},{"damage":13.0,"enemies":"Gensokyo:3_Kodama","floor":62.0,"turns":2.0},{"damage":0.0,"enemies":"Gensokyo:Kitsune","floor":63.0,"turns":1.0},{"damage":0.0,"enemies":"Gensokyo:Python_and_Kodama","floor":65.0,"turns":4.0},{"damage":95.0,"enemies":"Gensokyo:Yukari","floor":67.0,"turns":10.0},{"damage":12.0,"enemies":"Gensokyo:2_Gloops","floor":69.0,"turns":4.0},{"damage":29.0,"enemies":"Gensokyo:3_Dogs","floor":72.0,"turns":2.0},{"damage":1.0,"enemies":"Gensokyo:Swordslinger","floor":75.0,"turns":2.0},{"damage":54.0,"enemies":"Gensokyo:Wraith","floor":76.0,"turns":5.0},{"damage":30.0,"enemies":"Gensokyo:Reisen","floor":77.0,"turns":8.0},{"damage":83.0,"enemies":"Gensokyo:Tenshi","floor":79.0,"turns":4.0},{"damage":22.0,"enemies":"Gensokyo:Reisen","floor":81.0,"turns":4.0},{"damage":59.0,"enemies":"Gensokyo:Eiki","floor":84.0,"turns":8.0},{"damage":18.0,"enemies":"Gensokyo:3_Bats","floor":86.0,"turns":4.0},{"damage":72.0,"enemies":"Gensokyo:AncientGuardian","floor":88.0,"turns":6.0},{"damage":19.0,"enemies":"Gensokyo:Rafflesia","floor":89.0,"turns":5.0},{"damage":59.0,"enemies":"Gensokyo:Sharpion","floor":92.0,"turns":2.0},{"damage":71.0,"enemies":"Gensokyo:Marisa","floor":93.0,"turns":3.0},{"damage":93.0,"enemies":"Gensokyo:Doremy","floor":94.0,"turns":4.0},{"damage":79.0,"enemies":"Gensokyo:Marisa","floor":96.0,"turns":3.0},{"damage":0.0,"enemies":"Gensokyo:Doremy","floor":98.0,"turns":2.0},{"damage":54.0,"enemies":"Gensokyo:Shinki","floor":101.0,"turns":7.0},{"damage":20.0,"enemies":"Jaw Worm","floor":103.0,"turns":2.0},{"damage":0.0,"enemies":"2 Louse","floor":105.0,"turns":1.0},{"damage":71.0,"enemies":"conspire:MimicChest","floor":107.0,"turns":4.0},{"damage":0.0,"enemies":"Small Slimes","floor":108.0,"turns":1.0},{"damage":0.0,"enemies":"Exordium Thugs","floor":110.0,"turns":1.0},{"damage":28.0,"enemies":"3 Sentries","floor":111.0,"turns":4.0},{"damage":17.0,"enemies":"Gremlin Nob","floor":113.0,"turns":3.0},{"damage":21.0,"enemies":"3 Louse","floor":114.0,"turns":2.0},{"damage":59.0,"enemies":"Lagavulin","floor":115.0,"turns":3.0},{"damage":0.0,"enemies":"Gremlin Gang","floor":116.0,"turns":1.0},{"damage":12.0,"enemies":"The Guardian","floor":118.0,"turns":4.0},{"damage":17.0,"enemies":"Shell Parasite","floor":120.0,"turns":1.0},{"damage":0.0,"enemies":"JungleHuntersEvent","floor":122.0,"turns":1.0},{"damage":6.0,"enemies":"theJungle:2_Phrogs","floor":125.0,"turns":2.0},{"damage":0.0,"enemies":"theJungle:Cassacara","floor":127.0,"turns":2.0},{"damage":12.0,"enemies":"theJungle:2_Phrogs","floor":128.0,"turns":3.0},{"damage":10.0,"enemies":"theJungle:MamaSnecko","floor":130.0,"turns":2.0},{"damage":0.0,"enemies":"theJungle:GiantWrat","floor":133.0,"turns":1.0},{"damage":21.0,"enemies":"theJungle:TotemBoss","floor":135.0,"turns":1.0},{"damage":0.0,"enemies":"3 Shapes","floor":137.0,"turns":1.0},{"damage":5.0,"enemies":"3 Shapes","floor":139.0,"turns":1.0},{"damage":0.0,"enemies":"3 Darklings","floor":140.0,"turns":1.0},{"damage":0.0,"enemies":"Sphere and 2 Shapes","floor":141.0,"turns":1.0},{"damage":43.0,"enemies":"Nemesis","floor":142.0,"turns":5.0},{"damage":0.0,"enemies":"Jaw Worm Horde","floor":143.0,"turns":2.0},{"damage":0.0,"enemies":"R_Hoarder","floor":145.0,"turns":4.0},{"damage":0,"enemies":"Spire Growth","floor":147,"turns":2},{"damage":6,"enemies":"Sphere and 2 Shapes","floor":148,"turns":1},{"damage":0,"enemies":"Jaw Worm Horde","floor":149,"turns":1},{"damage":35,"enemies":"Transient","floor":150,"turns":5},{"damage":394,"enemies":"Awakened One","floor":152,"turns":5},{"damage":0,"enemies":"Cultist","floor":154,"turns":1}],"seed_played":"-8476549794869544839","potions_obtained":[{"floor":1.0,"key":"LiquidBronze"},{"floor":6.0,"key":"PowerPotion"},{"floor":11.0,"key":"FearPotion"},{"floor":29.0,"key":"Strength Potion"},{"floor":30.0,"key":"Dexterity Potion"},{"floor":37.0,"key":"Reflective Coating"},{"floor":46.0,"key":"Toxic Potion"},{"floor":50.0,"key":"DistilledChaos"},{"floor":116.0,"key":"FairyPotion"}],"is_trial":true,"path_per_floor":["M","M","M","?","$","E","R","?","T","R","E","$","E","M","R","B",null,"M","M","?","M","$","E","R","M","T","$","?","M","M","M","R","B",null,"M","$","M","M","?","R","E","M","T","M","R","M","$","M","R","B",null,"M","M","$","?","M","R","E","R","T","M","M","M","$","M","R","B",null,"M","?","$","M","$","R","M","M","E","R","E","COS","E","?","R","B",null,"M","?","M","M","$","R","M","E","E","?","E","?","E","?","R","B",null,"M","?","M","$","?","M","?","M","E","R","E","M","E","M","R","B",null,"M","$","?","?","$","E","R","E","E","?","E","?","R","M","R","B",null,"?","?","?","?","?","E","?","?","E","T","?","?","?","?","T","B",null,"?","?"],"character_chosen":"Angela","items_purchased":["BargainBundle","GreenStem","TheAbacus","DistilledChaos","SpeedPotion","Adoration","Lee\u0027s Waffle","Bag of Marbles","Guide Book","Shuriken","Kunai","Happy Flower","Bandage Up","Ancient Tea Set","PrismaticShard","ReplayFunnel","DollysMirror","conspire:InfiniteJournal","PlaceholderMod:FlatBlood","Bottled Lightning","Turnip","Replay:Rubber Ducky","Replay:Baseball","Quantum Egg","OrangePellets","conspire:DeflatedDodgeball","Replay:Ringing Soul","Strawberry","ReplayTheSpireMod:ShopPack","conspire:Dentures","Counterbalance","Omamori","Matryoshka","Sundial","conspire:TopHat","PlaceholderMod:DeVermisMysteriis","Shovel","Strange Spoon","Justitia+1"],"campfire_rested":0,"item_purchase_floors":[5,5,5,5,5,5,12,22,22,22,22,27,27,36,36,36,36,47,47,47,54,54,64,71,71,90,90,106,106,106,106,121,121,121,121,124,124,124,124],"current_hp_per_floor":[66,68,70,70,70,41,41,26,26,26,30,77,69,62,62,43,77,73,65,65,57,57,34,34,26,26,26,19,80,73,85,85,65,113,51,51,84,98,108,118,171,164,174,193,193,188,195,200,200,209,209,213,213,213,213,214,214,216,216,216,216,220,220,220,222,222,219,231,231,231,231,231,231,231,231,231,227,231,231,231,231,231,231,231,231,231,231,231,224,230,231,234,234,174,183,134,143,170,176,185,173,258,253,259,264,274,218,242,248,275,276,282,286,277,245,272,278,295,298,596,596,596,591,600,607,607,607,607,607,600,606,610,610,610,604,613,613,616,619,622,625,599,623,628,631,631,634,637,640,627,633,272,643,643,643,643],"gold":3604,"neow_bonus":"","is_daily":false,"chose_seed":false,"campfire_upgraded":1,"win_rate":0.0,"timestamp":1613287746,"path_taken":["M","M","M","?","?","E","R","?","T","R","E","$","E","M","R","BOSS","M","M","?","M","$","E","R","M","T","$","?","M","M","?","R","BOSS","M","$","M","M","?","R","E","?","T","M","R","M","$","M","R","BOSS","M","M","$","?","?","R","E","R","T","M","M","M","$","M","R","BOSS","M","?","$","M","$","R","M","M","E","R","E","COS","E","?","R","BOSS","M","?","M","M","?","R","M","E","E","?","E","?","E","?","R","BOSS","M","?","M","$","?","M","?","M","E","R","E","M","E","M","R","BOSS","M","$","?","?","$","E","R","E","E","?","E","?","R","M","R","BOSS","?","?","?","?","?","E","?","?","E","T","?","?","?","?","T","BOSS","?","?"],"items_purchased_type":["Relic","Card","Relic","Potion","Potion","Card","Relic","Relic","Relic","Relic","Relic","Relic","Card","Relic","Relic","Relic","Relic","Relic","Relic","Relic","Relic","Relic","Relic","Relic","Relic","Relic","Relic","Relic","Relic","Relic","Relic","Relic","Relic","Relic","Relic","Relic","Relic","Relic","Card"],"build_version":"2020-12-22","purchased_purges":13,"victory":false,"max_hp_per_floor":[70,70,70,70,70,70,70,70,70,70,70,77,77,77,77,77,77,77,77,77,77,77,77,77,77,77,77,77,80,82,85,85,113,113,177,177,180,180,180,180,183,189,189,193,193,195,195,200,200,209,209,213,213,213,213,214,214,216,216,216,216,220,220,220,222,222,231,231,231,231,231,231,231,231,231,231,231,231,231,231,231,231,231,231,231,231,231,231,231,231,231,234,234,240,243,246,249,252,252,255,258,258,261,261,264,274,274,277,277,280,283,283,286,286,289,292,292,295,298,596,596,596,601,604,607,607,607,607,607,610,610,610,610,610,613,613,613,616,619,622,625,628,628,628,631,631,634,637,640,640,640,643,643,643,643,643],"card_choices":[{"not_picked":["Diffraction"],"picked":"BloodyDesire","floor":1.0},{"not_picked":["Wingbeat"],"picked":"Noise","floor":2.0},{"not_picked":["VoidDream","HappyTeddy"],"picked":"OSAHOGD","floor":3.0},{"not_picked":["Penitence","Tough"],"picked":"SKIP","floor":3.0},{"not_picked":["Harmony"],"picked":"BloodyDesire","floor":6.0},{"not_picked":["SpiderBud","CherryBlossoms"],"picked":"OldLady","floor":6.0},{"not_picked":["WristCuter"],"picked":"Penitence","floor":8.0},{"not_picked":["Penitence"],"picked":"TheSmile","floor":11.0},{"not_picked":["FourthMatchFlame"],"picked":"Beak","floor":13.0},{"not_picked":["SomewhereSpear"],"picked":"Harmony","floor":14.0},{"not_picked":["Twilight"],"picked":"CENSORED_ego","floor":16.0},{"not_picked":["RedEyes","FourthMatchFlame+1"],"picked":"SKIP","floor":18.0},{"not_picked":["CENSORED_ego","Soda"],"picked":"SKIP","floor":19.0},{"not_picked":["Wingbeat","FourthMatchFlame"],"picked":"SKIP","floor":21.0},{"not_picked":["BigBird","Wellcheers"],"picked":"LaLuna","floor":25.0},{"not_picked":["FourthMatchFlame","Logging"],"picked":"SKIP","floor":25.0},{"not_picked":["Gaze","Diffraction+1"],"picked":"SKIP","floor":29.0},{"not_picked":["Horn","Soda"],"picked":"SKIP","floor":30.0},{"not_picked":["MagicBullet"],"picked":"Lantern","floor":31.0},{"not_picked":["Freischutz","QueenOfHatred"],"picked":"BodiesMountain","floor":33.0},{"not_picked":["Justitia"],"picked":"DaCapo","floor":33.0},{"not_picked":["Variant","Bloodbath"],"picked":"FieryBird","floor":35.0},{"not_picked":["Regret_ego+1","Noise+1"],"picked":"SKIP","floor":35.0},{"not_picked":["Body Slam+1","maniac:SpectralKnives+1"],"picked":"SKIP","floor":37.0},{"not_picked":["maniac:SpectralKnives","maniac:PerceiveDanger"],"picked":"SKIP","floor":38.0},{"not_picked":["maniac:Refine"],"picked":"Gensokyo:SalamanderShield","floor":39.0},{"not_picked":["Replay:BluntJabs+1","PlaceholderMod:DirectingGroup+1"],"picked":"SKIP","floor":41.0},{"not_picked":["Halt","Self Repair+1"],"picked":"SKIP","floor":42.0},{"not_picked":["Dropkick","Turbo"],"picked":"SKIP","floor":44.0},{"not_picked":["Halt+1","Anger"],"picked":"SKIP","floor":46.0},{"not_picked":["Halt+1","Anger"],"picked":"SKIP","floor":46.0},{"not_picked":["PlaceholderMod:OHStrongAttack","FourthMatchFlame+1"],"picked":"SKIP","floor":48.0},{"not_picked":["ReplayTheSpireMod:Necrogeddon"],"picked":"Gensokyo:UnlikelyAid","floor":50.0},{"not_picked":["QueenBee","NakedNest"],"picked":"MeltingLove","floor":52.0},{"not_picked":["maniac:DashForward","Shrug It Off"],"picked":"SKIP","floor":52.0},{"not_picked":["Deflect","FrostShard"],"picked":"SKIP","floor":53.0},{"not_picked":["PlaceholderMod:ParasiteChange","Sweeping Beam"],"picked":"SKIP","floor":56.0},{"not_picked":["Heel Hook","Terror"],"picked":"SKIP","floor":58.0},{"not_picked":["True Grit","Backstab"],"picked":"SKIP","floor":61.0},{"not_picked":["Prostrate","PlaceholderMod:NearChange"],"picked":"SKIP","floor":62.0},{"not_picked":["Hornet","PlaceholderMod:StressReaction"],"picked":"SKIP","floor":63.0},{"not_picked":["Sweeping Beam","ShedSkin"],"picked":"SKIP","floor":65.0},{"not_picked":["Acrobatics","Pommel Strike"],"picked":"SKIP","floor":69.0},{"not_picked":["Armaments","Heel Hook"],"picked":"SKIP","floor":72.0},{"not_picked":["Juggernaut","Beak"],"picked":"SKIP","floor":75.0},{"not_picked":["Metallicize","maniac:PanickyParry+1"],"picked":"SKIP","floor":76.0},{"not_picked":["WaveOfTheHand+1","Cold Snap+1"],"picked":"SKIP","floor":77.0},{"not_picked":["maniac:BladeShoot","WristCuter","Prepared+1"],"picked":"SKIP","floor":79.0},{"not_picked":["MentalFortress+1","Conserve Battery","EmptyFist+1"],"picked":"SKIP","floor":79.0},{"not_picked":["Perfected Strike","Horn+1","Shrug It Off"],"picked":"SKIP","floor":79.0},{"not_picked":["ReplayTheSpireMod:Exploit Weakness","PlaceholderMod:SprayAttack","SignatureMove"],"picked":"SKIP","floor":81.0},{"not_picked":["ReplayTheSpireMod:Faulty Equipment","Looming Evil"],"picked":"Pain","floor":85.0},{"not_picked":["conspire:Blindness","ReplayTheSpireMod:Faulty Equipment"],"picked":"Overencumbered","floor":85.0},{"not_picked":["ReplayTheSpireMod:Restless Dread","Voices"],"picked":"Doubt","floor":85.0},{"not_picked":["Shrug It Off","FlyingSleeves+1","PlaceholderMod:AttackAsDefend+1"],"picked":"SKIP","floor":86.0},{"not_picked":["NothingThere","BigBadWolf","Yin"],"picked":"Singing Bowl","floor":88.0},{"not_picked":["Prepared+1","Headbutt+1","conspire:PoisonWeapons"],"picked":"SKIP","floor":88.0},{"not_picked":["Cleave+1","Sword Boomerang","Penitence"],"picked":"SKIP","floor":88.0},{"not_picked":["Infernal Blade+1","Pray+1","Leap+1"],"picked":"SKIP","floor":89.0},{"not_picked":["Sucker Punch+1","Bane+1","maniac:Refine+1"],"picked":"SKIP","floor":89.0},{"not_picked":["FourthMatchFlame+1","PlaceholderMod:HighConcentration+1","PlaceholderMod:ConsolidateHit+1"],"picked":"SKIP","floor":92.0},{"not_picked":["Nirvana+1","FourthMatchFlame+1","Horn+1"],"picked":"SKIP","floor":93.0},{"not_picked":["Nirvana+1","FourthMatchFlame+1","Horn+1"],"picked":"SKIP","floor":93.0},{"not_picked":["Intimidate+1","Replay:Anticipation+1","Replay:Bootleg Shield Generator+1"],"picked":"SKIP","floor":94.0},{"not_picked":["maniac:HammerStrike+1","CutThroughFate+1","ReplayTheSpireMod:GoodbyeWorld+1"],"picked":"SKIP","floor":96.0},{"not_picked":["FollowUp+1","Cleave+1","Coolheaded+1"],"picked":"SKIP","floor":98.0},{"not_picked":["PlaceholderMod:CorePoison+1","Ragnarok+1"],"picked":"Gensokyo:Dawn+1","floor":101.0},{"not_picked":["Replay:Many Hands+1","SpiritShield+1"],"picked":"Apotheosis+1","floor":101.0},{"not_picked":["BlueStar","NothingThere","BodiesMountain"],"picked":"Singing Bowl","floor":103.0},{"not_picked":["Clothesline+1","maniac:BladesInCloak+1"],"picked":"PlaceholderMod:FinalSpray+1","floor":103.0},{"not_picked":["Uppercut+1","PlaceholderMod:SpinBlade+1","PlaceholderMod:EnergyAbsorb+1"],"picked":"SKIP","floor":103.0},{"not_picked":["MasterReality+1","Glacier+1","BasicCrystalCard+1"],"picked":"SKIP","floor":105.0},{"not_picked":["Good Instincts","Secret Weapon"],"picked":"Apotheosis","floor":106.0},{"not_picked":["maniac:MeleeStrike+1","Replay:Anticipation+1","ReplayTheSpireMod:Strike From Hell+1"],"picked":"SKIP","floor":108.0},{"not_picked":["Heavy Blade+1","maniac:BladesInCloak+1","Slice+1"],"picked":"SKIP","floor":110.0},{"not_picked":["FlyingSleeves+1","Vengeance+1"],"picked":"Double Energy+1","floor":111.0},{"not_picked":["Metallicize+1","maniac:PerceiveDanger+1","maniac:SpectralKnives+1"],"picked":"SKIP","floor":113.0},{"not_picked":["ReplayTheSpireMod:Strike From Hell+1","maniac:BladeShoot+1","Heatsinks+1"],"picked":"SKIP","floor":114.0},{"not_picked":["Bane+1","conspire:DoublingDagger+1","Tough+1"],"picked":"SKIP","floor":115.0},{"not_picked":["Replay:BluntJabs+1","Deep Breath+1","maniac:ColdHeart+1"],"picked":"SKIP","floor":116.0},{"not_picked":["ParadiseLost+1","DevaForm+1"],"picked":"ReplayUltimateDefense+1","floor":118.0},{"not_picked":["Perfected Strike+1","Replay:DivineShield+1","maniac:UndyingDesire+1"],"picked":"SKIP","floor":120.0},{"not_picked":["Headbutt+1","ThirdEye+1","PathToVictory+1"],"picked":"SKIP","floor":120.0},{"not_picked":["maniac:Assassinate+1","BasicCrystalCard+1","maniac:FindAShortcut+1"],"picked":"SKIP","floor":120.0},{"not_picked":["WhiteNight","CENSORED","MeltingLove"],"picked":"Singing Bowl","floor":122.0},{"not_picked":["Stack+1","maniac:SpectralKnives+1","Barrage+1"],"picked":"SKIP","floor":125.0},{"not_picked":["CrushJoints+1","PlaceholderMod:ProliferateStrike+1","FollowUp+1"],"picked":"SKIP","floor":125.0},{"not_picked":["maniac:SeeingDetails+1","Ball Lightning+1","CENSORED_ego+1"],"picked":"SKIP","floor":127.0},{"not_picked":["Replay:AtTheReady+1","Lockon+1","conspire:Banana+1"],"picked":"SKIP","floor":127.0},{"not_picked":["PlaceholderMod:TriggerStrike+1","ReplayTheSpireMod:Stacked+1","Trip+1"],"picked":"SKIP","floor":128.0},{"not_picked":["Hypocrisy+1","Sword Boomerang+1","maniac:Confront+1"],"picked":"SKIP","floor":128.0},{"not_picked":["Twilight+1","PlaceholderMod:HornyBlast+1","maniac:BladeShoot+1"],"picked":"SKIP","floor":128.0},{"not_picked":["EmptyBody+1","Heavy Blade+1","Moonlight+1"],"picked":"SKIP","floor":130.0},{"not_picked":["Loneliness+1","Barrage+1","Beak+1"],"picked":"SKIP","floor":130.0},{"not_picked":["RapturousDream+1","maniac:BladeArtist+1","maniac:PanickyParry+1"],"picked":"SKIP","floor":133.0},{"not_picked":["PlaceholderMod:SubstitutionNucleophilic1+1","Rebound+1","EmptyBody+1"],"picked":"SKIP","floor":133.0},{"not_picked":["Gensokyo:RainbowDanmaku+1","Demonic Infusion+1"],"picked":"TheSmile+1","floor":135.0},{"not_picked":["Evaluate+1","Sanctity+1"],"picked":"PlaceholderMod:EvolutionSpray+1","floor":139.0},{"not_picked":["Replay:Sssssssssstrike+1","ReplayTheSpireMod:Fabricate Wheel+1","JustLucky+1"],"picked":"SKIP","floor":139.0},{"not_picked":["Worship+1","Replay:ManipulateFuture+1","Pinks+1"],"picked":"SKIP","floor":140.0},{"not_picked":["Deadly Poison+1","maniac:MeleeStrike+1","WristCuter+1"],"picked":"SKIP","floor":140.0},{"not_picked":["Tempest+1","Deadly Poison+1"],"picked":"Christmas+1","floor":141.0},{"not_picked":["True Grit+1","maniac:BladesInCloak+1","Go for the Eyes+1"],"picked":"SKIP","floor":141.0},{"not_picked":["EmptyFist+1","Pinks+1","PlaceholderMod:DirectingGroup+1"],"picked":"SKIP","floor":142.0},{"not_picked":["Conserve Battery+1","maniac:SpectralKnives+1","Panic Button+1"],"picked":"SKIP","floor":142.0},{"not_picked":["Rip and Tear+1","Force Field+1","Consecrate+1"],"picked":"SKIP","floor":142.0},{"not_picked":["Dark Embrace+1","Barrage+1","PlaceholderMod:Sweep+1"],"picked":"SKIP","floor":143.0},{"not_picked":["Specialist+1","maniac:EndOfTheRoad+1","PlaceholderMod:Polyp+1"],"picked":"SKIP","floor":143.0},{"not_picked":["Bouncing Flask+1","Evaluate+1","Gensokyo:NewMoon+1"],"picked":"SKIP","floor":145.0},{"not_picked":["PlaceholderMod:AttackAsDefend+1","Burst+1","Coolheaded+1"],"picked":"SKIP","floor":145.0},{"not_picked":["True Grit+1","Prepared+1","Clash+1"],"picked":"SKIP","floor":147},{"not_picked":["Tough+1","Trip+1","BasicCrystalCard+1"],"picked":"SKIP","floor":147},{"not_picked":["True Grit+1","Prepared+1","Clash+1"],"picked":"SKIP","floor":147},{"not_picked":["Tough+1","Trip+1","BasicCrystalCard+1"],"picked":"SKIP","floor":147},{"not_picked":["conspire:Charge+1","PlaceholderMod:StressReaction+1"],"picked":"Panache+1","floor":148},{"not_picked":["Armaments+1","Shrug It Off+1","Disarm+1"],"picked":"SKIP","floor":148},{"not_picked":["conspire:DoublingDagger+1","Skewer+1","Static Discharge+1"],"picked":"SKIP","floor":149},{"not_picked":["ReplayTheSpireMod:Private Reserves+1","Compile Driver+1","PlaceholderMod:HornyBlast+1"],"picked":"SKIP","floor":149},{"not_picked":["Underhanded Strike+1","Crystallizer+1","Metamorphosis+1"],"picked":"SKIP","floor":150},{"not_picked":["Nirvana+1","Evolve+1","maniac:SorceryHour+1"],"picked":"SKIP","floor":150},{"not_picked":["PlaceholderMod:SeverePoisonStrike+1","ReplayTheSpireMod:Exploit Weakness+1","CherryBlossom+1"],"picked":"SKIP","floor":150},{"not_picked":["Amplify+1","Feed+1"],"picked":"MasterReality+1","floor":152},{"not_picked":["EmptyBody+1","Blade Dance+1","Replay:Undeath\u0027s Touch+1"],"picked":"SKIP","floor":154},{"not_picked":["Genetic Algorithm+1","Poisoned Stab+1","ThirdEye+1"],"picked":"SKIP","floor":154}],"player_experience":216566,"relics_obtained":[{"floor":1.0,"key":"LetterFromLob"},{"floor":6.0,"key":"Dream Catcher"},{"floor":8.0,"key":"Odd Mushroom"},{"floor":9.0,"key":"Gremlin Food"},{"floor":11.0,"key":"Replay:Bandana"},{"floor":13.0,"key":"Replay:Wax Seal"},{"floor":20.0,"key":"Ring of Greed"},{"floor":20.0,"key":"Membership Card"},{"floor":20.0,"key":"Golden Egg"},{"floor":26.0,"key":"Whetstone"},{"floor":35.0,"key":"AtMidnight"},{"floor":41.0,"key":"Potion Belt"},{"floor":60.0,"key":"HornCleat"},{"floor":88.0,"key":"Gensokyo:MosesMiracle"},{"floor":107.0,"key":"MawBank"},{"floor":122.0,"key":"Nunchaku"},{"floor":146,"key":"Replay:Bottled Steam"},{"floor":151,"key":"conspire:BottledYoYo"}],"event_choices":[{"damage_healed":0.0,"max_hp_gain":0.0,"max_hp_loss":0.0,"gold_gain":0.0,"event_name":"Mushrooms","player_choice":"Fought Mushrooms","floor":8.0,"gold_loss":0.0,"damage_taken":0.0},{"damage_healed":0.0,"max_hp_gain":0.0,"max_hp_loss":0.0,"gold_gain":75.0,"event_name":"FaceTrader","player_choice":"Touch","floor":28.0,"gold_loss":0.0,"damage_taken":7.0},{"damage_healed":0.0,"max_hp_gain":0.0,"max_hp_loss":0.0,"gold_gain":0.0,"event_name":"conspire:Investor","player_choice":"Invest 1","floor":97.0,"gold_loss":0.0,"damage_taken":0.0},{"damage_healed":0.0,"max_hp_gain":0.0,"max_hp_loss":0.0,"gold_gain":0.0,"event_name":"Liars Game","player_choice":"Ignored","floor":104.0,"gold_loss":0.0,"damage_taken":0.0},{"damage_healed":0.0,"max_hp_gain":0.0,"max_hp_loss":0.0,"gold_gain":100.0,"event_name":"Golden Shrine","player_choice":"Pray","floor":138.0,"gold_loss":0.0,"damage_taken":0.0},{"damage_healed":0.0,"max_hp_gain":0.0,"max_hp_loss":0.0,"gold_gain":0.0,"event_name":"The Woman in Blue","player_choice":"Bought 0 Potions","floor":144.0,"gold_loss":0.0,"damage_taken":0.0}],"is_beta":false,"boss_relics":[{"not_picked":["Ectoplasm","Replay:Wanted Poster"],"picked":"PlaceholderMod:LiveLive"},{"not_picked":["Honey Jar","ChewingGum","Abe\u0027s Treasure"]},{"not_picked":["Runic Pyramid","ReplayTheSpireMod:DimensionalGlitch"],"picked":"SacredBark"},{"not_picked":["Replay:Drink Me","Tiny House","Replay:Grab Bag"]},{"not_picked":["conspire:RunicOctahedron","Painkiller Herb"],"picked":"Replay:Ancient Bell"},{"not_picked":["Bronze Scales","Blood Vial"],"picked":"Lantern"},{"not_picked":["Mirror","The Courier"],"picked":"Replay:WaspNest"},{"not_picked":["Replay:Multitool","Lizard Tail"],"picked":"Replay:Towering Pillar of Hats"},{"not_picked":["Replay:Bronze Core","Runic Dome","Fusion Hammer"]},{"not_picked":["conspire:RunicOctahedron","Runic Dome"],"picked":"Empty Cage"},{"not_picked":["Honey Jar","Tiny House"],"picked":"Painkiller Herb"},{"not_picked":["conspire:SpecialSausage","SlaversCollar"],"picked":"Sozu"}],"items_purged_floors":[22,36,36,47,47,54,64,71,73,106,121,121,124],"is_endless":true,"potions_floor_spawned":[1,6,11,16,19,29,30,31,33,37,44,46,50,53,56,62,63,65,72,75,86,94,96,98,105,111,114,116,118,122,125,137,142,147,148,150,152],"ascension_level":4}}