{"host":"fiyb7gvx7tok3jeh","time":1613261874,"event":{"mods":["BaseMod","Colored Map","Colored Powertips","DeckTracker","Googly Eyes","Highlight Path","Minty Spire (QoL Compilation)"],"gold_per_floor":[113,113,288,288,288,321,339,339,339,20,35,63,63,78,78,78,78],"floor_reached":16,"language":"ENG","playtime":519,"items_purged":["Regret"],"score":135,"play_id":"deb53bc0-f5ac-4e33-a364-e6ddb625e2ce","local_time":"20210214021754","is_ascension_mode":true,"campfire_choices":[{"data":"Dualcast","floor":8,"key":"SMITH"},{"floor":15,"key":"REST"}],"circlet_count":0,"master_deck":["Strike_B","Strike_B","Strike_B","Strike_B","Defend_B+1","Defend_B","Defend_B","Defend_B","Zap","Dualcast+1","Secret Technique","Beam Cell+1","Doubt","Hologram","Beam Cell","Glacier","Beam Cell","Steam"],"relics":["Cracked Core","Centennial Puzzle","InkBottle","Bottled Flame","Meat on the Bone","Vajra"],"acts_visited":["Exordium"],"potions_floor_usage":[6],"damage_taken":[{"damage":4,"enemies":"Small Slimes","floor":1,"turns":3},{"damage":17,"enemies":"Gremlin Nob","floor":6,"turns":4},{"damage":7,"enemies":"Jaw Worm","floor":7,"turns":2},{"damage":0,"enemies":"2 Louse","floor":11,"turns":1},{"damage":35,"enemies":"Lagavulin","floor":12,"turns":12},{"damage":0,"enemies":"2 Fungi Beasts","floor":14,"turns":2},{"damage":52,"enemies":"Slime Boss","floor":16,"turns":6}],"seed_played":"-6330207046324774605","potions_obtained":[{"floor":1,"key":"SpeedPotion"},{"floor":11,"key":"LiquidMemories"},{"floor":12,"key":"Weak Potion"}],"is_trial":false,"path_per_floor":["M","?","?","?","?","E","M","R","T","$","M","E","$","M","R","B"],"character_chosen":"DEFECT","items_purchased":["Meat on the Bone"],"campfire_rested":1,"item_purchase_floors":[10],"current_hp_per_floor":[71,64,64,49,49,32,25,25,25,25,37,14,14,26,48,0,0],"gold":78,"neow_bonus":"RANDOM_COLORLESS_2","is_daily":false,"chose_seed":false,"campfire_upgraded":1,"win_rate":0.0,"timestamp":1613261874,"path_taken":["M","?","?","?","?","E","M","R","T","?","M","E","$","M","R","BOSS"],"items_purchased_type":["Relic"],"build_version":"2020-12-22","purchased_purges":1,"victory":false,"max_hp_per_floor":[75,75,75,75,75,75,75,75,75,75,75,75,75,75,75,75,75],"card_choices":[{"not_picked":["Panache","Thinking Ahead"],"picked":"Secret Technique","floor":0},{"not_picked":["Conserve Battery","Leap"],"picked":"Beam Cell","floor":1},{"not_picked":["Genetic Algorithm","Rip and Tear"],"picked":"Hologram","floor":6},{"not_picked":["Reprogram","Melter"],"picked":"Beam Cell","floor":7},{"not_picked":["Aggregate","Force Field"],"picked":"Glacier","floor":11},{"not_picked":["Aggregate","Melter"],"picked":"Beam Cell","floor":12},{"not_picked":["Steam Power","Rebound"],"picked":"Steam","floor":14}],"player_experience":301526,"relics_obtained":[{"floor":6,"key":"InkBottle"},{"floor":9,"key":"Bottled Flame"},{"floor":12,"key":"Vajra"}],"event_choices":[{"cards_removed":["Writhe"],"damage_healed":0,"gold_gain":0,"player_choice":"Card Removal","damage_taken":7,"max_hp_gain":0,"max_hp_loss":0,"event_name":"Golden Wing","floor":2,"gold_loss":0},{"damage_healed":0,"gold_gain":175,"player_choice":"AGREE","damage_taken":0,"max_hp_gain":0,"max_hp_loss":0,"event_name":"Liars Game","floor":3,"gold_loss":0,"cards_obtained":["Doubt"]},{"damage_healed":0,"gold_gain":0,"player_choice":"Entered Light","damage_taken":15,"max_hp_gain":0,"max_hp_loss":0,"event_name":"Shining Light","floor":4,"gold_loss":0,"cards_upgraded":["Beam Cell","Defend_B"]},{"damage_healed":0,"gold_gain":0,"player_choice":"Box","damage_taken":0,"relics_obtained":["Centennial Puzzle"],"max_hp_gain":0,"max_hp_loss":0,"event_name":"Big Fish","floor":5,"gold_loss":0,"cards_obtained":["Regret"]}],"is_beta":false,"boss_relics":[],"items_purged_floors":[10],"is_endless":false,"potions_floor_spawned":[1,11,12],"killed_by":"Slime Boss","ascension_level":5}}