{"host":"i9o21tdcc8l3o4rw","time":1613302127,"event":{"mods":["2.2 Compatiblity","Act Like it!","BaseMod","BetterRewards","Colored Map","Colored Powertips","Hubris","Infinite Spire","Jorbs\u0027s Wanderer Trilogy","Marisa????????","Menagerie","Minty Spire (QoL Compilation)","Replay The Spire","Shop Mod","StSLib","The Bladedancer","The Exalted","The Servant 0.9.4","??????REMEMod"],"gold_per_floor":[117,134,26,40,52,78,78,133,133,133,38,38,38,104,104,199,299,311,311,311,330,7,7,21,35,61,61,61,61,81,93,93,93,93],"floor_reached":33,"playtime":6467,"items_purged":[],"score":245,"play_id":"cdbc5a03-eba1-459c-a575-0ce152ae5fc9","local_time":"20210214122847","is_ascension_mode":false,"campfire_choices":[{"floor":7,"key":"REST"},{"data":"stsjorbsmod:TollTheDead","floor":10,"key":"SMITH"},{"data":"stsjorbsmod:EyeOfTheStorm","floor":15,"key":"SMITH"},{"floor":23,"key":"REST"},{"floor":27,"key":"REST"},{"data":"infinitespire:DeathsTouch","floor":29,"key":"SMITH"},{"floor":32,"key":"REST"}],"circlet_count":0,"master_deck":["stsjorbsmod:ForbiddenGrimoire+1","stsjorbsmod:Strike_Wanderer","stsjorbsmod:Strike_Wanderer","stsjorbsmod:Strike_Wanderer","stsjorbsmod:Strike_Wanderer","stsjorbsmod:Defend_Wanderer","stsjorbsmod:Defend_Wanderer","stsjorbsmod:Defend_Wanderer","stsjorbsmod:Defend_Wanderer","stsjorbsmod:FreshAdventure","stsjorbsmod:EyeOfTheStorm+1","stsjorbsmod:Firebolt+1","stsjorbsmod:HedgeWizard","stsjorbsmod:ArcaneWeapon","stsjorbsmod:ArcaneWeapon","stsjorbsmod:TollTheDead+1","stsjorbsmod:TollTheDead","stsjorbsmod:ColorSpray","stsjorbsmod:Channel","stsjorbsmod:ChainLightning","stsjorbsmod:ParryingBlow","stsjorbsmod:Withdraw","stsjorbsmod:Mindworm+1","stsjorbsmod:Counterspell","ReplayTheSpireMod:Private Reserves","Panache","stsjorbsmod:AnimateObjects","stsjorbsmod:UnseenServant","stsjorbsmod:FlameWard","infinitespire:DeathsTouch+1","stsjorbsmod:ChainLightning","stsjorbsmod:Pyromancy"],"relics":["stsjorbsmod:GrimoireRelic","REME_ComplimentaryCards","NeowsBlessing","MealTicket","Mirror","Replay:Wanted Poster","Enchiridion","MutagenicStrength","Membership Card","Lantern","Bromod:ArcaneEnergize"],"acts_visited":["Exordium","TheCity"],"potions_floor_usage":[25,25,31,33,33],"damage_taken":[{"damage":0,"enemies":"Cultist","floor":1,"turns":1},{"damage":0,"enemies":"Jaw Worm","floor":2,"turns":1},{"damage":0,"enemies":"Small Slimes","floor":4,"turns":1},{"damage":5,"enemies":"3 Louse","floor":5,"turns":3},{"damage":16,"enemies":"Replay:BlueRogue","floor":6,"turns":4},{"damage":7,"enemies":"Slime Boss","floor":16,"turns":7},{"damage":24,"enemies":"Shell Parasite","floor":18,"turns":4},{"damage":0,"enemies":"3 Byrds","floor":21,"turns":3},{"damage":6,"enemies":"Snake Plant","floor":24,"turns":5},{"damage":23,"enemies":"Centurion and Healer","floor":25,"turns":6},{"damage":31,"enemies":"Sentry and Sphere","floor":30,"turns":5},{"damage":27,"enemies":"Snake Plant","floor":31,"turns":3},{"damage":43,"enemies":"Collector","floor":33,"turns":6}],"seed_played":"4518182042843628703","potions_obtained":[{"floor":1,"key":"Toxic Potion"},{"floor":4,"key":"infinitespire:BlackPotion"},{"floor":6,"key":"Weak Potion"},{"floor":21,"key":"SpeedPotion"},{"floor":25,"key":"SteroidPotion"},{"floor":31,"key":"SpeedPotion"}],"is_trial":false,"path_per_floor":["M","M","$","M","M","E","R","T","T","R","$","?","?","?","R","B",null,"M","?","?","M","$","R","M","M","T","R","AVR","R","M","M","R","B"],"character_chosen":"WANDERER","items_purchased":["stsjorbsmod:ArcaneWeapon","stsjorbsmod:TollTheDead","stsjorbsmod:ChainLightning","stsjorbsmod:ParryingBlow","Membership Card","ReplayTheSpireMod:Private Reserves","Panache","stsjorbsmod:AnimateObjects"],"campfire_rested":4,"item_purchase_floors":[3,3,11,11,22,22,22,22],"current_hp_per_floor":[68,70,70,70,70,56,74,74,74,74,74,74,74,74,74,68,74,51,35,35,37,52,74,71,49,49,71,71,71,41,14,36,0,0],"gold":93,"neow_bonus":"THREE_ENEMY_KILL","is_daily":false,"chose_seed":false,"campfire_upgraded":3,"win_rate":0.0,"timestamp":1613302127,"path_taken":["M","M","$","?","M","E","R","?","T","R","?","?","?","?","R","BOSS","M","?","?","M","$","R","M","M","T","R","AVR","R","M","?","R","BOSS"],"items_purchased_type":["Card","Card","Card","Card","Relic","Card","Card","Card"],"build_version":"2020-11-29","purchased_purges":0,"victory":false,"max_hp_per_floor":[68,70,70,70,74,74,74,74,74,74,74,74,74,74,74,74,74,74,74,74,74,74,74,74,74,74,74,74,74,74,74,74,74,74],"card_choices":[{"not_picked":["stsjorbsmod:ChatteringStrike","stsjorbsmod:MagicMirror"],"picked":"stsjorbsmod:Firebolt","floor":1},{"not_picked":["stsjorbsmod:BlackTentacles","stsjorbsmod:Index"],"picked":"stsjorbsmod:HedgeWizard","floor":2},{"not_picked":["stsjorbsmod:WanderingMind","stsjorbsmod:Counterspell"],"picked":"stsjorbsmod:TollTheDead","floor":4},{"not_picked":["stsjorbsmod:ParryingBlow","stsjorbsmod:UnseenServant"],"picked":"stsjorbsmod:ColorSpray","floor":5},{"not_picked":["stsjorbsmod:WanderingMind","stsjorbsmod:LoseGrip"],"picked":"stsjorbsmod:Channel","floor":6},{"not_picked":["stsjorbsmod:PurgeMind","stsjorbsmod:Feast"],"picked":"stsjorbsmod:Withdraw","floor":16},{"not_picked":["stsjorbsmod:UnseenServant+1","stsjorbsmod:Inferno"],"picked":"stsjorbsmod:Mindworm+1","floor":18},{"not_picked":["stsjorbsmod:Firebolt","stsjorbsmod:WeightOfMemory"],"picked":"stsjorbsmod:Counterspell","floor":21},{"not_picked":["stsjorbsmod:TollTheDead+1","stsjorbsmod:ColorSpray+1"],"picked":"stsjorbsmod:UnseenServant","floor":24},{"not_picked":["stsjorbsmod:Message","stsjorbsmod:Materialize"],"picked":"stsjorbsmod:FlameWard","floor":25},{"not_picked":["stsjorbsmod:Index","stsjorbsmod:OldPocket"],"picked":"stsjorbsmod:ChainLightning","floor":30},{"not_picked":["stsjorbsmod:Firebolt","stsjorbsmod:Materialize+1"],"picked":"stsjorbsmod:Pyromancy","floor":31}],"player_experience":124319,"relics_obtained":[{"floor":8,"key":"MealTicket"},{"floor":9,"key":"Mirror"},{"floor":19,"key":"Enchiridion"},{"floor":26,"key":"Lantern"}],"event_choices":[{"damage_healed":0,"gold_gain":0,"player_choice":"Ignored","damage_taken":0,"max_hp_gain":0,"max_hp_loss":0,"event_name":"Shining Light","floor":13,"gold_loss":0},{"damage_healed":0,"gold_gain":66,"player_choice":"Gained Gold","damage_taken":0,"max_hp_gain":0,"max_hp_loss":0,"event_name":"Golden Wing","floor":14,"gold_loss":0},{"damage_healed":0,"gold_gain":0,"player_choice":"Obtained Book","damage_taken":16,"max_hp_gain":0,"max_hp_loss":0,"event_name":"Cursed Tome","floor":19,"gold_loss":0},{"damage_healed":0,"gold_gain":0,"player_choice":"Inject Mutagens","damage_taken":0,"relics_obtained":["MutagenicStrength"],"max_hp_gain":0,"max_hp_loss":0,"event_name":"Drug Dealer","floor":20,"gold_loss":0}],"is_beta":false,"boss_relics":[{"not_picked":["Bromod:ArcaneBarrier","Black Star"],"picked":"Replay:Wanted Poster"}],"items_purged_floors":[],"is_endless":false,"potions_floor_spawned":[1,4,6,21,25,31],"killed_by":"Collector","ascension_level":0}}