{"host":"178rghtqlvp3zue2","time":1613264778,"event":{"mods":["2.2 Compatiblity","AchievementEnabler","BaseMod","DeckTracker","Minty Spire (QoL Compilation)","Quick Restart","SuperFastMode","The Servant 0.9.4"],"gold_per_floor":[114,124,124,136,154,183,183,203,203,222,241,241,256,290,290,388,388,405,420,420,434,454,454,454,488,515,515,515,532,463,494,494,594,594,608,72,90,90,0,20,46,46,71,85,100,100,110,123,123,123],"floor_reached":51,"language":"KOR","playtime":3969,"items_purged":[],"score":735,"play_id":"51b786e7-fba4-4301-82c6-7e5115f3c7d3","local_time":"20210214100618","is_ascension_mode":false,"campfire_choices":[{"data":"SilverBlades","floor":7,"key":"SMITH"},{"floor":12,"key":"REST"},{"data":"Ricochet","floor":15,"key":"SMITH"},{"floor":23,"key":"REST"},{"data":"MurderousAura","floor":27,"key":"SMITH"},{"floor":32,"key":"REST"},{"floor":42,"key":"REST"},{"data":"MurderousAura","floor":49,"key":"SMITH"}],"circlet_count":0,"master_deck":["Strike_S+1","Strike_S+1","Strike_S+1","Defend_S+1","Defend_S+1","Defend_S+1","KidneyShot","Exchange","FanOfKnives","Reset","SilverBlades+1","SpecialFormula","GearUp","RealityMarble","Ricochet+1","Dilation","SurpressingFire","Foresight","MurderousAura+1","WasteNot","Dramatic Entrance","MurderousAura+1","SilverBlades","Luminosity","ForgedInTime","MurderousAura","Potential+1","BestPractice","Luminosity+1","Starlight+1","Potential+1","BestPractice+1","Moonlight+1","Revamp+1","Misdirection+1"],"relics":["Uniform","NeowsBlessing","Oddly Smooth Stone","Dead Branch","PocketWatch","Bird Faced Urn","SacredBark","Matryoshka","Kunai","Akabeko","Anchor","Mercury Hourglass","Toy Ornithopter","Mummified Hand","Empty Cage","Toxic Egg 2","Letter Opener","Red Mask","Turnip","Bronze Scales"],"acts_visited":["Exordium","TheCity","TheBeyond"],"potions_floor_usage":[14,16,21,21,25,31,33],"damage_taken":[{"damage":0,"enemies":"Jaw Worm","floor":1,"turns":1},{"damage":0,"enemies":"Cultist","floor":2,"turns":1},{"damage":0,"enemies":"2 Louse","floor":4,"turns":1},{"damage":7,"enemies":"Red Slaver","floor":5,"turns":3},{"damage":18,"enemies":"Gremlin Nob","floor":6,"turns":4},{"damage":7,"enemies":"3 Louse","floor":8,"turns":3},{"damage":8,"enemies":"Exordium Wildlife","floor":10,"turns":7},{"damage":22,"enemies":"Lots of Slimes","floor":11,"turns":4},{"damage":5,"enemies":"3 Louse","floor":13,"turns":3},{"damage":0,"enemies":"Lagavulin","floor":14,"turns":11},{"damage":16,"enemies":"Hexaghost","floor":16,"turns":18},{"damage":12,"enemies":"Shell Parasite","floor":18,"turns":10},{"damage":37,"enemies":"Spheric Guardian","floor":19,"turns":17},{"damage":19,"enemies":"Snake Plant","floor":21,"turns":6},{"damage":4,"enemies":"Centurion and Healer","floor":22,"turns":7},{"damage":28,"enemies":"Book of Stabbing","floor":25,"turns":6},{"damage":13,"enemies":"Chosen and Byrds","floor":29,"turns":8},{"damage":30,"enemies":"Slavers","floor":31,"turns":3},{"damage":40,"enemies":"Automaton","floor":33,"turns":11},{"damage":0,"enemies":"3 Shapes","floor":35,"turns":2},{"damage":18,"enemies":"3 Darklings","floor":37,"turns":3},{"damage":2,"enemies":"Sphere and 2 Shapes","floor":40,"turns":5},{"damage":45,"enemies":"Nemesis","floor":41,"turns":5},{"damage":3,"enemies":"4 Shapes","floor":44,"turns":5},{"damage":3,"enemies":"3 Darklings","floor":45,"turns":5},{"damage":5,"enemies":"Maw","floor":47,"turns":7},{"damage":10,"enemies":"4 Shapes","floor":48,"turns":6},{"damage":68,"enemies":"Donu and Deca","floor":50,"turns":8}],"seed_played":"6680728350393301131","potions_obtained":[{"floor":1,"key":"Dexterity Potion"},{"floor":10,"key":"DistilledChaos"},{"floor":11,"key":"EssenceOfSteel"},{"floor":14,"key":"AttackPotion"},{"floor":19,"key":"Swift Potion"},{"floor":25,"key":"CultistPotion"},{"floor":29,"key":"AttackPotion"},{"floor":40,"key":"PowerPotion"},{"floor":48,"key":"BlessingOfTheForge"}],"is_trial":false,"path_per_floor":["M","M","?","M","M","E","R","M","T","M","M","R","M","E","R","B",null,"M","M","?","M","M","R","?","E","T","R","T","M","?","E","R","B",null,"M","$","M","$","?","M","E","R","T","M","M","$","M","M","R","B",null],"character_chosen":"THE_SERVANT","items_purchased":["BestPractice","Toxic Egg 2","Letter Opener"],"campfire_rested":4,"item_purchase_floors":[36,36,36],"current_hp_per_floor":[65,65,65,65,58,40,40,38,38,35,13,32,32,37,37,36,65,64,30,18,14,25,44,44,30,30,30,30,33,33,16,35,23,65,65,65,56,56,56,65,26,45,45,65,65,65,60,65,65,21],"gold":123,"neow_bonus":"THREE_ENEMY_KILL","is_daily":false,"chose_seed":false,"campfire_upgraded":4,"win_rate":0.0,"timestamp":1613264778,"path_taken":["M","M","?","?","?","E","R","M","T","?","M","R","M","E","R","BOSS","M","M","?","?","M","R","?","E","T","R","?","?","?","E","R","BOSS","M","?","?","?","?","M","E","R","T","M","M","$","M","M","R","BOSS"],"items_purchased_type":["Card","Relic","Relic"],"build_version":"2020-12-22","purchased_purges":0,"victory":true,"max_hp_per_floor":[65,65,65,65,65,65,65,65,65,65,65,65,65,65,65,65,65,65,65,65,65,65,65,65,65,65,65,65,65,65,65,65,65,65,65,65,65,65,65,65,65,65,65,65,65,65,65,65,65,65],"card_choices":[{"not_picked":["Unruled","BottledTime"],"picked":"FanOfKnives","floor":1},{"not_picked":["ShiftingGears","DoubleEdge"],"picked":"Reset","floor":2},{"not_picked":["BottledTime","ShatteredReality"],"picked":"SilverBlades","floor":4},{"not_picked":["FastForward","DualDimension"],"picked":"SpecialFormula","floor":5},{"not_picked":["Comet","BottledTime"],"picked":"GearUp","floor":6},{"not_picked":["ShatteredReality","Alleviate"],"picked":"RealityMarble","floor":8},{"not_picked":["Replace","BottledTime"],"picked":"Ricochet","floor":10},{"not_picked":["Sabotage","Unruled"],"picked":"Dilation","floor":11},{"not_picked":["Rewind","Unruled"],"picked":"SurpressingFire","floor":13},{"not_picked":["ShatteredReality","Barrier"],"picked":"Foresight","floor":14},{"not_picked":["Deny","Initiator"],"picked":"MurderousAura","floor":16},{"not_picked":["Starlight","TimeWarp"],"picked":"WasteNot","floor":18},{"not_picked":["Ricochet","TimeWarp","DoubleEdge"],"picked":"SKIP","floor":19},{"not_picked":["Defy+1","FastForward"],"picked":"MurderousAura","floor":21},{"not_picked":["ReturningBlade","Unruled","Rewind"],"picked":"SKIP","floor":22},{"not_picked":["Initiator","SpecialFormula+1"],"picked":"SilverBlades","floor":25},{"not_picked":["ShatteredReality+1","Unruled+1"],"picked":"Luminosity","floor":29},{"not_picked":["Defy","PendulumOfEternity"],"picked":"ForgedInTime","floor":31},{"not_picked":["ForgedInTime","PendulumOfEternity"],"picked":"MurderousAura","floor":33},{"not_picked":["Alleviate+1","FastForward"],"picked":"Potential+1","floor":35},{"not_picked":["Rearm+1","DoubleEdge"],"picked":"Luminosity+1","floor":37},{"not_picked":["Snipe","SurpressingFire"],"picked":"Starlight+1","floor":40},{"not_picked":["Foresight+1","FanOfKnives+1"],"picked":"Potential+1","floor":41},{"not_picked":["Alleviate+1","Snipe+1"],"picked":"BestPractice+1","floor":44},{"not_picked":["Ricochet+1","Replace+1"],"picked":"Moonlight+1","floor":45},{"not_picked":["Comet+1","Ricochet"],"picked":"Revamp+1","floor":47},{"not_picked":["DoubleEdge+1","Potential+1"],"picked":"Misdirection+1","floor":48}],"player_experience":269219,"relics_obtained":[{"floor":3,"key":"Oddly Smooth Stone"},{"floor":6,"key":"Dead Branch"},{"floor":9,"key":"PocketWatch"},{"floor":14,"key":"Bird Faced Urn"},{"floor":25,"key":"Matryoshka"},{"floor":26,"key":"Kunai"},{"floor":26,"key":"Akabeko"},{"floor":28,"key":"Anchor"},{"floor":28,"key":"Mercury Hourglass"},{"floor":31,"key":"Mummified Hand"},{"floor":41,"key":"Turnip"},{"floor":43,"key":"Bronze Scales"}],"event_choices":[{"damage_healed":0,"gold_gain":0,"player_choice":"Relic","damage_taken":0,"max_hp_gain":0,"max_hp_loss":0,"event_name":"Wheel of Change","floor":3,"gold_loss":0},{"damage_healed":0,"gold_gain":0,"player_choice":"CARD ","damage_taken":12,"max_hp_gain":0,"max_hp_loss":0,"event_name":"Knowing Skull","floor":20,"potions_obtained":[],"gold_loss":0,"cards_obtained":["Dramatic Entrance"]},{"damage_healed":0,"gold_gain":0,"player_choice":"Simplicity","damage_taken":0,"max_hp_gain":0,"max_hp_loss":0,"event_name":"Back to Basics","floor":24,"gold_loss":0,"cards_upgraded":["Strike_S","Strike_S","Strike_S","Strike_S","Defend_S","Defend_S","Defend_S","Defend_S"]},{"damage_healed":0,"gold_gain":0,"player_choice":"Paid Gold","damage_taken":0,"relics_obtained":["Toy Ornithopter"],"max_hp_gain":0,"max_hp_loss":0,"event_name":"WeMeetAgain","floor":30,"gold_loss":69},{"damage_healed":0,"gold_gain":0,"player_choice":"Paid","damage_taken":0,"relics_obtained":["Red Mask"],"max_hp_gain":0,"max_hp_loss":0,"event_name":"Tomb of Lord Red Mask","floor":39,"gold_loss":90}],"is_beta":false,"boss_relics":[{"not_picked":["Runic Dome","Snecko Eye"],"picked":"SacredBark"},{"not_picked":["MysterySword","Cursed Key"],"picked":"Empty Cage"}],"items_purged_floors":[],"is_endless":false,"potions_floor_spawned":[1,10,11,14,19,25,29,40,48],"ascension_level":0}}