{"host":"v9duy90nce28uent","time":1613320145,"event":{"mods":["BaseMod","Colored Map","Colored Powertips","Conspire","Downfall","Hermit","Highlight Path","Infinite Spire","Minty Spire (QoL Compilation)","Quick Restart","Rare Cards Sparkle","Replay The Spire","StSLib","The Cursed","The Disciple","The Hierophant","The Runesmith"],"gold_per_floor":[110,133,148,163,18,18,293,326,326,342,421,421,432,450,450,548,548,559,634,317,334,334,334,347,359,359,359,459,459,490,517,517,529,529],"floor_reached":33,"language":"ENG","playtime":4093,"items_purged":["TheCursedMod:Defend_TheCursed","TheCursedMod:Defend_TheCursed"],"score":247,"play_id":"e888bc01-cb23-413d-ae8d-32a0a6eca4bc","local_time":"20210214112905","is_ascension_mode":false,"campfire_choices":[{"data":"TheCursedMod:HellsGateOpen","floor":6,"key":"SMITH"},{"data":"TheCursedMod:CleanUpWorkshop","floor":12,"key":"SMITH"},{"floor":15,"key":"REST"},{"floor":23,"key":"REST"},{"data":"TheCursedMod:HellfireBreathing","floor":27,"key":"SMITH"},{"data":"TheCursedMod:BloodBarrier","floor":29,"key":"SMITH"},{"floor":32,"key":"REST"}],"circlet_count":0,"master_deck":["TheCursedMod:Defend_TheCursed","TheCursedMod:Defend_TheCursed","TheCursedMod:CursedWand","TheCursedMod:CleanUpWorkshop+1","TheCursedMod:Dregs","TheCursedMod:SmokeScreen","TheCursedMod:Evocation","TheCursedMod:HellsGateOpen+1","TheCursedMod:SpitefulPlan","Regret","TheCursedMod:SpitefulStrike","TheCursedMod:DoubleShield","TheCursedMod:BloodBarrier+1","TheCursedMod:CircleOfAbyss","TheCursedMod:FleshFromBone+1","TheCursedMod:ManaBullet","TheCursedMod:DarkBarrier","TheCursedMod:SmokeScreen","Slimebound:Tackle+1","Slimebound:Tackle+1","Slimebound:Tackle+1","TheCursedMod:RapidMovement","TheCursedMod:HellfireBreathing+1","TheCursedMod:CursedStaff","TheCursedMod:WearCloak"],"relics":["TheCursedMod:BlackMagic101","NeowsBlessing","Happy Flower","Calipers","infinitespire:CheckeredPen","infinitespire:BottledMercury","conspire:SpecialSausage","Bird Faced Urn","WingedGreaves","Question Card","Replay:Bandana"],"acts_visited":["Exordium","TheCity"],"potions_floor_usage":[18,28,28,30,33],"damage_taken":[{"damage":0,"enemies":"Cultist","floor":1,"turns":1},{"damage":0,"enemies":"Jaw Worm","floor":3,"turns":1},{"damage":0,"enemies":"conspire:RoseBush","floor":4,"turns":1},{"damage":20,"enemies":"3 Sentries","floor":8,"turns":7},{"damage":0,"enemies":"2 Fungi Beasts","floor":10,"turns":3},{"damage":5,"enemies":"Large Slime","floor":13,"turns":5},{"damage":8,"enemies":"Exordium Thugs","floor":14,"turns":4},{"damage":21,"enemies":"The Guardian","floor":16,"turns":12},{"damage":18,"enemies":"3 Byrds","floor":18,"turns":5},{"damage":4,"enemies":"Spheric Guardian","floor":21,"turns":4},{"damage":1,"enemies":"Snecko","floor":24,"turns":5},{"damage":10,"enemies":"3 Cultists","floor":25,"turns":6},{"damage":18,"enemies":"Colosseum Slavers","floor":28,"turns":4},{"damage":0,"enemies":"Colosseum Nobs","floor":28,"turns":5},{"damage":14,"enemies":"conspire:MimicChest","floor":30,"turns":6},{"damage":21,"enemies":"Snake Plant","floor":31,"turns":5},{"damage":57,"enemies":"Collector","floor":33,"turns":8}],"seed_played":"2634334518780794343","potions_obtained":[{"floor":3,"key":"hexamod:SoulburnPotion"},{"floor":10,"key":"BlessingOfTheForge"},{"floor":13,"key":"Weak Potion"},{"floor":24,"key":"Cursed Concoction"},{"floor":28,"key":"DistilledChaos"},{"floor":31,"key":"Languid Potion"}],"is_trial":false,"path_per_floor":["M","T","M","M","$","R","?","E","T","M","T","R","M","M","R","B",null,"M","?","$","M","?","R","M","M","T","R","?","R","?","M","R","B"],"character_chosen":"THE_CURSED","items_purchased":["TheCursedMod:SpitefulPlan","TheCursedMod:ManaBullet","TheCursedMod:DarkBarrier"],"campfire_rested":3,"item_purchase_floors":[5,20,20],"current_hp_per_floor":[75,75,75,75,75,75,75,55,55,55,55,55,50,42,64,43,75,57,50,50,46,46,68,67,57,57,57,51,51,43,28,50,0,0],"gold":529,"neow_bonus":"THREE_ENEMY_KILL","is_daily":false,"chose_seed":false,"campfire_upgraded":4,"win_rate":0.0,"timestamp":1613320145,"path_taken":["M","?","M","?","$","R","?","E","T","?","?","R","M","M","R","BOSS","M","?","$","?","?","R","M","M","T","R","?","R","?","?","R","BOSS"],"items_purchased_type":["Card","Card","Card"],"build_version":"2020-12-22","purchased_purges":2,"victory":false,"max_hp_per_floor":[75,75,75,75,75,75,75,75,75,75,75,75,75,75,75,75,75,75,75,75,75,75,75,75,75,75,75,75,75,75,75,75,75,75],"card_choices":[{"not_picked":["TheCursedMod:StingEye","TheCursedMod:Stretching"],"picked":"TheCursedMod:SmokeScreen","floor":1},{"not_picked":["TheCursedMod:CircleOfCorruption","TheCursedMod:SurpriseAttack"],"picked":"TheCursedMod:Evocation","floor":3},{"not_picked":["TheCursedMod:Wield","TheCursedMod:StingEye"],"picked":"TheCursedMod:HellsGateOpen","floor":4},{"not_picked":["TheCursedMod:VitalStrike","TheCursedMod:SurpriseAttack"],"picked":"TheCursedMod:SpitefulStrike","floor":8},{"not_picked":["TheCursedMod:TroublousMinions","TheCursedMod:SpreadPlague"],"picked":"TheCursedMod:DoubleShield","floor":10},{"not_picked":["TheCursedMod:VitalStrike","TheCursedMod:Stigma","TheCursedMod:TacticalStrike"],"picked":"SKIP","floor":13},{"not_picked":["TheCursedMod:SmokeScreen","TheCursedMod:RavingStaff"],"picked":"TheCursedMod:BloodBarrier","floor":14},{"not_picked":["TheCursedMod:CollectTribute","TheCursedMod:ManaCirculation"],"picked":"TheCursedMod:CircleOfAbyss","floor":16},{"not_picked":["TheCursedMod:SoulCrush+1","TheCursedMod:RapidMovement"],"picked":"TheCursedMod:FleshFromBone+1","floor":18},{"not_picked":["TheCursedMod:CursedShiv","TheCursedMod:SoulReap"],"picked":"TheCursedMod:SmokeScreen","floor":21},{"not_picked":["TheCursedMod:CursedShiv","TheCursedMod:AshesToAshes"],"picked":"TheCursedMod:RapidMovement","floor":24},{"not_picked":["TheCursedMod:ReleasedKnowledge","TheCursedMod:ReleasedStrength"],"picked":"TheCursedMod:HellfireBreathing","floor":25},{"not_picked":["TheCursedMod:CursedMace","TheCursedMod:AshesToAshes"],"picked":"TheCursedMod:CursedStaff","floor":28},{"not_picked":["TheCursedMod:CursedAmulet","TheCursedMod:Grudge","TheCursedMod:CursedShiv"],"picked":"TheCursedMod:WearCloak","floor":31}],"player_experience":105184,"relics_obtained":[{"floor":2,"key":"Happy Flower"},{"floor":8,"key":"Calipers"},{"floor":9,"key":"infinitespire:CheckeredPen"},{"floor":11,"key":"infinitespire:BottledMercury"},{"floor":26,"key":"Bird Faced Urn"},{"floor":28,"key":"WingedGreaves"},{"floor":28,"key":"Question Card"},{"floor":30,"key":"Replay:Bandana"}],"event_choices":[{"damage_healed":0,"gold_gain":275,"player_choice":"Desecrate","damage_taken":0,"max_hp_gain":0,"max_hp_loss":0,"event_name":"Golden Shrine","floor":7,"gold_loss":0,"cards_obtained":["Regret"]},{"damage_healed":0,"gold_gain":75,"player_choice":"Touch","damage_taken":7,"max_hp_gain":0,"max_hp_loss":0,"event_name":"FaceTrader","floor":19,"gold_loss":0},{"damage_healed":0,"gold_gain":0,"player_choice":"Fight","damage_taken":0,"max_hp_gain":0,"max_hp_loss":0,"event_name":"Colosseum","floor":28,"gold_loss":0},{"damage_healed":0,"gold_gain":0,"player_choice":"Fought Nobs","damage_taken":0,"max_hp_gain":0,"max_hp_loss":0,"event_name":"Colosseum","floor":28,"gold_loss":0}],"is_beta":false,"boss_relics":[{"not_picked":["Velvet Choker","Astrolabe"],"picked":"conspire:SpecialSausage"}],"items_purged_floors":[5,20],"is_endless":false,"potions_floor_spawned":[3,10,13,14,24,28,31],"killed_by":"Collector","ascension_level":0}}