{"host":"8vqkh0x3c7vpgzzm","time":1613315074,"event":{"mods":["AchievementEnabler","BaseMod","Colored Map","Colored Powertips","Curses Come First","DeckTracker","Highlight Path","Minty Spire (QoL Compilation)","Permanent Neow","Quick Restart","Random Character Mod","Rare Cards Sparkle","Relic Sorter","Relic Stats","StSLib","SuperFastMode","Unceasing Turn Reminder","egg","everything is the same but u backflip on backflip"],"gold_per_floor":[115,131,145,70,90,123,134,54,54,65,97,97,97,126,126,126,126],"floor_reached":16,"language":"ENG","playtime":325,"items_purged":["Strike_R","Strike_R"],"score":122,"play_id":"14035a03-65e7-48c6-8236-1808ac4051c7","local_time":"20210214160434","is_ascension_mode":false,"campfire_choices":[{"data":"Dual Wield","floor":13,"key":"SMITH"},{"data":"Strike_R","floor":15,"key":"SMITH"}],"circlet_count":0,"master_deck":["Strike_R","Strike_R","Strike_R+1","Defend_R","Defend_R","Defend_R","Defend_R","Bash+1","Dual Wield+1"],"relics":["Burning Blood","The Courier","Letter Opener","Toy Ornithopter","Mercury Hourglass"],"acts_visited":["Exordium"],"potions_floor_usage":[6,11,11],"damage_taken":[{"damage":6,"enemies":"Cultist","floor":1,"turns":3},{"damage":5,"enemies":"2 Louse","floor":2,"turns":3},{"damage":7,"enemies":"Small Slimes","floor":3,"turns":3},{"damage":8,"enemies":"2 Fungi Beasts","floor":5,"turns":4},{"damage":14,"enemies":"Gremlin Nob","floor":6,"turns":3},{"damage":19,"enemies":"Exordium Wildlife","floor":7,"turns":7},{"damage":15,"enemies":"Red Slaver","floor":10,"turns":4},{"damage":14,"enemies":"Lagavulin","floor":11,"turns":7},{"damage":25,"enemies":"Gremlin Nob","floor":14,"turns":4},{"damage":0,"enemies":"The Guardian","floor":16,"turns":3}],"seed_played":"5038421098149653554","potions_obtained":[{"floor":1,"key":"Dexterity Potion"},{"floor":2,"key":"AttackPotion"},{"floor":6,"key":"ColorlessPotion"},{"floor":11,"key":"Regen Potion"},{"floor":14,"key":"Swift Potion"}],"is_trial":false,"path_per_floor":["M","M","M","$","M","E","M","$","T","M","E","?","R","E","R","B"],"character_chosen":"IRONCLAD","items_purchased":[],"campfire_rested":0,"item_purchase_floors":[],"current_hp_per_floor":[80,80,79,79,77,69,56,56,56,47,39,39,39,20,20,20,20],"gold":126,"neow_bonus":"UPGRADE_CARD","is_daily":false,"chose_seed":false,"campfire_upgraded":2,"win_rate":0.0,"timestamp":1613315074,"path_taken":["M","?","M","$","M","E","M","$","T","M","E","?","R","E","R","BOSS"],"items_purchased_type":[],"build_version":"2020-12-22","purchased_purges":2,"victory":false,"max_hp_per_floor":[80,80,80,80,80,80,80,80,80,80,80,80,80,80,80,80,80],"relic_stats":{"counters":[10,41],"Letter Opener":[10],"obtain_stats":[{"The Courier":6,"Letter Opener":9,"Burning Blood":0,"Toy Ornithopter":11,"Mercury Hourglass":14},{"The Courier":5,"Letter Opener":6,"Burning Blood":0,"Toy Ornithopter":8,"Mercury Hourglass":9},{"The Courier":16,"Letter Opener":23,"Burning Blood":0,"Toy Ornithopter":34,"Mercury Hourglass":38}],"Burning Blood":53,"Toy Ornithopter":0,"Mercury Hourglass":[6]},"card_choices":[{"not_picked":["Warcry","True Grit"],"picked":"Dual Wield","floor":1},{"not_picked":["Body Slam","Armaments","Carnage"],"picked":"SKIP","floor":2},{"not_picked":["Thunderclap","Uppercut","True Grit"],"picked":"SKIP","floor":3},{"not_picked":["Armaments","Rage","Double Tap"],"picked":"SKIP","floor":5},{"not_picked":["Cleave","Rupture","Fire Breathing"],"picked":"SKIP","floor":6},{"not_picked":["Burning Pact","Blood for Blood","Shrug It Off"],"picked":"SKIP","floor":7},{"not_picked":["Disarm","Rupture","Cleave"],"picked":"SKIP","floor":10},{"not_picked":["Combust","Headbutt","Flex"],"picked":"SKIP","floor":11},{"not_picked":["Armaments","Shrug It Off","Clash"],"picked":"SKIP","floor":14}],"player_experience":561646,"relics_obtained":[{"floor":6,"key":"The Courier"},{"floor":9,"key":"Letter Opener"},{"floor":11,"key":"Toy Ornithopter"},{"floor":14,"key":"Mercury Hourglass"}],"event_choices":[{"damage_healed":0,"gold_gain":0,"player_choice":"Ignored","damage_taken":0,"max_hp_gain":0,"max_hp_loss":0,"event_name":"NoteForYourself","floor":12,"gold_loss":0}],"is_beta":false,"boss_relics":[],"items_purged_floors":[4,8],"is_endless":false,"potions_floor_spawned":[1,2,6,11,14],"killed_by":"The Guardian","ascension_level":0}}