{"host":"skr63qsdfgeey3it","time":1613267105,"event":{"mods":["BaseMod","Colored Map","Hubris","Minty Spire (QoL Compilation)","Monster B Gone","Reliquary","Replay The Spire","Spicy Shops","StSLib"],"gold_per_floor":[20,20,170,170,188,188,214,179,179,179,254,63,81,97,97,97,97],"floor_reached":16,"language":"ENG","playtime":1426,"items_purged":[],"score":172,"play_id":"496f6818-4e4a-4dda-a7fa-905e246fe93a","local_time":"20210213194505","is_ascension_mode":true,"campfire_choices":[{"data":"hubris:EnhanceAbility","floor":6,"key":"SMITH"},{"data":"Zap","floor":10,"key":"SMITH"},{"floor":15,"key":"REST"}],"circlet_count":0,"master_deck":["AscendersBane","Strike_B","Strike_B","Strike_B","Strike_B","Defend_B","Defend_B","Defend_B","Defend_B","Zap+1","Dualcast","hubris:EnhanceAbility+1","Capacitor","Doubt","Conserve Battery","Leap","Apotheosis","hubris:PowerSurge"],"relics":["Cracked Core","hubris:Towel","reliquary:PorcupineQuills","Centennial Puzzle"],"acts_visited":["Exordium"],"potions_floor_usage":[7,16],"damage_taken":[{"damage":9,"enemies":"2 Louse","floor":1,"turns":2},{"damage":0,"enemies":"Small Slimes","floor":5,"turns":4},{"damage":25,"enemies":"Lagavulin","floor":7,"turns":6},{"damage":16,"enemies":"Jaw Worm","floor":13,"turns":3},{"damage":11,"enemies":"3 Louse","floor":14,"turns":3},{"damage":0,"enemies":"Hexaghost","floor":16,"turns":9}],"seed_played":"-7666435657810148153","potions_obtained":[{"floor":1,"key":"Languid Potion"},{"floor":5,"key":"PowerPotion"},{"floor":13,"key":"Explosive Potion"}],"is_trial":false,"path_per_floor":["M","?","?","?","M","R","E","?","T","R","?","$","M","M","R","B"],"character_chosen":"DEFECT","items_purchased":["Apotheosis"],"campfire_rested":1,"item_purchase_floors":[12],"current_hp_per_floor":[55,55,55,55,55,55,30,47,47,47,36,36,20,9,30,30,30],"gold":97,"neow_bonus":"RANDOM_COLORLESS_2","is_daily":false,"chose_seed":false,"campfire_upgraded":2,"win_rate":0.0,"timestamp":1613267105,"path_taken":["M","?","?","?","M","R","E","?","T","R","?","$","M","M","R","BOSS"],"items_purchased_type":["Card"],"build_version":"2020-12-22","purchased_purges":0,"victory":false,"max_hp_per_floor":[71,71,71,71,71,71,71,71,71,71,71,71,71,71,71,71,71],"card_choices":[{"not_picked":["Transmutation","ReplayTheSpireMod:Necrogeddon"],"picked":"hubris:EnhanceAbility","floor":0},{"not_picked":["ReplayGash","Steam Power"],"picked":"Capacitor","floor":1},{"not_picked":["Rebound","BootSequence"],"picked":"Conserve Battery","floor":5},{"not_picked":["Fusion","Reprogram"],"picked":"Leap","floor":7},{"not_picked":["Cold Snap","Beam Cell"],"picked":"hubris:PowerSurge","floor":13},{"not_picked":["Heatsinks","Steam Power","Leap"],"picked":"SKIP","floor":14}],"player_experience":967686,"relics_obtained":[{"floor":7,"key":"reliquary:PorcupineQuills"},{"floor":9,"key":"Centennial Puzzle"}],"event_choices":[{"damage_healed":0,"gold_gain":150,"player_choice":"AGREE","damage_taken":0,"max_hp_gain":0,"max_hp_loss":0,"event_name":"Liars Game","floor":3,"gold_loss":0,"cards_obtained":["Doubt"]},{"damage_healed":17,"gold_gain":0,"player_choice":"Healed","damage_taken":0,"max_hp_gain":0,"max_hp_loss":0,"event_name":"The Cleric","floor":8,"gold_loss":35},{"damage_healed":0,"gold_gain":75,"player_choice":"Gather Gold","damage_taken":11,"max_hp_gain":0,"max_hp_loss":0,"event_name":"World of Goop","floor":11,"gold_loss":0}],"is_beta":false,"boss_relics":[],"items_purged_floors":[],"is_endless":false,"potions_floor_spawned":[1,5,13,14],"killed_by":"Hexaghost","ascension_level":15}}