{"host":"ydh61a5ftgdajrbo","time":1613325427,"event":{"mods":["BaseMod","Colored Map","Colored Powertips","DeckTracker","Downfall","Hermit","Hubris","Koishi","Minty Spire (QoL Compilation)","Prisma Mod","Relic Stats","Spire Arcade","StSLib","SuperFastMode","The Cursed","The Jungle","The Mystic","The Runesmith","The Senshi","The Servant 0.9.4","WarShipGirlsR/??¤Ö¤kR mod"],"gold_per_floor":[112,112,130,130,130,130,153,153,203,247,397,413,413,240,240,359,359,377,302,81,122,145,185,185,209,290,331,355,355,355,133,133,257,257,277,277,303,321,321,362,362,405,405,254,270,295,50,66,66,66],"floor_reached":51,"language":"ZHS","playtime":2684,"items_purged":["theSenshi:SailorKick","theSenshi:SailorKick"],"score":841,"play_id":"5d983ca3-ba25-4161-b068-54e980f66734","local_time":"20210215015707","is_ascension_mode":false,"campfire_choices":[{"data":"theSenshi:MoonPrismPowerMakeUp","floor":6.0,"key":"SMITH"},{"data":"theSenshi:InTheNickOfTime","floor":8.0,"key":"SMITH"},{"data":"theSenshi:SailorMarsAssists","floor":15.0,"key":"SMITH"},{"data":"theSenshi:UranusStrength","floor":24.0,"key":"SMITH"},{"data":"theSenshi:IWillPunishYou","floor":32.0,"key":"SMITH"},{"floor":41.0,"key":"REST"},{"floor":49,"key":"REST"}],"circlet_count":0,"master_deck":["theSenshi:SailorKick","theSenshi:SailorKick","theSenshi:SailorBlock","theSenshi:SailorBlock","theSenshi:SailorBlock","theSenshi:RoseThrow+1","theSenshi:MoonPrismPowerMakeUp+1","theSenshi:InTheNickOfTime+1","theSenshi:MercurysCunning","theSenshi:MoonPunch","theSenshi:SailorChibiMoonAssists","theSenshi:ChibiMoonsLove","theSenshi:SailorMarsAssists+1","theSenshi:IWillPunishYou+1","CurseOfTheBell","theSenshi:TallSilhouette","theSenshi:UranusStrength+1","theSenshi:SchoolBag+1","theSenshi:MoonTwilightFlash+1","theSenshi:MoonCosmicPowerMakeUp+1","theSenshi:LunasBite+1","theSenshi:MoonPrincessHalation+1","theSenshi:SailorVenusAssists","theSenshi:SailorMarsAssists","theSenshi:MoonCosmicPowerMakeUp+1","theSenshi:SailorChibiMoonAssists+1","theSenshi:SilverMoonCrystalPowerKiss","Parasite","theSenshi:MoonPunch+1"],"relics":["theSenshi:TransformationBroochRelic","Golden Idol","Bronze Scales","Unceasing Top","Letter Opener","Lantern","Calling Bell","Juzu Bracelet","bronze:DecasWashers","Incense Burner","theSenshi:TiaraRelic","Red Mask","Toy Ornithopter","Slimebound:PreparedRelic","Tiny Chest","InkBottle","Strawberry","Fusion Hammer","theSenshi:CosmicHeartCompactRelic","theSenshi:SailorFukuRelic","Slimebound:StickyStick","hubris:BottledRain","Pen Nib"],"acts_visited":["Exordium","TheCity","TheBeyond"],"potions_floor_usage":[42,50,50,50,50],"damage_taken":[{"damage":0.0,"enemies":"2 Louse","floor":1.0,"turns":3.0},{"damage":0.0,"enemies":"Jaw Worm","floor":3.0,"turns":3.0},{"damage":0.0,"enemies":"Cultist","floor":7.0,"turns":4.0},{"damage":9.0,"enemies":"3 Sentries","floor":10.0,"turns":6.0},{"damage":0.0,"enemies":"2 Fungi Beasts","floor":12.0,"turns":2.0},{"damage":39.0,"enemies":"The Guardian","floor":16.0,"turns":10.0},{"damage":8.0,"enemies":"Shell Parasite","floor":18.0,"turns":4.0},{"damage":14.0,"enemies":"Masked Bandits","floor":21.0,"turns":5.0},{"damage":0.0,"enemies":"Spheric Guardian","floor":22.0,"turns":5.0},{"damage":19.0,"enemies":"Gremlin Leader","floor":23.0,"turns":6.0},{"damage":7.0,"enemies":"Cultist and Chosen","floor":25.0,"turns":6.0},{"damage":2.0,"enemies":"Book of Stabbing","floor":27.0,"turns":5.0},{"damage":20.0,"enemies":"Sentry and Sphere","floor":28.0,"turns":6.0},{"damage":17.0,"enemies":"hubris:MusketHawk","floor":33.0,"turns":7.0},{"damage":0.0,"enemies":"Orb Walker","floor":35.0,"turns":2.0},{"damage":0.0,"enemies":"3 Shapes","floor":38.0,"turns":3.0},{"damage":4.0,"enemies":"Giant Head","floor":40.0,"turns":5.0},{"damage":29,"enemies":"Reptomancer","floor":42,"turns":6},{"damage":13,"enemies":"Jaw Worm Horde","floor":45,"turns":5},{"damage":9,"enemies":"Writhing Mass","floor":46,"turns":4},{"damage":1,"enemies":"Maw","floor":48,"turns":6},{"damage":35,"enemies":"hubris:GrandSnecko","floor":50,"turns":6}],"seed_played":"-8520352458764615800","potions_obtained":[{"floor":1.0,"key":"SmokeBomb"},{"floor":7.0,"key":"Strength Potion"},{"floor":10.0,"key":"Weak Potion"},{"floor":12.0,"key":"Block Potion"},{"floor":23.0,"key":"EntropicBrew"},{"floor":40.0,"key":"CultistPotion"}],"is_trial":false,"path_per_floor":["M","?","M","$","?","R","M","R","T","E","?","M","T","$","R","B",null,"M","?","$","?","M","E","R","M","T","E","M","?","?","$","R","B",null,"M","?","T","M","?","E","R","E","T","$","M","M","$","M","R","B",null],"character_chosen":"THE_SENSHI","items_purchased":["theSenshi:SailorMarsAssists","Lantern","theSenshi:TiaraRelic","theSenshi:UranusStrength","Strawberry","theSenshi:SilverMoonCrystalPowerKiss","Pen Nib"],"campfire_rested":2,"item_purchase_floors":[14,14,20,20,31,44,47],"current_hp_per_floor":[82,82,82,82,82,82,82,82,82,73,73,73,73,73,73,44,82,74,74,74,70,80,61,61,64,64,62,52,52,52,59,59,42,89,89,89,89,89,89,85,89,75,75,75,62,53,53,62,88,54],"gold":66,"neow_bonus":"TEN_PERCENT_HP_BONUS","is_daily":false,"chose_seed":false,"campfire_upgraded":5,"win_rate":0.0,"timestamp":1613325427,"path_taken":["M","?","M","?","?","R","M","R","T","E","?","?","?","$","R","BOSS","M","?","$","?","M","E","R","M","T","E","M","?","?","$","R","BOSS","M","?","?","M","?","E","R","E","T","?","M","M","$","M","R","BOSS"],"items_purchased_type":["Card","Relic","Relic","Card","Relic","Card","Relic"],"build_version":"2020-12-22","purchased_purges":2,"victory":true,"max_hp_per_floor":[82,82,82,82,82,82,82,82,82,82,82,82,82,82,82,82,82,82,82,82,82,82,82,82,82,82,82,82,82,82,89,89,89,89,89,89,89,89,89,89,89,89,89,89,89,89,89,89,89,89],"relic_stats":{"counters":[22,109],"Golden Idol":170,"Bronze Scales":[240],"Tiny Chest":1,"Pen Nib":[3],"Juzu Bracelet":1,"Letter Opener":[95],"obtain_stats":[{"Lantern":14,"Golden Idol":5,"bronze:DecasWashers":17,"Pen Nib":47,"Juzu Bracelet":17,"Incense Burner":17,"Letter Opener":13,"theSenshi:TiaraRelic":20,"Calling Bell":17,"theSenshi:TransformationBroochRelic":0,"Slimebound:StickyStick":42,"Bronze Scales":9,"Strawberry":31,"Tiny Chest":27,"Slimebound:PreparedRelic":26,"Fusion Hammer":34,"Red Mask":21,"theSenshi:SailorFukuRelic":40,"Unceasing Top":10,"Toy Ornithopter":23,"InkBottle":29,"theSenshi:CosmicHeartCompactRelic":37,"hubris:BottledRain":43},{"Lantern":5,"Golden Idol":2,"bronze:DecasWashers":6,"Pen Nib":20,"Juzu Bracelet":6,"Incense Burner":6,"Letter Opener":5,"theSenshi:TiaraRelic":7,"Calling Bell":6,"theSenshi:TransformationBroochRelic":0,"Slimebound:StickyStick":18,"Bronze Scales":3,"Strawberry":13,"Tiny Chest":12,"Slimebound:PreparedRelic":11,"Fusion Hammer":14,"Red Mask":8,"theSenshi:SailorFukuRelic":17,"Unceasing Top":4,"Toy Ornithopter":10,"InkBottle":13,"theSenshi:CosmicHeartCompactRelic":15,"hubris:BottledRain":18},{"Lantern":18,"Golden Idol":6,"bronze:DecasWashers":28,"Pen Nib":97,"Juzu Bracelet":28,"Incense Burner":28,"Letter Opener":18,"theSenshi:TiaraRelic":32,"Calling Bell":28,"theSenshi:TransformationBroochRelic":0,"Slimebound:StickyStick":88,"Bronze Scales":10,"Strawberry":65,"Tiny Chest":59,"Slimebound:PreparedRelic":54,"Fusion Hammer":72,"Red Mask":37,"theSenshi:SailorFukuRelic":82,"Unceasing Top":16,"Toy Ornithopter":48,"InkBottle":65,"theSenshi:CosmicHeartCompactRelic":74,"hubris:BottledRain":88}],"Unceasing Top":[3],"Toy Ornithopter":6,"InkBottle":[21]},"card_choices":[{"not_picked":["theSenshi:SailorPlanetPower","theSenshi:SailorV"],"picked":"theSenshi:InTheNickOfTime","floor":1.0},{"not_picked":[],"picked":"theSenshi:MercurysCunning","floor":2.0},{"not_picked":["theSenshi:TallSilhouette","theSenshi:SailorPlanetPower"],"picked":"theSenshi:MoonPunch","floor":3.0},{"not_picked":["theSenshi:Overload","theSenshi:EncouragingSpeech"],"picked":"theSenshi:SailorChibiMoonAssists","floor":7.0},{"not_picked":["theSenshi:JupitersPower","theSenshi:StudyParty"],"picked":"theSenshi:ChibiMoonsLove","floor":10.0},{"not_picked":["theSenshi:SailorMercuryAssists","theSenshi:LateForSchool","theSenshi:SailorStarFighterAssists"],"picked":"SKIP","floor":12.0},{"not_picked":["theSenshi:SailorPlutoAssists","theSenshi:WarriorOfTheMoon"],"picked":"theSenshi:IWillPunishYou","floor":16.0},{"not_picked":["theSenshi:SailorMarsAssists","theSenshi:KlutzyLuck"],"picked":"theSenshi:TallSilhouette","floor":18.0},{"not_picked":["theSenshi:InTheNickOfTime","theSenshi:KlutzyLuck"],"picked":"theSenshi:SchoolBag+1","floor":22.0},{"not_picked":["theSenshi:SchoolBag","theSenshi:WarriorOfTheMoon"],"picked":"theSenshi:MoonTwilightFlash+1","floor":23.0},{"not_picked":["theSenshi:SchoolBag","theSenshi:Overload","theSenshi:LateForSchool"],"picked":"SKIP","floor":25.0},{"not_picked":["theSenshi:GatheringStrength","theSenshi:SailorVenusAssists"],"picked":"theSenshi:MoonCosmicPowerMakeUp+1","floor":27.0},{"not_picked":["theSenshi:MoonsReflection","theSenshi:MoonPower+1"],"picked":"theSenshi:LunasBite+1","floor":28.0},{"not_picked":["theSenshi:MoonKick+1","theSenshi:VenusGlamour"],"picked":"theSenshi:MoonPrincessHalation+1","floor":35.0},{"not_picked":["theSenshi:JupitersPower","theSenshi:MoonTiaraMagic+1"],"picked":"theSenshi:SailorVenusAssists","floor":38.0},{"not_picked":["theSenshi:SchoolBag","theSenshi:MoonTwilightFlash"],"picked":"theSenshi:MoonCosmicPowerMakeUp+1","floor":40.0},{"not_picked":["theSenshi:Overload+1","theSenshi:TuxedoSmokingBomber+1"],"picked":"theSenshi:SailorChibiMoonAssists+1","floor":42},{"not_picked":["theSenshi:TuxedoSmokingBomber","theSenshi:DramaticEntrance","theSenshi:MoonPunch"],"picked":"SKIP","floor":45},{"not_picked":["theSenshi:LunasBite","theSenshi:KlutzyLuck+1","theSenshi:EncouragingSpeech+1"],"picked":"SKIP","floor":46},{"not_picked":["theSenshi:SailorMarsAssists+1","theSenshi:SailorVenusAssists+1"],"picked":"theSenshi:MoonPunch+1","floor":48}],"player_experience":397234,"relics_obtained":[{"floor":9.0,"key":"Bronze Scales"},{"floor":10.0,"key":"Unceasing Top"},{"floor":13.0,"key":"Letter Opener"},{"floor":17.0,"key":"Juzu Bracelet"},{"floor":17.0,"key":"bronze:DecasWashers"},{"floor":17.0,"key":"Incense Burner"},{"floor":21.0,"key":"Red Mask"},{"floor":23.0,"key":"Toy Ornithopter"},{"floor":26.0,"key":"Slimebound:PreparedRelic"},{"floor":27.0,"key":"Tiny Chest"},{"floor":37.0,"key":"theSenshi:CosmicHeartCompactRelic"},{"floor":40.0,"key":"theSenshi:SailorFukuRelic"},{"floor":42,"key":"Slimebound:StickyStick"},{"floor":43,"key":"hubris:BottledRain"}],"event_choices":[{"damage_healed":0.0,"max_hp_gain":0.0,"max_hp_loss":0.0,"gold_gain":0.0,"event_name":"Golden Idol","player_choice":"Take Wound","floor":5.0,"gold_loss":0.0,"damage_taken":0.0,"relics_obtained":["Golden Idol"],"cards_obtained":["Injury"]},{"cards_removed":["Injury"],"damage_healed":0.0,"max_hp_gain":0.0,"max_hp_loss":0.0,"gold_gain":0.0,"event_name":"Beggar","player_choice":"Gave Gold","floor":19.0,"gold_loss":75.0,"damage_taken":0.0},{"damage_healed":0.0,"max_hp_gain":0.0,"max_hp_loss":0.0,"gold_gain":0.0,"event_name":"Masked Bandits","player_choice":"Fought Bandits","floor":21.0,"gold_loss":0.0,"damage_taken":0.0},{"damage_healed":0.0,"max_hp_gain":0.0,"max_hp_loss":0.0,"gold_gain":0.0,"event_name":"The Mausoleum","player_choice":"Opened","floor":29.0,"gold_loss":0.0,"damage_taken":0.0,"relics_obtained":["InkBottle"]},{"damage_healed":0.0,"max_hp_gain":0.0,"max_hp_loss":0.0,"gold_gain":0.0,"event_name":"Cursed Tome","player_choice":"Ignored","floor":30.0,"gold_loss":0.0,"damage_taken":0.0},{"damage_healed":0.0,"max_hp_gain":0.0,"max_hp_loss":0.0,"gold_gain":0.0,"event_name":"Accursed Blacksmith","player_choice":"Forge","floor":36.0,"gold_loss":0.0,"damage_taken":0.0,"cards_upgraded":["theSenshi:RoseThrow"]},{"damage_healed":0.0,"max_hp_gain":0.0,"max_hp_loss":0.0,"gold_gain":0.0,"cards_transformed":["theSenshi:SailorBlock"],"event_name":"Transmorgrifier","player_choice":"Transformed","floor":39.0,"gold_loss":0.0,"damage_taken":0.0,"cards_obtained":["theSenshi:SailorMarsAssists"]}],"is_beta":false,"boss_relics":[{"not_picked":["Cursed Key","hubris:ScarierMask"],"picked":"Calling Bell"},{"not_picked":["hubris:RunicObelisk","hubris:CrackedHourglass"],"picked":"Fusion Hammer"}],"items_purged_floors":[31,47],"is_endless":false,"potions_floor_spawned":[1,7,10,12,22,23,25,33,40,45,46],"ascension_level":0}}