{"host":"mvy2rmdvyttjfm6x","time":1613323410,"event":{"mods":["AchievementEnabler","BaseMod","Keyboard Shortcuts","Lobotomy","Minty Spire (QoL Compilation)","Quick Restart","StSLib"],"gold_per_floor":[111,130,142,153,172,197,297,312,312,326,246,246,246,246,246,350,400,419,436,436,453,464,444,444,458,458,493,512,437,437,450,450,550,550,560,577,285,302,319,319,349,349,349,349,375,375,375,395,395,395,395],"floor_reached":50,"language":"KOR","playtime":4198,"items_purged":[],"score":648,"play_id":"86bc2acc-d000-4d3a-9646-3c9dd3fac915","local_time":"20210215022330","is_ascension_mode":false,"campfire_choices":[{"data":"GreenStem","floor":40.0,"key":"SMITH"},{"floor":44.0,"key":"RECALL"}],"circlet_count":0,"master_deck":["Apo_SoulSlash","Apo_Charge","Apo_Charge","Apo_Charge","Apo_Charge","Apo_Beam","Apo_Beam","Apo_Beam","Apo_Execute","Apo_Slash","Apo_Slash","Apo_SoulSlash","Woodsman","Pinks+1","TT2Protocol"],"relics":["CogitoBucket","Bag of Marbles","MealTicket","FleshIdol","WingedGreaves","Tiny House","Ornamental Fan","Kunai","Singing Bowl","AtMidnight","SacredBark","Torii","Ginger","Ancient Tea Set","ApostleMask"],"acts_visited":["Exordium","TheCity","TheBeyond"],"potions_floor_usage":[],"damage_taken":[{"damage":11.0,"enemies":"Jaw Worm","floor":1.0,"turns":3.0},{"damage":6.0,"enemies":"Cultist","floor":2.0,"turns":3.0},{"damage":1.0,"enemies":"2 Louse","floor":3.0,"turns":2.0},{"damage":8.0,"enemies":"Red Slaver","floor":4.0,"turns":2.0},{"damage":7.0,"enemies":"2 Fungi Beasts","floor":5.0,"turns":3.0},{"damage":24.0,"enemies":"Gremlin Nob","floor":6.0,"turns":4.0},{"damage":5.0,"enemies":"Looter","floor":8.0,"turns":4.0},{"damage":10.0,"enemies":"Exordium Thugs","floor":10.0,"turns":3.0},{"damage":53.0,"enemies":"The Guardian","floor":16.0,"turns":12.0},{"damage":40.0,"enemies":"2 Thieves","floor":18.0,"turns":5.0},{"damage":9.0,"enemies":"Spheric Guardian","floor":19.0,"turns":3.0},{"damage":59.0,"enemies":"Snake Plant","floor":21.0,"turns":12.0},{"damage":40.0,"enemies":"Sentry and Sphere","floor":22.0,"turns":9.0},{"damage":30.0,"enemies":"Book of Stabbing","floor":23.0,"turns":5.0},{"damage":25.0,"enemies":"Centurion and Healer","floor":25.0,"turns":6.0},{"damage":14.0,"enemies":"Gremlin Leader","floor":27.0,"turns":7.0},{"damage":75.0,"enemies":"Snecko","floor":28.0,"turns":7.0},{"damage":11.0,"enemies":"3 Cultists","floor":31.0,"turns":4.0},{"damage":13.0,"enemies":"Collector","floor":33.0,"turns":8.0},{"damage":2.0,"enemies":"3 Shapes","floor":35.0,"turns":4.0},{"damage":23.0,"enemies":"3 Darklings","floor":36.0,"turns":4.0},{"damage":47.0,"enemies":"Maw","floor":38.0,"turns":7.0},{"damage":0.0,"enemies":"Transient","floor":39.0,"turns":1.0},{"damage":0.0,"enemies":"Transient","floor":39.0,"turns":1.0},{"damage":45.0,"enemies":"Nemesis","floor":41.0,"turns":8.0},{"damage":26.0,"enemies":"Reptomancer","floor":45.0,"turns":5.0},{"damage":71,"enemies":"Writhing Mass","floor":48,"turns":4},{"damage":39,"enemies":"Donu and Deca","floor":50,"turns":6}],"seed_played":"7386084395368473081","potions_obtained":[{"floor":2.0,"key":"SpeedPotion"},{"floor":5.0,"key":"Energy Potion"},{"floor":6.0,"key":"FairyPotion"},{"floor":17.0,"key":"ColorlessPotion"},{"floor":21.0,"key":"Strength Potion"},{"floor":23.0,"key":"GamblersBrew"},{"floor":27.0,"key":"SkillPotion"},{"floor":33.0,"key":"Regen Potion"},{"floor":41.0,"key":"ColorlessPotion"}],"is_trial":false,"path_per_floor":["M","M","M","M","M","E","?","M","T","M","$","R","R","?","R","B",null,"M","M","?","M","M","E","R","M","T","E","M","?","?","M","R","B",null,"M","M","$","M","M","R","E","?","T","R","E","M","?","M","R","B"],"character_chosen":"Angela","items_purchased":["GreenStem","Torii"],"campfire_rested":0,"item_purchase_floors":[11,37],"current_hp_per_floor":[59,55,55,47,48,26,26,25,25,23,38,38,38,80,80,59,85,53,50,50,74,61,39,39,61,61,62,13,13,13,40,40,56,89,93,88,93,77,46,46,92,92,92,92,97,100,100,29,29,0,0],"gold":395,"neow_bonus":"RANDOM_COMMON_RELIC","is_daily":false,"chose_seed":false,"campfire_upgraded":1,"win_rate":0.0,"timestamp":1613323410,"path_taken":["M","M","M","M","M","E","?","M","T","M","$","R","R","?","R","BOSS","M","M","?","M","M","E","R","M","T","E","M","?","?","M","R","BOSS","M","M","$","M","M","R","E","?","T","R","E","?","?","M","R","BOSS"],"items_purchased_type":["Card","Relic"],"build_version":"2020-12-22","purchased_purges":0,"victory":false,"max_hp_per_floor":[70,70,70,70,70,70,70,70,70,70,70,70,70,80,80,80,85,85,85,85,85,85,85,85,85,85,85,87,87,87,89,89,89,89,93,93,93,97,99,99,101,101,101,101,103,103,103,103,103,103,103],"card_choices":[{"not_picked":["CherryBlossoms","Bloodbath"],"picked":"SpiderBud","floor":1.0},{"not_picked":["FrostShard"],"picked":"Soda","floor":1.0},{"not_picked":["CUTE","Loneliness"],"picked":"SKIP","floor":1.0},{"not_picked":["Noise"],"picked":"SomewhereSpear","floor":2.0},{"not_picked":["Woodsman","UniverseFragment"],"picked":"MeatLantern","floor":2.0},{"not_picked":["LifeForTheDareDevil","Tough"],"picked":"SKIP","floor":2.0},{"not_picked":["Beak"],"picked":"GoldRush","floor":3.0},{"not_picked":["Variant","Bloodbath"],"picked":"ShyLook","floor":4.0},{"not_picked":["CUTE"],"picked":"TodaysExpression","floor":4.0},{"not_picked":["HeroicMonk","CherryBlossoms"],"picked":"OSAHOGD","floor":5.0},{"not_picked":["Tough"],"picked":"BearPaw","floor":5.0},{"not_picked":["RapturousDream","Penitence"],"picked":"SKIP","floor":5.0},{"not_picked":["LongBird","Murderer"],"picked":"OldLady","floor":6.0},{"not_picked":["Beak"],"picked":"Hornet","floor":6.0},{"not_picked":["Noise","Soda"],"picked":"SKIP","floor":6.0},{"not_picked":["PunishingBird","CherryBlossoms"],"picked":"MHz","floor":8.0},{"not_picked":["Loneliness","Logging"],"picked":"SKIP","floor":8.0},{"not_picked":["VoidDream","FairyFestival"],"picked":"WallGazer","floor":10.0},{"not_picked":["CherryBlossom","GrinderMk4"],"picked":"SKIP","floor":10.0},{"not_picked":["Justitia"],"picked":"Pinks","floor":16.0},{"not_picked":["Justitia"],"picked":"GoldRush","floor":16.0},{"not_picked":["VoidDream","BigBadWolf"],"picked":"UniverseFragment","floor":16.0},{"not_picked":["Christmas","TodaysExpression"],"picked":"CherryBlossom","floor":17.0},{"not_picked":["Soda","SomewhereSpear+1"],"picked":"BloodyDesire+1","floor":18.0},{"not_picked":["CherryBlossoms","Bloodbath"],"picked":"Yin","floor":18.0},{"not_picked":["TodaysExpression","Lantern+1"],"picked":"BearPaw+1","floor":18.0},{"not_picked":["CherryBlossom","Horn","CUTE"],"picked":"SKIP","floor":19.0},{"not_picked":["WhitesApple","BeautyBeast","Porccubus"],"picked":"Singing Bowl","floor":21.0},{"not_picked":["FourthMatchFlame","Horn","WristCuter"],"picked":"SKIP","floor":21.0},{"not_picked":["WristCuter+1","FourthMatchFlame+1","Penitence"],"picked":"SKIP","floor":21.0},{"not_picked":["BeautyBeast","CherryBlossoms"],"picked":"Freischutz","floor":22.0},{"not_picked":["InTheNameOfLoveAndHate+1","SoundOfStar","Hornet"],"picked":"SKIP","floor":22.0},{"not_picked":["FourthMatchFlame+1","Beak","Wingbeat"],"picked":"SKIP","floor":22.0},{"not_picked":["LittlePrince","BlueStar"],"picked":"Scorched","floor":23.0},{"not_picked":["Regret_ego","GreenStem","Wingbeat"],"picked":"SKIP","floor":23.0},{"not_picked":["Penitence","Galaxy","RapturousDream"],"picked":"SKIP","floor":23.0},{"not_picked":["FourthMatchFlame+1","Beak+1"],"picked":"SomewhereSpear+1","floor":25.0},{"not_picked":["Murderer","Mercenary","CherryBlossoms"],"picked":"Singing Bowl","floor":25.0},{"not_picked":["Laetitia","Wellcheers"],"picked":"LongBird","floor":25.0},{"not_picked":["TodaysExpression+1","Lantern+1"],"picked":"WristCuter+1","floor":25.0},{"not_picked":["WristCuter+1","Horn+1"],"picked":"GoldRush+1","floor":27.0},{"not_picked":["HeroicMonk","LaLuna","Bloodbath"],"picked":"Singing Bowl","floor":27.0},{"not_picked":["BeautyBeast","Porccubus"],"picked":"CrumblingArmor","floor":27.0},{"not_picked":["ShedSkin+1","Harmony+1"],"picked":"Diffraction+1","floor":27.0},{"not_picked":["Soda+1","WristCuter+1"],"picked":"RapturousDream+1","floor":28.0},{"not_picked":["CherryBlossoms","LittleHelper","DespairKnight"],"picked":"Singing Bowl","floor":28.0},{"not_picked":["WhitesApple","Murderer"],"picked":"BlackSwan","floor":28.0},{"not_picked":["SwordSharpenedByTears+1","RapturousDream+1","RedEyes+1"],"picked":"Singing Bowl","floor":28.0},{"not_picked":["Scarecrow","Bloodbath"],"picked":"Wellcheers","floor":31.0},{"not_picked":["Discord+1","GreenStem+1","SoundOfStar+1"],"picked":"Singing Bowl","floor":31.0},{"not_picked":["TheSmile+1","DaCapo+1"],"picked":"CENSORED_ego+1","floor":33.0},{"not_picked":["BodiesMountain","Funeral"],"picked":"FieryBird","floor":33.0},{"not_picked":["GoldRush+1","Twilight+1"],"picked":"Pinks+1","floor":33.0},{"not_picked":["RedEyes+1","Lantern+1","Loneliness+1"],"picked":"Singing Bowl","floor":35.0},{"not_picked":["Porccubus","SingingMachine","CherryBlossoms"],"picked":"Singing Bowl","floor":35.0},{"not_picked":["NakedNest","BigBird"],"picked":"QueenOfHatred","floor":35.0},{"not_picked":["Noise+1","Spore+1","Heaven+1"],"picked":"Singing Bowl","floor":35.0},{"not_picked":["CherryBlossoms","PunishingBird","DreamingCurrent"],"picked":"Singing Bowl","floor":36.0},{"not_picked":["BlueStar","Murderer"],"picked":"Bloodbath","floor":36.0},{"not_picked":["Christmas+1","Horn+1"],"picked":"Laetitia_ego+1","floor":36.0},{"not_picked":["CUTE+1","Loneliness+1","GreenStem+1"],"picked":"Singing Bowl","floor":38.0},{"not_picked":["MeltingLove","Porccubus"],"picked":"DespairKnight","floor":38.0},{"not_picked":["ScreamingWedge+1","BearPaw+1","FrostShard+1"],"picked":"Singing Bowl","floor":38.0},{"not_picked":["DreamingCurrent","BeautyBeast","CherryBlossoms"],"picked":"Singing Bowl","floor":39.0},{"not_picked":["BlueStar","FairyFestival"],"picked":"LaLuna","floor":39.0},{"not_picked":["Horn+1","Spore+1","Logging+1"],"picked":"Singing Bowl","floor":39.0},{"not_picked":["RapturousDream+1","SomewhereSpear+1","BloodyDesire+1"],"picked":"Singing Bowl","floor":41.0},{"not_picked":["Woodsman","HeroicMonk"],"picked":"PlagueDoctor","floor":41.0},{"not_picked":["Beak+1","CUTE+1"],"picked":"GoldRush+1","floor":41.0},{"not_picked":["Variant","LittlePrince"],"picked":"HappyTeddy","floor":45.0},{"not_picked":["ScreamingWedge+1","RapturousDream+1","Lamp+1"],"picked":"Singing Bowl","floor":45.0},{"not_picked":["GreedKing","DreamingCurrent"],"picked":"Woodsman","floor":48},{"not_picked":["CUTE+1","WristCuter+1"],"picked":"Pinks+1","floor":48}],"player_experience":120988,"relics_obtained":[{"floor":6.0,"key":"MealTicket"},{"floor":9.0,"key":"WingedGreaves"},{"floor":23.0,"key":"Ornamental Fan"},{"floor":26.0,"key":"Kunai"},{"floor":27.0,"key":"Singing Bowl"},{"floor":28.0,"key":"AtMidnight"},{"floor":41.0,"key":"Ginger"},{"floor":45.0,"key":"Ancient Tea Set"}],"event_choices":[{"damage_healed":0.0,"max_hp_gain":0.0,"max_hp_loss":0.0,"gold_gain":100.0,"event_name":"Golden Shrine","player_choice":"Pray","floor":7.0,"gold_loss":0.0,"damage_taken":0.0},{"cards_removed":["GoldRush"],"damage_healed":32.0,"max_hp_gain":10.0,"max_hp_loss":0.0,"gold_gain":0.0,"event_name":"Bonfire Elementals","player_choice":"Offered Rare","floor":14.0,"gold_loss":0.0,"damage_taken":0.0},{"cards_removed":["SpecialBullet"],"damage_healed":0.0,"max_hp_gain":0.0,"max_hp_loss":0.0,"gold_gain":0.0,"event_name":"Back to Basics","player_choice":"Elegance","floor":20.0,"gold_loss":0.0,"damage_taken":0.0},{"cards_removed":["LongBird"],"damage_healed":0.0,"max_hp_gain":0.0,"max_hp_loss":0.0,"gold_gain":0.0,"event_name":"Beggar","player_choice":"Gave Gold","floor":29.0,"gold_loss":75.0,"damage_taken":0.0},{"damage_healed":0.0,"max_hp_gain":0.0,"max_hp_loss":0.0,"gold_gain":0.0,"event_name":"Forgotten Altar","player_choice":"Smashed Altar","floor":30.0,"gold_loss":0.0,"damage_taken":0.0,"cards_obtained":["Decay"]},{"damage_healed":0.0,"max_hp_gain":0.0,"max_hp_loss":0.0,"gold_gain":0.0,"event_name":"Upgrade Shrine","player_choice":"Upgraded","floor":42.0,"gold_loss":0.0,"damage_taken":0.0,"cards_upgraded":["SomewhereSpear"]},{"damage_healed":0.0,"max_hp_gain":0.0,"max_hp_loss":0.0,"gold_gain":0.0,"event_name":"Accursed Blacksmith","player_choice":"Ignored","floor":47.0,"gold_loss":0.0,"damage_taken":0.0}],"is_beta":false,"boss_relics":[{"not_picked":["Runic Pyramid","Ectoplasm"],"picked":"Tiny House"},{"not_picked":["Empty Cage","SlaversCollar"],"picked":"SacredBark"}],"items_purged_floors":[],"is_endless":false,"potions_floor_spawned":[2,5,6,8,21,23,27,28,33,38,39,41],"killed_by":"Donu and Deca","ascension_level":0}}