{"host":"0fd22hpf43j6tvvm","time":1613260976,"event":{"mods":["AchievementEnabler","BaseMod","Colored Map","Minty Spire (QoL Compilation)","Relic Stats"],"gold_per_floor":[114,114,114,124,8,33,33,108,108,133,133,160,9,9,9,9,9],"floor_reached":16,"language":"ENG","playtime":411,"items_purged":["Regret","Strike_P"],"score":222,"play_id":"26523e6d-7ac2-48d2-82ef-62af250b6f5a","local_time":"20210213190256","is_ascension_mode":true,"campfire_choices":[{"data":"Tantrum","floor":7.0,"key":"SMITH"},{"floor":11.0,"key":"REST"},{"data":"PathToVictory","floor":15.0,"key":"SMITH"}],"circlet_count":0,"master_deck":["AscendersBane","Strike_P","Strike_P","Strike_P","Defend_P","Defend_P","Defend_P","Defend_P+1","Eruption+1","Vigilance","PathToVictory","ReachHeaven","Tantrum+1","CrushJoints","Consecrate","PathToVictory+1"],"relics":["PureWater","NeowsBlessing","Frozen Egg 2","Gremlin Horn","Mummified Hand","White Beast Statue","StrikeDummy","Golden Idol"],"acts_visited":["Exordium"],"potions_floor_usage":[],"damage_taken":[{"damage":0.0,"enemies":"Small Slimes","floor":1.0,"turns":1.0},{"damage":0.0,"enemies":"Jaw Worm","floor":4.0,"turns":1.0},{"damage":0.0,"enemies":"Gremlin Nob","floor":6.0,"turns":1.0},{"damage":39.0,"enemies":"Lagavulin","floor":10.0,"turns":5.0},{"damage":13.0,"enemies":"Gremlin Nob","floor":12.0,"turns":3.0},{"damage":15,"enemies":"Hexaghost","floor":16,"turns":7}],"seed_played":"-1298772032961148614","potions_obtained":[{"floor":4.0,"key":"Ancient Potion"},{"floor":12.0,"key":"BlessingOfTheForge"}],"is_trial":false,"path_per_floor":["M","?","?","M","$","E","R","?","T","E","R","E","$","?","R","B"],"character_chosen":"WATCHER","items_purchased":["Tantrum","PathToVictory"],"campfire_rested":1,"item_purchase_floors":[5,13],"current_hp_per_floor":[65,65,51,51,51,51,51,40,40,1,22,9,9,9,9,0,0],"gold":9,"neow_bonus":"THREE_ENEMY_KILL","is_daily":false,"chose_seed":false,"campfire_upgraded":2,"win_rate":0.0,"timestamp":1613260976,"path_taken":["M","?","?","M","$","E","R","?","T","E","R","E","?","?","R","BOSS"],"items_purchased_type":["Card","Card"],"build_version":"2020-12-22","purchased_purges":2,"victory":false,"max_hp_per_floor":[72,72,72,72,72,72,72,72,72,72,72,72,72,67,67,67,67],"relic_stats":{"Gremlin Horn":[0,0],"counters":[6,18],"Mummified Hand":[0],"Golden Idol":0,"obtain_stats":[{"NeowsBlessing":0,"Gremlin Horn":6,"Mummified Hand":9,"Golden Idol":14,"PureWater":0,"Frozen Egg 2":2,"StrikeDummy":12,"White Beast Statue":10},{"NeowsBlessing":0,"Gremlin Horn":3,"Mummified Hand":3,"Golden Idol":5,"PureWater":0,"Frozen Egg 2":1,"StrikeDummy":5,"White Beast Statue":4},{"NeowsBlessing":0,"Gremlin Horn":3,"Mummified Hand":3,"Golden Idol":11,"PureWater":0,"Frozen Egg 2":1,"StrikeDummy":11,"White Beast Statue":8}]},"card_choices":[{"not_picked":["Evaluate","SashWhip"],"picked":"PathToVictory","floor":1.0},{"not_picked":["JustLucky","Evaluate"],"picked":"ReachHeaven","floor":4.0},{"not_picked":["Pray","ClearTheMind"],"picked":"CrushJoints","floor":6.0},{"not_picked":["ConjureBlade","FlyingSleeves","ClearTheMind"],"picked":"SKIP","floor":10.0},{"not_picked":["FlurryOfBlows","Evaluate"],"picked":"Consecrate","floor":12.0}],"player_experience":549304,"relics_obtained":[{"floor":6.0,"key":"Gremlin Horn"},{"floor":9.0,"key":"Mummified Hand"},{"floor":10.0,"key":"White Beast Statue"},{"floor":12.0,"key":"StrikeDummy"}],"event_choices":[{"damage_healed":0.0,"max_hp_gain":0.0,"max_hp_loss":0.0,"gold_gain":0.0,"event_name":"Big Fish","player_choice":"Box","floor":2.0,"gold_loss":0.0,"damage_taken":0.0,"relics_obtained":["Frozen Egg 2"],"cards_obtained":["Regret"]},{"damage_healed":0.0,"max_hp_gain":0.0,"max_hp_loss":0.0,"gold_gain":0.0,"event_name":"Shining Light","player_choice":"Entered Light","floor":3.0,"gold_loss":0.0,"damage_taken":14.0,"cards_upgraded":["Eruption","Defend_P"]},{"damage_healed":0.0,"max_hp_gain":0.0,"max_hp_loss":0.0,"gold_gain":75.0,"event_name":"World of Goop","player_choice":"Gather Gold","floor":8.0,"gold_loss":0.0,"damage_taken":11.0},{"damage_healed":0.0,"max_hp_gain":0.0,"max_hp_loss":5.0,"gold_gain":0.0,"event_name":"Golden Idol","player_choice":"Lose Max HP","floor":14.0,"gold_loss":0.0,"damage_taken":0.0,"relics_obtained":["Golden Idol"]}],"is_beta":false,"boss_relics":[],"items_purged_floors":[5,13],"is_endless":false,"potions_floor_spawned":[4,12],"killed_by":"Hexaghost","ascension_level":12}}