{"host":"lly094a91h6n5nv5","time":1613303913,"event":{"mods":["AchievementEnabler","BaseMod","Block Reminder","Colored Map","Minty Spire (QoL Compilation)"],"gold_per_floor":[118,132,132,142,122,122,141,141,218,235,235,249,26,55,55,154,154,174,174,189,201,47,72,72,99,178,189,201,201,221,320,320,423,423,442,442,458,458,472,472,499,517,544,136,136,155,155,155,155,155],"floor_reached":51,"language":"ENG","playtime":3075,"items_purged":["Scrape+1"],"score":1104,"play_id":"b924350f-1698-473d-b278-f2ec9667412e","local_time":"20210214055833","is_ascension_mode":true,"campfire_choices":[{"data":"Dualcast","floor":6,"key":"SMITH"},{"data":"Zap","floor":8,"key":"SMITH"},{"data":"Defragment","floor":11,"key":"SMITH"},{"data":"Storm","floor":15,"key":"SMITH"},{"data":"Buffer","floor":24,"key":"SMITH"},{"data":"Genetic Algorithm","floor":32,"key":"SMITH"},{"data":"Fission","floor":40,"key":"SMITH"},{"data":"Defragment","floor":45,"key":"SMITH"},{"data":"Multi-Cast","floor":47,"key":"SMITH"},{"data":"Tempest","floor":49,"key":"SMITH"}],"circlet_count":0,"master_deck":["AscendersBane","Zap+1","Dualcast+1","Rebound","Ball Lightning","Self Repair","Storm+1","Defragment+1","Multi-Cast+1","Core Surge+1","Buffer+1","Gash+1","Reinforced Body","Sunder+1","Auto Shields","Seek","Machine Learning","Conserve Battery","Hologram+1","Ball Lightning+1","Doom and Gloom+1","Tempest+1","Genetic Algorithm+1","Fission+1","Glacier","Defragment+1"],"relics":["SlaversCollar","War Paint","Molten Egg 2","Chemical X","Gambling Chip","Pandora\u0027s Box","Oddly Smooth Stone","MealTicket","Nunchaku","Darkstone Periapt","Velvet Choker","Incense Burner","Happy Flower","ClockworkSouvenir","Lantern"],"acts_visited":["Exordium","TheCity","TheBeyond"],"potions_floor_usage":[12,16,16,16,20,50,50,50,50,50,50],"damage_taken":[{"damage":18,"enemies":"Jaw Worm","floor":1,"turns":6},{"damage":0,"enemies":"2 Louse","floor":2,"turns":3},{"damage":0,"enemies":"Cultist","floor":4,"turns":3},{"damage":9,"enemies":"Looter","floor":7,"turns":3},{"damage":7,"enemies":"2 Fungi Beasts","floor":10,"turns":3},{"damage":7,"enemies":"Large Slime","floor":12,"turns":5},{"damage":16,"enemies":"Gremlin Nob","floor":14,"turns":3},{"damage":28,"enemies":"The Guardian","floor":16,"turns":8},{"damage":0,"enemies":"Spheric Guardian","floor":18,"turns":3},{"damage":3,"enemies":"Shell Parasite","floor":20,"turns":4},{"damage":0,"enemies":"Snake Plant","floor":21,"turns":3},{"damage":4,"enemies":"Slavers","floor":23,"turns":6},{"damage":0,"enemies":"Book of Stabbing","floor":25,"turns":5},{"damage":0,"enemies":"3 Cultists","floor":27,"turns":4},{"damage":9,"enemies":"Cultist and Chosen","floor":28,"turns":5},{"damage":14,"enemies":"Sentry and Sphere","floor":30,"turns":4},{"damage":22,"enemies":"Automaton","floor":33,"turns":8},{"damage":0,"enemies":"3 Shapes","floor":35,"turns":3},{"damage":0,"enemies":"3 Darklings","floor":37,"turns":4},{"damage":0,"enemies":"Transient","floor":39,"turns":5},{"damage":0,"enemies":"Nemesis","floor":41,"turns":5},{"damage":0,"enemies":"Writhing Mass","floor":42,"turns":7},{"damage":3,"enemies":"Maw","floor":46,"turns":5},{"damage":25,"enemies":"Donu and Deca","floor":50,"turns":7}],"seed_played":"4019764902565997249","potions_obtained":[{"floor":2,"key":"PowerPotion"},{"floor":4,"key":"LiquidMemories"},{"floor":5,"key":"Weak Potion"},{"floor":10,"key":"EntropicBrew"},{"floor":16,"key":"Dexterity Potion"},{"floor":21,"key":"BlessingOfTheForge"},{"floor":25,"key":"EssenceOfSteel"},{"floor":28,"key":"Energy Potion"},{"floor":41,"key":"GamblersBrew"}],"is_trial":false,"path_per_floor":["M","M","?","M","?","R","M","R","T","M","R","M","$","E","R","B",null,"M","?","M","M","$","E","R","E","T","M","M","?","M","?","R","B",null,"M","?","M","?","M","R","E","M","T","$","R","M","R","T","R","B",null],"character_chosen":"DEFECT","items_purchased":["Chemical X","Core Surge+1","Oddly Smooth Stone","Defragment","ClockworkSouvenir","EntropicBrew"],"campfire_rested":0,"item_purchase_floors":[13,13,22,44,44,44],"current_hp_per_floor":[50,50,47,47,47,47,45,45,45,38,38,38,38,29,29,8,58,65,65,69,69,69,72,72,75,75,75,73,73,66,66,66,51,69,75,71,71,71,71,71,71,71,71,71,71,71,71,71,71,53],"gold":155,"neow_bonus":"BOSS_RELIC","is_daily":false,"chose_seed":false,"campfire_upgraded":10,"win_rate":0.0,"timestamp":1613303913,"path_taken":["M","M","?","M","?","R","M","R","T","M","R","M","$","E","R","BOSS","M","?","M","M","$","E","R","E","T","M","M","?","M","?","R","BOSS","M","?","M","?","M","R","E","M","T","$","R","M","R","?","R","BOSS"],"items_purchased_type":["Relic","Card","Relic","Card","Relic","Potion"],"build_version":"2020-12-22","purchased_purges":1,"victory":true,"max_hp_per_floor":[75,75,75,75,75,75,75,75,75,75,75,75,75,75,75,75,75,75,75,75,75,75,75,75,75,75,75,75,75,75,75,75,75,75,75,71,71,71,71,71,71,71,71,71,71,71,71,71,71,71],"card_choices":[{"not_picked":["Steam","Barrage"],"picked":"Rebound","floor":1},{"not_picked":["Aggregate","Hologram"],"picked":"Ball Lightning","floor":2},{"not_picked":["Chill","Steam"],"picked":"Self Repair","floor":4},{"not_picked":["FTL","Rebound"],"picked":"Storm","floor":7},{"not_picked":["Steam","Genetic Algorithm"],"picked":"Defragment","floor":10},{"not_picked":["Blizzard+1","Hello World"],"picked":"Multi-Cast","floor":12},{"not_picked":["Melter+1","Steam Power","Streamline+1"],"picked":"SKIP","floor":14},{"not_picked":["Hyperbeam+1","Core Surge+1"],"picked":"Buffer","floor":16},{"not_picked":["Stack","Streamline+1"],"picked":"Conserve Battery","floor":18},{"not_picked":["Conserve Battery","Stack"],"picked":"Hologram+1","floor":20},{"not_picked":["Compile Driver+1","Cold Snap+1","Self Repair"],"picked":"SKIP","floor":21},{"not_picked":["Heatsinks","Creative AI"],"picked":"Ball Lightning+1","floor":23},{"not_picked":["Cold Snap+1","FTL+1"],"picked":"Doom and Gloom+1","floor":25},{"not_picked":["Reprogram","Undo"],"picked":"Tempest","floor":27},{"not_picked":["Coolheaded+1","Rebound+1","Steam"],"picked":"SKIP","floor":28},{"not_picked":["Gash+1","Force Field"],"picked":"Genetic Algorithm","floor":30},{"not_picked":["Hyperbeam+1","Reboot"],"picked":"Fission","floor":33},{"not_picked":["Redo","Hologram","Barrage+1"],"picked":"SKIP","floor":35},{"not_picked":["Rebound+1","Compile Driver+1","Darkness+1"],"picked":"SKIP","floor":37},{"not_picked":["Stack","Compile Driver+1","White Noise"],"picked":"SKIP","floor":39},{"not_picked":["Streamline+1","Leap"],"picked":"Glacier","floor":41},{"not_picked":["Compile Driver+1","Cold Snap+1","Hologram"],"picked":"SKIP","floor":42},{"not_picked":["Scrape+1","Melter+1","Redo"],"picked":"SKIP","floor":46}],"player_experience":246227,"relics_obtained":[{"floor":9,"key":"Molten Egg 2"},{"floor":14,"key":"Gambling Chip"},{"floor":23,"key":"MealTicket"},{"floor":25,"key":"Nunchaku"},{"floor":26,"key":"Darkstone Periapt"},{"floor":41,"key":"Incense Burner"},{"floor":43,"key":"Happy Flower"},{"floor":48,"key":"Lantern"}],"event_choices":[{"damage_healed":0,"gold_gain":0,"player_choice":"Success","damage_taken":3,"relics_obtained":["War Paint"],"max_hp_gain":0,"max_hp_loss":0,"event_name":"Scrap Ooze","floor":3,"gold_loss":0},{"damage_healed":0,"gold_gain":0,"player_choice":"Bought 1 Potion","damage_taken":0,"max_hp_gain":0,"max_hp_loss":0,"event_name":"The Woman in Blue","floor":5,"gold_loss":0},{"damage_healed":0,"gold_gain":0,"player_choice":"Ignored","damage_taken":0,"max_hp_gain":0,"max_hp_loss":0,"event_name":"Vampires","floor":19,"gold_loss":0},{"cards_removed":["Coolheaded"],"damage_healed":0,"gold_gain":0,"player_choice":"Elegance","damage_taken":0,"max_hp_gain":0,"max_hp_loss":0,"event_name":"Back to Basics","floor":29,"gold_loss":0},{"damage_healed":0,"gold_gain":99,"player_choice":"Stole From Cult","damage_taken":0,"max_hp_gain":0,"max_hp_loss":0,"event_name":"Nest","floor":31,"gold_loss":0},{"damage_healed":0,"gold_gain":0,"player_choice":"Max HP","damage_taken":0,"max_hp_gain":0,"max_hp_loss":4,"event_name":"Winding Halls","floor":36,"gold_loss":0},{"damage_healed":0,"gold_gain":0,"player_choice":"Ignored","damage_taken":0,"max_hp_gain":0,"max_hp_loss":0,"event_name":"Tomb of Lord Red Mask","floor":38,"gold_loss":0}],"is_beta":false,"boss_relics":[{"not_picked":["Runic Dome","Tiny House"],"picked":"Pandora\u0027s Box"},{"not_picked":["Runic Pyramid","Black Star"],"picked":"Velvet Choker"}],"items_purged_floors":[44],"is_endless":false,"potions_floor_spawned":[2,4,7,10,16,21,25,28,33,35,41,46],"ascension_level":10}}