{"host":"6jrnojxwearbrjzo","time":1613328651,"event":{"mods":["BaseMod","Conspire","Minty Spire (QoL Compilation)","MostiFishMod","Quick Restart","Random Character Button","Spicy Shops","StSLib","TestMod","The Servant 0.9.4","[功能]功能增强和修复MOD","篝火指南"],"gold_per_floor":[117,117,292,5,5,33,33,60,60,87,87,87,87,487,303,406,406,424,153,163,4,4,35,49,75,75,104,104,137,1,1,1,99,99,110,458,83,83,43,43,69,69,119,119,153,207,237,14,14,14],"floor_reached":51,"language":"ZHS","playtime":1525,"items_purged":["Clumsy","Parasite","conspire:NecroticWound","Doubt","conspire:GhostlyDefend","Shame","conspire:GhostlyDefend","conspire:GhostlyStrike","Doubt","conspire:GhostlyDefend","conspire:GhostlyStrike","conspire:GhostlyStrike","conspire:GhostlyStrike","Eruption","conspire:GhostlyDefend","Vigilance","Adaptation+1","MostiFishMod:DustFall+1","MostiFishMod:Adaptation+1"],"score":1976,"play_id":"1dd4b624-a010-46a9-a62f-43128665b00d","local_time":"20210215025051","is_ascension_mode":true,"campfire_choices":[{"data":"MostiFishMod:Adaptation","floor":7,"key":"SMITH"},{"data":"FlurryOfBlows","floor":11,"key":"SMITH"},{"data":"Shame","floor":32,"key":"PURGE"},{"data":"FlurryOfBlows+1","floor":40,"key":"PURGE"},{"floor":42,"key":"RECALL"},{"floor":49,"key":"REST"}],"circlet_count":0,"master_deck":["MostiFishMod:KingOfFree+1","SignatureMove+1","MostiFishMod:StarLaLaLa"],"relics":["testmod-TestBox","testmod-Laevatain","Transparent","testmod-IncinerationGenerator","SynthV:TestCard","MetatronsCube","Mummified Hand","testmod-Alchemist","Juzu Bracelet","Peace Pipe","Boot","The Courier","TeardropLocket","Ginger","Dodecahedron","SacredBark","Frozen Egg 2","testmod-Charity","White Beast Statue","Ancient Tea Set","ChiLing","Chi","Ling","Centennial Puzzle","Ornamental Fan","Bag of Marbles","Sling","Pocketwatch","Bronze Scales","Pen Nib","testmod-RandomTest","Letter Opener","Akabeko","BirthdayGift-Icosahedron","Bag of Preparation","testmod-LifeArmor","Fusion Hammer","Old Coin","testmod-HeartOfStrike","conspire:TopHat","Vajra","HandDrill","Chemical X","testmod-AssaultLearning","testmod-Acrobat","Shuriken","Blue Candle","Nunchaku","InkBottle","Unceasing Top","Orichalcum","testmod-Justice","Happy Flower","Strange Spoon","Whetstone"],"acts_visited":["Exordium","TheCity","TheBeyond"],"potions_floor_usage":[4,10,23,27,41,47],"damage_taken":[{"damage":28,"enemies":"2 Louse","floor":1,"turns":2},{"damage":38,"enemies":"3 Sentries","floor":6,"turns":2},{"damage":14,"enemies":"Gremlin Nob","floor":8,"turns":1},{"damage":14,"enemies":"Lagavulin","floor":10,"turns":1},{"damage":14,"enemies":"Slime Boss","floor":16,"turns":1},{"damage":14,"enemies":"2 Thieves","floor":18,"turns":1},{"damage":16,"enemies":"3 Byrds","floor":20,"turns":1},{"damage":18,"enemies":"Gremlin Leader","floor":23,"turns":1},{"damage":20,"enemies":"Cultist and Chosen","floor":24,"turns":1},{"damage":20,"enemies":"Book of Stabbing","floor":25,"turns":1},{"damage":21,"enemies":"Gremlin Leader","floor":27,"turns":1},{"damage":22,"enemies":"Book of Stabbing","floor":29,"turns":1},{"damage":3,"enemies":"Automaton","floor":33,"turns":1},{"damage":3,"enemies":"3 Darklings","floor":35,"turns":1},{"damage":3,"enemies":"Mind Bloom Boss Battle","floor":36,"turns":1},{"damage":3,"enemies":"Nemesis","floor":41,"turns":1},{"damage":3,"enemies":"Giant Head","floor":45,"turns":1},{"damage":3,"enemies":"2 Orb Walkers","floor":46,"turns":1},{"damage":3,"enemies":"Reptomancer","floor":47,"turns":1},{"damage":3,"enemies":"conspire:OrnateMirror","floor":50,"turns":1}],"seed_played":"-8631070888298167602","potions_obtained":[{"floor":6,"key":"ColorlessPotion"},{"floor":12,"key":"Swift Potion"},{"floor":12,"key":"Ambrosia"},{"floor":16,"key":"PowerPotion"},{"floor":23,"key":"Fruit Juice"},{"floor":24,"key":"Block Potion"},{"floor":27,"key":"testmod-SpacePotion"},{"floor":29,"key":"LiquidMemories"},{"floor":29,"key":"Energy Potion"},{"floor":29,"key":"SteroidPotion"},{"floor":41,"key":"testmod-SpacePotion"},{"floor":45,"key":"Block Potion"},{"floor":45,"key":"testmod-TestPotion"},{"floor":45,"key":"FearPotion"},{"floor":47,"key":"testmod-SpacePotion"},{"floor":47,"key":"Strength Potion"},{"floor":47,"key":"PowerPotion"},{"floor":47,"key":"AttackPotion"}],"is_trial":false,"path_per_floor":["M","?","?","$","?","E","R","E","T","E","R","?","?","?","R","B",null,"M","$","M","$","?","E","M","E","T","E","?","E","$","?","R","B",null,"M","?","$","?","$","R","E","R","T","?","E","?","E","$","R","B",null],"character_chosen":"WATCHER","items_purchased":["MetatronsCube","Mummified Hand","Fruit Juice","SkillPotion","DistilledChaos","The Courier","TeardropLocket","Ginger","Dodecahedron","Frozen Egg 2","testmod-Charity","White Beast Statue","Ancient Tea Set","ChiLing","Centennial Puzzle","MostiFishMod:KingOfFree","Ornamental Fan","Bag of Marbles","Sling","Pocketwatch","SignatureMove","BirthdayGift-Icosahedron","Bag of Preparation","testmod-HeartOfStrike","conspire:TopHat","Vajra","HandDrill","Chemical X","testmod-AssaultLearning","testmod-Acrobat","Shuriken","testmod-Justice","Happy Flower","Strange Spoon","Whetstone"],"campfire_rested":1,"item_purchase_floors":[4,4,4,4,4,15,15,15,15,19,19,19,19,19,19,19,21,21,21,21,21,30,30,37,37,37,37,37,37,37,39,48,48,48,48],"current_hp_per_floor":[72,72,72,74,74,74,74,74,74,74,74,74,74,74,74,74,74,74,74,76,76,76,87,89,91,91,93,75,101,101,101,101,104,104,106,110,110,110,110,110,112,112,113,107,118,120,130,130,130,139],"gold":14,"neow_bonus":"BOSS_RELIC","is_daily":false,"chose_seed":false,"campfire_upgraded":2,"win_rate":0.0,"timestamp":1613328651,"path_taken":["M","?","?","$","?","E","R","E","T","E","R","?","?","?","R","BOSS","M","$","M","$","?","E","M","E","T","E","?","E","$","?","R","BOSS","M","?","$","?","$","R","E","R","T","?","E","?","E","$","R","BOSS"],"items_purchased_type":["Relic","Relic","Potion","Potion","Potion","Relic","Relic","Relic","Relic","Relic","Relic","Relic","Relic","Relic","Relic","Card","Relic","Relic","Relic","Relic","Card","Relic","Relic","Relic","Relic","Relic","Relic","Relic","Relic","Relic","Relic","Relic","Relic","Relic","Relic"],"build_version":"2020-12-22","purchased_purges":19,"victory":true,"max_hp_per_floor":[72,72,72,74,74,74,74,74,74,74,74,74,74,74,74,74,74,74,74,76,76,76,87,89,91,91,93,98,101,101,101,101,104,104,106,110,110,110,110,110,112,112,113,107,118,120,130,130,130,139],"card_choices":[{"not_picked":["Evaluate","Consecrate"],"picked":"FlurryOfBlows","floor":1},{"not_picked":["FollowUp","EmptyBody","Protect","Collect"],"picked":"MostiFishMod:Adaptation","floor":6},{"not_picked":["Evaluate","SashWhip","Sanctity","CutThroughFate","BowlingBash"],"picked":"SKIP","floor":8},{"not_picked":["Prostrate","CrushJoints","SashWhip","LikeWater","EmptyMind"],"picked":"SKIP","floor":10},{"not_picked":["FlurryOfBlows+1","Wireheading","BowlingBash","CarveReality","PathToVictory+1"],"picked":"SKIP","floor":18},{"not_picked":["Crescendo","PathToVictory","SashWhip","Prostrate+1","Protect"],"picked":"SKIP","floor":20},{"not_picked":["SashWhip","SandsOfTime","BattleHymn+1","MostiFishMod:StarHerder+1","FlyingSleeves+1"],"picked":"SKIP","floor":23},{"not_picked":["Nirvana+1","Pray","FlurryOfBlows","Consecrate","CutThroughFate"],"picked":"SKIP","floor":24},{"not_picked":["Indignation","FlyingSleeves","MostiFishMod:Clarity","Weave","SashWhip"],"picked":"SKIP","floor":25},{"not_picked":["Tantrum","LikeWater+1","PathToVictory","EmptyBody","FlyingSleeves"],"picked":"SKIP","floor":27},{"not_picked":["SignatureMove","Crescendo","Brilliance","Conclude+1","Halt"],"picked":"SKIP","floor":29},{"not_picked":["PathToVictory+1","FearNoEvil","ForeignInfluence+1","ClearTheMind+1","Weave"],"picked":"SKIP","floor":35},{"not_picked":["Study+1","Protect+1","Vengeance+1","PathToVictory+1"],"picked":"Adaptation+1","floor":36},{"not_picked":["FlurryOfBlows+1","FollowUp+1","SashWhip","Vengeance+1","ClearTheMind"],"picked":"SKIP","floor":41},{"not_picked":["MostiFishMod:Nomercy+1","CutThroughFate","SashWhip+1","PathToVictory"],"picked":"MostiFishMod:StarLaLaLa","floor":45},{"not_picked":["ClearTheMind","JustLucky","FlyingSleeves","DeceiveReality","WindmillStrike"],"picked":"SKIP","floor":47}],"player_experience":146730,"relics_obtained":[{"floor":1,"key":"SynthV:TestCard"},{"floor":6,"key":"testmod-Alchemist"},{"floor":8,"key":"Juzu Bracelet"},{"floor":9,"key":"Peace Pipe"},{"floor":10,"key":"Boot"},{"floor":23,"key":"Bronze Scales"},{"floor":25,"key":"Pen Nib"},{"floor":26,"key":"testmod-RandomTest"},{"floor":27,"key":"Letter Opener"},{"floor":29,"key":"Akabeko"},{"floor":36,"key":"Old Coin"},{"floor":41,"key":"Blue Candle"},{"floor":43,"key":"Nunchaku"},{"floor":45,"key":"InkBottle"},{"floor":46,"key":"Unceasing Top"},{"floor":47,"key":"Orichalcum"}],"event_choices":[{"damage_healed":0,"gold_gain":0,"player_choice":"Agree","damage_taken":0,"max_hp_gain":0,"max_hp_loss":0,"event_name":"conspire:LoneGhost","floor":2,"gold_loss":0},{"damage_healed":0,"gold_gain":175,"player_choice":"AGREE","damage_taken":0,"max_hp_gain":0,"max_hp_loss":0,"event_name":"Liars Game","floor":3,"gold_loss":0,"cards_obtained":["Doubt"]},{"damage_healed":0,"gold_gain":0,"player_choice":"Leave","damage_taken":0,"max_hp_gain":0,"max_hp_loss":0,"event_name":"conspire:Investor","floor":5,"gold_loss":0},{"damage_healed":0,"gold_gain":0,"player_choice":"Got Potions","damage_taken":0,"max_hp_gain":0,"max_hp_loss":0,"event_name":"Lab","floor":12,"gold_loss":0},{"damage_healed":0,"gold_gain":0,"player_choice":"Leave","damage_taken":0,"max_hp_gain":0,"max_hp_loss":0,"event_name":"The Cleric","floor":13,"gold_loss":0},{"damage_healed":0,"gold_gain":400,"player_choice":"Sell","damage_taken":0,"max_hp_gain":0,"max_hp_loss":0,"event_name":"恩洛斯的盘子","floor":14,"relics_lost":["DaveBox"],"gold_loss":0},{"damage_healed":0,"gold_gain":0,"player_choice":"Read","damage_taken":0,"max_hp_gain":0,"max_hp_loss":0,"event_name":"The Library","floor":22,"gold_loss":0,"cards_obtained":["MostiFishMod:DustFall"]},{"damage_healed":0,"gold_gain":0,"player_choice":"Shed Blood","damage_taken":23,"max_hp_gain":5,"max_hp_loss":0,"event_name":"Forgotten Altar","floor":28,"gold_loss":0},{"damage_healed":0,"gold_gain":0,"player_choice":"Stole Relic","damage_taken":0,"relics_obtained":["testmod-LifeArmor"],"max_hp_gain":0,"max_hp_loss":0,"event_name":"Addict","floor":31,"gold_loss":0,"cards_obtained":["Shame"]},{"damage_healed":0,"gold_gain":0,"player_choice":"Fight","damage_taken":0,"max_hp_gain":0,"max_hp_loss":0,"event_name":"MindBloom","floor":36,"gold_loss":0},{"damage_healed":0,"gold_gain":0,"player_choice":"Bought 0 Potions","damage_taken":0,"max_hp_gain":0,"max_hp_loss":0,"event_name":"The Woman in Blue","floor":38,"gold_loss":0},{"damage_healed":0,"gold_gain":0,"player_choice":"Max HP","damage_taken":0,"max_hp_gain":0,"max_hp_loss":6,"event_name":"Winding Halls","floor":44,"gold_loss":0},{"damage_healed":0,"gold_gain":0,"player_choice":"Fight","damage_taken":0,"max_hp_gain":0,"max_hp_loss":0,"event_name":"Mysterious Sphere","floor":46,"gold_loss":0}],"is_beta":false,"boss_relics":[{"not_picked":["SlaversCollar","testmod-KeyOfTheVoid"],"picked":"SacredBark"},{"not_picked":["Runic Pyramid","TimeKeys"],"picked":"Fusion Hammer"}],"items_purged_floors":[4,4,4,4,4,15,15,15,19,21,21,30,30,37,37,37,48,48,48],"is_endless":false,"potions_floor_spawned":[1,6,10,16,18,20,20,20,23,23,23,24,24,25,25,25,25,27,27,27,27,29,29,29,29,33,33,33,35,35,35,36,41,41,45,45,45,45,46,47,47,47,47],"ascension_level":8}}