{"host":"1y3caoxlf2txzqg0","time":1613287497,"event":{"mods":["Alarm Clock","BaseMod","Colored Map","DeckTracker","Downfall","GifTheSpireLib","Minty Spire (QoL Compilation)","Rare Cards Sparkle","Relic Stats","Spire Birthday Party","StSLib"],"gold_per_floor":[99,116,9,19,19,29,29,61,79,99,99,118,18,18,37,138,138,38,56,156,166,185,211,211,245,145,161,161,181,181,201,212,212,212,212],"floor_reached":33,"language":"DEU","playtime":4195,"items_purged":[],"score":411,"play_id":"3f961d81-ebc0-4b71-9b2c-ffb41d8e1a8a","local_time":"20210214082457","is_ascension_mode":true,"campfire_choices":[{"floor":1,"key":"RECALL"},{"data":"Guardian:Recover","floor":13,"key":"SMITH"},{"data":"1","floor":26,"key":"LIFT"}],"circlet_count":0,"master_deck":["Guardian:Strike_Guardian","Guardian:Strike_Guardian","Guardian:Strike_Guardian","Guardian:Strike_Guardian","Guardian:Defend_Guardian","Guardian:Defend_Guardian","Guardian:Defend_Guardian","Guardian:CurlUp","Guardian:TwinSlam","Guardian:FloatingOrbs","Guardian:SentryBeam+1","Guardian:RollAttack","Guardian:DonusPower","Guardian:ConstructionForm","Guardian:CrystalBeam","Guardian:ChargeCore","Guardian:WalkerClaw","Guardian:PrimingBeam","Guardian:DecasProtection","Guardian:Recover+1","Guardian:StasisEngine","Guardian:TimeBomb","Guardian:PrismaticBeam","Guardian:TemporalStrike+1","Guardian:CrystalBeam","Guardian:VentSteam+1","Guardian:TemporalShield","Guardian:HyperBeam_Guardian","Guardian:ChargeUp","Guardian:PrimingBeam+1","Guardian:TimeSifter","Guardian:PiercingHide+1","Guardian:PrimingBeam","Guardian:Gem_Green","Guardian:Gem_Fragmented"],"relics":["Coffee Dripper","Prayer Wheel","Bronze Scales","downfall:HeartBlessingGreen","Fusion Hammer","downfall:HeartBlessingRed","Girya","Bottled Lightning","Art of War","The Courier","downfall:HeartBlessingBlue"],"acts_visited":["Exordium","TheCity"],"potions_floor_usage":[8,8,10,16,21,21,33],"damage_taken":[{"damage":6,"enemies":"Jaw Worm","floor":2,"turns":4},{"damage":0,"enemies":"downfall:FleeingMerchant","floor":3,"turns":4},{"damage":0,"enemies":"Cultist","floor":4,"turns":3},{"damage":0,"enemies":"2 Louse","floor":6,"turns":2},{"damage":0,"enemies":"Gremlin Nob","floor":8,"turns":5},{"damage":10,"enemies":"downfall:LooterAlt","floor":9,"turns":2},{"damage":5,"enemies":"Exordium Thugs","floor":10,"turns":3},{"damage":0,"enemies":"Blue Slaver","floor":12,"turns":3},{"damage":13,"enemies":"Red Slaver","floor":15,"turns":2},{"damage":0,"enemies":"DF_ARCHETYPE_STREAMLINE","floor":16,"turns":7},{"damage":4,"enemies":"Spheric Guardian","floor":19,"turns":3},{"damage":8,"enemies":"IC_STATUS_ARCHETYPE","floor":20,"turns":5},{"damage":14,"enemies":"downfall:LooterAlt2","floor":21,"turns":3},{"damage":15,"enemies":"Snake Plant","floor":22,"turns":3},{"damage":19,"enemies":"Book of Stabbing","floor":23,"turns":4},{"damage":17,"enemies":"Slavers","floor":25,"turns":4},{"damage":0,"enemies":"Sentry and Sphere","floor":27,"turns":5},{"damage":2,"enemies":"Chosen and Byrds","floor":29,"turns":3},{"damage":0,"enemies":"Centurion and Healer","floor":31,"turns":5},{"damage":19,"enemies":"Shelled Parasite and Fungi","floor":32,"turns":3},{"damage":28,"enemies":"SI_MIRROR_ARCHETYPE","floor":33,"turns":4}],"seed_played":"-6124106012793517272","potions_obtained":[{"floor":2,"key":"GamblersBrew"},{"floor":6,"key":"Block Potion"},{"floor":8,"key":"DistilledChaos"},{"floor":12,"key":"Weak Potion"},{"floor":15,"key":"Explosive Potion"},{"floor":19,"key":"LiquidBronze"},{"floor":23,"key":"FairyPotion"},{"floor":31,"key":"ColorlessPotion"}],"is_trial":false,"path_per_floor":["R","M","$","M","?","M","T","E","M","M","?","M","R","?","M","B",null,"R","M","?","M","M","E","T","E","R","M","?","M","?","M","M","B"],"character_chosen":"GUARDIAN","items_purchased":["Guardian:SentryBeam","Guardian:RollAttack"],"campfire_rested":0,"item_purchase_floors":[3,3],"current_hp_per_floor":[80,74,74,74,74,74,74,74,64,59,59,59,59,59,46,46,80,80,76,68,54,39,20,20,3,13,13,13,11,11,11,27,0,0,0],"gold":212,"neow_bonus":"BOSS_RELIC","is_daily":false,"chose_seed":false,"campfire_upgraded":1,"win_rate":0.0,"timestamp":1613287497,"path_taken":["R","M","$","M","?","M","T","E","M","?","?","M","R","?","M","BOSS","R","M","?","M","M","E","T","E","R","M","?","?","?","M","M","BOSS"],"items_purchased_type":["Card","Card"],"build_version":"2020-12-22","purchased_purges":0,"victory":false,"max_hp_per_floor":[80,80,80,80,80,80,80,80,80,80,80,80,80,80,80,80,80,80,80,80,80,80,80,80,80,90,90,90,90,90,90,90,90,90,90],"relic_stats":{"counters":[21,76],"Bronze Scales":[150],"Prayer Wheel":11,"Art of War":[0],"obtain_stats":[{"Girya":20,"downfall:HeartBlessingRed":18,"downfall:HeartBlessingBlue":26,"Bronze Scales":8,"Guardian:ModeShifter":0,"Prayer Wheel":7,"downfall:HeartBlessingGreen":13,"Fusion Hammer":17,"The Courier":25,"Coffee Dripper":0,"Art of War":23,"Bottled Lightning":20},{"Girya":12,"downfall:HeartBlessingRed":10,"downfall:HeartBlessingBlue":16,"Bronze Scales":5,"Guardian:ModeShifter":0,"Prayer Wheel":4,"downfall:HeartBlessingGreen":8,"Fusion Hammer":10,"The Courier":16,"Coffee Dripper":0,"Art of War":15,"Bottled Lightning":12},{"Girya":43,"downfall:HeartBlessingRed":35,"downfall:HeartBlessingBlue":56,"Bronze Scales":18,"Guardian:ModeShifter":0,"Prayer Wheel":13,"downfall:HeartBlessingGreen":26,"Fusion Hammer":35,"The Courier":56,"Coffee Dripper":0,"Art of War":52,"Bottled Lightning":43}]},"card_choices":[{"not_picked":["Guardian:ArmoredProtocol","Guardian:PrimingBeam"],"picked":"Guardian:Gem_Red","floor":2},{"not_picked":["Guardian:Recover","Guardian:CrystalBeam"],"picked":"Guardian:FloatingOrbs","floor":3},{"not_picked":["Guardian:PolyBeam","Guardian:WalkerClaw"],"picked":"Guardian:DonusPower","floor":4},{"not_picked":["Guardian:ShieldSpikes","Guardian:Gem_Red"],"picked":"Guardian:ConstructionForm","floor":6},{"not_picked":["Guardian:RollAttack","Guardian:PrismaticBarrier"],"picked":"Guardian:CrystalBeam","floor":8},{"not_picked":["Guardian:TemporalShield","Guardian:Planning"],"picked":"Guardian:ChargeCore","floor":9},{"not_picked":["Guardian:Planning","Guardian:VentSteam"],"picked":"Guardian:WalkerClaw","floor":9},{"not_picked":["Guardian:Recover","Guardian:ShieldCharger"],"picked":"Guardian:PrimingBeam","floor":10},{"not_picked":["Guardian:GemFire","Guardian:Reroute"],"picked":"Guardian:DecasProtection","floor":10},{"not_picked":["Guardian:Recover","Guardian:TemporalShield"],"picked":"Guardian:Gem_Red","floor":12},{"not_picked":["Guardian:Reroute","Guardian:BronzeArmor"],"picked":"Guardian:Recover","floor":12},{"not_picked":["Guardian:PrimingBeam","Guardian:Planning"],"picked":"Guardian:Gem_Blue","floor":15},{"not_picked":["Guardian:Gem_Lightblue","Guardian:CrystalBeam"],"picked":"Guardian:Gem_Red","floor":15},{"not_picked":["Guardian:RevengeProtocol","Guardian:AncientConstruct"],"picked":"Guardian:StasisEngine","floor":16},{"not_picked":["Guardian:TemporalStrike","Guardian:Orbwalk+1"],"picked":"Guardian:Gem_Blue","floor":19},{"not_picked":["Guardian:ShieldCharger","Guardian:Gem_Red"],"picked":"Guardian:TimeBomb","floor":19},{"not_picked":["Guardian:Gem_Lightblue","Guardian:Gem_Cyan"],"picked":"Guardian:PrismaticBeam","floor":20},{"not_picked":["Guardian:Emergency","Guardian:StasisStrike"],"picked":"Guardian:TemporalStrike+1","floor":21},{"not_picked":["Guardian:ArmoredProtocol","Guardian:EvasiveProtocol"],"picked":"Guardian:Gem_Crimson","floor":21},{"not_picked":["Guardian:Planning+1","Guardian:TemporalStrike"],"picked":"Guardian:Gem_Green","floor":22},{"not_picked":["Guardian:CrystalBeam","Guardian:VentSteam"],"picked":"Guardian:Gem_Purple","floor":22},{"not_picked":["Guardian:TemporalStrike","Guardian:Preprogram"],"picked":"Guardian:Gem_Blue","floor":23},{"not_picked":["Guardian:Gem_Yellow","Guardian:Recover"],"picked":"Guardian:CrystalBeam","floor":25},{"not_picked":["Guardian:SentryBeam","Guardian:MultiBeam+1"],"picked":"Guardian:VentSteam+1","floor":27},{"not_picked":["Guardian:WalkerClaw","Guardian:DecasProtection"],"picked":"Guardian:TemporalShield","floor":27},{"not_picked":["Guardian:Clone","Guardian:Reroute+1"],"picked":"Guardian:PrimingBeam+1","floor":29},{"not_picked":["Guardian:Incinerate+1","Guardian:TemporalShield"],"picked":"Guardian:TimeSifter","floor":29},{"not_picked":["Guardian:Gem_White","Guardian:Gem_Lightblue"],"picked":"Guardian:PiercingHide+1","floor":31},{"not_picked":["Guardian:TemporalStrike","Guardian:FastForward"],"picked":"Guardian:PrimingBeam","floor":31},{"not_picked":["Guardian:VentSteam","Guardian:DonusPower+1"],"picked":"Guardian:Gem_Green","floor":32},{"not_picked":["Guardian:TimeBomb","Guardian:VentSteam"],"picked":"Guardian:Gem_Fragmented","floor":32}],"player_experience":1001737,"relics_obtained":[{"floor":7,"key":"Prayer Wheel"},{"floor":8,"key":"Bronze Scales"},{"floor":20,"key":"Girya"},{"floor":20,"key":"Bottled Lightning"},{"floor":23,"key":"Art of War"},{"floor":25,"key":"The Courier"}],"event_choices":[{"cards_removed":["Guardian:Defend_Guardian"],"damage_healed":0,"gold_gain":0,"player_choice":"Offered Basic","damage_taken":0,"max_hp_gain":0,"max_hp_loss":0,"event_name":"Bonfire Elementals","floor":5,"gold_loss":0},{"damage_healed":0,"gold_gain":0,"player_choice":"Grow","damage_taken":0,"max_hp_gain":0,"max_hp_loss":0,"event_name":"Living Wall","floor":11,"gold_loss":0,"cards_upgraded":["Guardian:SentryBeam"]}],"is_beta":false,"boss_relics":[{"not_picked":["SacredBark","Runic Pyramid"],"picked":"Fusion Hammer"}],"items_purged_floors":[],"is_endless":false,"potions_floor_spawned":[2,6,8,12,15,19,23,31],"killed_by":"SI_MIRROR_ARCHETYPE","ascension_level":1}}