{"host":"we8ay8el3o9pwc2d","time":1613296791,"event":{"mods":["Act Like it!","Aspiration","BaseMod","BetterRewards","Colored Map","Conspire","Elementarium","GungeonMod","Minty Spire (QoL Compilation)","Robot Space Explorer","StSLib","The Jungle","The Marked","Waifu the Spire"],"gold_per_floor":[116,116,216,233,233,258,273,290,290,344,344,354,354,368,368,470,470,482,500,599,612,303,303,317,351,378,389,0,20,20,20,20,123,123,133,183,183,201,126,126,348,348,348,348,359,378,378,393,393,393,393,393,140,168,168,168],"floor_reached":55,"language":"ENG","playtime":18591,"items_purged":["Shame","Injury"],"score":669,"play_id":"ed1ee9ed-4928-4365-8803-9dce4fc264a0","local_time":"20210214025951","is_ascension_mode":false,"campfire_choices":[{"floor":11,"key":"RECALL"},{"floor":13,"key":"REST"},{"data":"theMarked:EmpowerWeapon","floor":15,"key":"SMITH"},{"data":"theMarked:Improvise","floor":23,"key":"SMITH"},{"floor":30,"key":"REST"},{"floor":32,"key":"REST"},{"data":"theMarked:EternalStudent","floor":40,"key":"SMITH"},{"floor":42,"key":"REST"},{"data":"theMarked:Levitate","floor":49,"key":"SMITH"},{"data":"theMarked:WardOff","floor":52,"key":"SMITH"}],"circlet_count":0,"master_deck":["theMarked:Strike+1","theMarked:Strike","theMarked:Strike","theMarked:Strike","theMarked:Defend","theMarked:Defend","theMarked:Defend","theMarked:SoldierOfQuellstein","theMarked:Levitate+1","Bandage Up+1","theMarked:ElectricStrings","theMarked:TunnelVision","theMarked:GodGivenPower+1","theMarked:WardOff+1","theMarked:PowerFlow","theMarked:EmpowerWeapon+1","theMarked:ContemptForTheProud","theMarked:TakeOffHeels","theMarked:Improvise+1","theMarked:BanishingStrike+1","theMarked:Opportunist+1","theMarked:TakeOffHeels","theMarked:MysticalArsenal+1","theMarked:BindingBlade","theMarked:EternalStudent+1","theMarked:ParalyzingBlade","theMarked:Aftermath","theMarked:RepellingDischarge+1"],"relics":["theMarked:BronzeBlade","DemoMod:OrangeGuonStone","theMarked:KettuFlask","Boot","Darkstone Periapt","Frozen Egg 2","Regal Pillow","Nunchaku","SlaversCollar","Incense Burner","Red Mask","aspiration:FrozenJewel","DemoMod:WhiteGuonStone","aspiration:HummingbirdHeart","Ancient Tea Set","Du-Vu Doll","Pen Nib","Bottled Flame","HandDrill","aspiration:SeaSaltIceCream","MealTicket"],"acts_visited":["Exordium","TheCity","TheBeyond","TheEnding"],"potions_floor_usage":[12,12,25,25,29,33,46,50,55,55],"damage_taken":[{"damage":0,"enemies":"conspire:RoseBush","floor":1,"turns":3},{"damage":0,"enemies":"Cultist","floor":4,"turns":3},{"damage":10,"enemies":"3 Sentries","floor":6,"turns":7},{"damage":0,"enemies":"Small Slimes","floor":7,"turns":2},{"damage":0,"enemies":"conspire:2 RoseBushes","floor":8,"turns":5},{"damage":14,"enemies":"Lots of Slimes","floor":12,"turns":2},{"damage":0,"enemies":"Looter","floor":14,"turns":2},{"damage":29,"enemies":"The Guardian","floor":16,"turns":9},{"damage":28,"enemies":"conspire:FuzzyDice","floor":18,"turns":4},{"damage":8,"enemies":"Chosen","floor":19,"turns":4},{"damage":14,"enemies":"Snecko","floor":21,"turns":4},{"damage":6,"enemies":"conspire:HollyBat","floor":24,"turns":6},{"damage":18,"enemies":"Masked Bandits","floor":25,"turns":5},{"damage":16,"enemies":"Centurion and Healer","floor":27,"turns":5},{"damage":16,"enemies":"Snake Plant","floor":29,"turns":5},{"damage":36,"enemies":"Collector","floor":33,"turns":10},{"damage":4,"enemies":"3 Shapes","floor":35,"turns":5},{"damage":4,"enemies":"Mind Bloom Boss Battle","floor":36,"turns":6},{"damage":15,"enemies":"3 Darklings","floor":38,"turns":5},{"damage":5,"enemies":"4 Shapes","floor":45,"turns":4},{"damage":13,"enemies":"Maw","floor":46,"turns":6},{"damage":0,"enemies":"Sphere and 2 Shapes","floor":48,"turns":4},{"damage":59,"enemies":"conspire:OrnateMirror","floor":50,"turns":8},{"damage":1,"enemies":"Shield and Spear","floor":54,"turns":6},{"damage":89,"enemies":"The Heart","floor":55,"turns":8}],"seed_played":"-7007206950560422056","potions_obtained":[{"floor":1,"key":"LiquidBronze"},{"floor":6,"key":"SteroidPotion"},{"floor":8,"key":"GamblersBrew"},{"floor":14,"key":"theMarked:SummonPotion"},{"floor":16,"key":"EssenceOfSteel"},{"floor":18,"key":"DuplicationPotion"},{"floor":25,"key":"LiquidMemories"},{"floor":27,"key":"Strength Potion"},{"floor":35,"key":"GamblersBrew"},{"floor":46,"key":"EssenceOfSteel"}],"is_trial":false,"path_per_floor":["M","?","?","M","?","E","M","M","T","T","R","M","R","M","R","B",null,"M","M","?","M","$","R","M","?","T","M","$","M","R","?","R","B",null,"M","?","?","M","$","R","?","R","T","T","M","M","?","M","R","B",null,"R","$","E","B"],"character_chosen":"THE_DEFAULT","items_purchased":["DemoMod:OrangeGuonStone","theMarked:Levitate","Boot","Bandage Up","Incense Burner","DemoMod:WhiteGuonStone","aspiration:HummingbirdHeart","HandDrill"],"campfire_rested":4,"item_purchase_floors":[0,0,0,0,22,28,28,53],"current_hp_per_floor":[42,28,28,34,40,36,42,48,48,48,48,40,76,76,76,53,76,54,52,52,44,44,44,44,32,32,22,22,12,49,55,82,52,82,78,78,78,63,63,63,63,82,82,82,77,70,70,76,76,23,82,82,82,81,0,0],"gold":168,"neow_bonus":"","is_daily":false,"chose_seed":false,"campfire_upgraded":5,"win_rate":0.0,"timestamp":1613296791,"path_taken":["M","?","?","?","?","E","M","M","T","?","R","M","R","M","R","BOSS","M","?","?","M","$","R","M","?","T","M","$","M","R","?","R","BOSS","M","?","?","M","$","R","?","R","T","?","M","?","?","M","R","BOSS","R","$","E","BOSS"],"items_purchased_type":["Relic","Card","Relic","Card","Relic","Relic","Relic","Relic"],"build_version":"2020-12-22","purchased_purges":2,"victory":false,"max_hp_per_floor":[70,70,70,70,76,76,76,76,76,76,76,76,76,76,76,76,76,76,76,76,76,76,76,76,76,76,76,76,76,76,82,82,82,82,82,82,82,82,82,82,82,82,82,82,82,82,82,82,82,82,82,82,82,82,82,82],"card_choices":[{"not_picked":["theMarked:Memento","theMarked:WardOff"],"picked":"theMarked:ElectricStrings","floor":1},{"not_picked":["theMarked:HeightenedSenses","theMarked:WardOff"],"picked":"theMarked:TunnelVision","floor":4},{"not_picked":["theMarked:ResourceFulStrike","theMarked:KeepCalmAndFight"],"picked":"theMarked:GodGivenPower+1","floor":6},{"not_picked":["theMarked:Convert","theMarked:Determination+1"],"picked":"theMarked:WardOff","floor":7},{"not_picked":["theMarked:CreepingChasm","theMarked:EmpowerWeapon"],"picked":"theMarked:PowerFlow","floor":8},{"not_picked":["theMarked:Indomitable","theMarked:SwordAndMagic"],"picked":"theMarked:EmpowerWeapon","floor":12},{"not_picked":["theMarked:Frustration","theMarked:SwordAndMagic"],"picked":"theMarked:ContemptForTheProud","floor":14},{"not_picked":["theMarked:Abjuration","theMarked:Levitate"],"picked":"theMarked:TakeOffHeels","floor":16},{"not_picked":["theMarked:RepellingDischarge+1","theMarked:WardOff"],"picked":"theMarked:Improvise","floor":18},{"not_picked":["theMarked:Panic","theMarked:Convert"],"picked":"theMarked:BanishingStrike+1","floor":19},{"not_picked":["theMarked:ShockingTouch+1","theMarked:WastefulAttack+1"],"picked":"theMarked:Opportunist+1","floor":21},{"not_picked":["theMarked:AttractMetal","theMarked:ChannelForce"],"picked":"theMarked:TakeOffHeels","floor":24},{"not_picked":["theMarked:MuscleMemory+1","theMarked:HeightenedSenses"],"picked":"theMarked:MysticalArsenal+1","floor":25},{"not_picked":["theMarked:TwofoldDefense","theMarked:Parkour","theMarked:ResourceFulStrike"],"picked":"SKIP","floor":27},{"not_picked":["theMarked:ResourceFulStrike","theMarked:ChainLightning","theMarked:BanishingStrike"],"picked":"SKIP","floor":29},{"not_picked":["theMarked:ThrowWeapon","theMarked:DispelDoubt"],"picked":"theMarked:BindingBlade","floor":33},{"not_picked":["theMarked:ShockingTouch","theMarked:MysticalArsenal+1","theMarked:Improvise"],"picked":"SKIP","floor":35},{"not_picked":["theMarked:Memento+1","theMarked:Overthink"],"picked":"theMarked:EternalStudent","floor":38},{"not_picked":["theMarked:Memento+1","theMarked:ElectricStrings+1"],"picked":"theMarked:ParalyzingBlade","floor":45},{"not_picked":["theMarked:ThrowWeapon","theMarked:Frustration+1"],"picked":"theMarked:Aftermath","floor":46},{"not_picked":["theMarked:WardOff","theMarked:TwofoldDefense+1","theMarked:BanishingStrike+1"],"picked":"SKIP","floor":48},{"not_picked":["theMarked:SwordAndMagic","theMarked:ParalyzingBlade+1"],"picked":"theMarked:RepellingDischarge+1","floor":54}],"player_experience":1792463,"relics_obtained":[{"floor":6,"key":"Regal Pillow"},{"floor":10,"key":"Nunchaku"},{"floor":25,"key":"Red Mask"},{"floor":26,"key":"DemoMod:WeirdEgg"},{"floor":36,"key":"Du-Vu Doll"},{"floor":43,"key":"Pen Nib"},{"floor":44,"key":"Bottled Flame"},{"floor":54,"key":"aspiration:SeaSaltIceCream"}],"event_choices":[{"damage_healed":0,"gold_gain":0,"player_choice":"Entered Light","damage_taken":14,"max_hp_gain":0,"max_hp_loss":0,"event_name":"Shining Light","floor":2,"gold_loss":0,"cards_upgraded":["Bandage Up","theMarked:Strike"]},{"damage_healed":0,"gold_gain":100,"player_choice":"Pray","damage_taken":0,"max_hp_gain":0,"max_hp_loss":0,"event_name":"Golden Shrine","floor":3,"gold_loss":0},{"damage_healed":0,"gold_gain":99,"player_choice":"Stole From Cult","damage_taken":0,"max_hp_gain":0,"max_hp_loss":0,"event_name":"Nest","floor":20,"gold_loss":0},{"damage_healed":0,"gold_gain":0,"player_choice":"Fought Bandits","damage_taken":0,"max_hp_gain":0,"max_hp_loss":0,"event_name":"Masked Bandits","floor":25,"gold_loss":0},{"damage_healed":0,"gold_gain":0,"player_choice":"Stole Relic","damage_taken":0,"relics_obtained":["Ancient Tea Set"],"max_hp_gain":0,"max_hp_loss":0,"event_name":"Addict","floor":31,"gold_loss":0,"cards_obtained":["Shame"]},{"damage_healed":0,"gold_gain":0,"player_choice":"Fight","damage_taken":0,"max_hp_gain":0,"max_hp_loss":0,"event_name":"MindBloom","floor":36,"gold_loss":0},{"damage_healed":0,"gold_gain":0,"player_choice":"Leave","damage_taken":0,"max_hp_gain":0,"max_hp_loss":0,"event_name":"conspire:Investor","floor":37,"gold_loss":0},{"damage_healed":0,"gold_gain":222,"player_choice":"Wore Mask","damage_taken":0,"max_hp_gain":0,"max_hp_loss":0,"event_name":"Tomb of Lord Red Mask","floor":41,"gold_loss":0},{"cards_removed":["theMarked:Strike"],"damage_healed":0,"gold_gain":0,"player_choice":"Removed Attack","damage_taken":0,"max_hp_gain":0,"max_hp_loss":0,"event_name":"Falling","floor":47,"gold_loss":0}],"is_beta":false,"boss_relics":[{"not_picked":["Tiny House","Coffee Dripper"],"picked":"SlaversCollar"},{"not_picked":["aspiration:DefectSkillbook","aspiration:WatcherSkillbook"],"picked":"theMarked:BronzeBlade"}],"items_purged_floors":[39,53],"is_endless":false,"potions_floor_spawned":[1,6,8,14,16,18,21,25,27,35,45,46],"killed_by":"The Heart","ascension_level":0}}