{"host":"g2yp6paluzgljz05","time":1613340499,"event":{"mods":["BaseMod","Bestiary","Colored Powertips","DeckTracker","Highlight Path","Minty Spire (QoL Compilation)","Quick Restart"],"gold_per_floor":[112,37,57,73,89,89,124,135,159,159,159],"floor_reached":10,"language":"ENG","playtime":456,"items_purged":["Strike_B"],"score":88,"play_id":"95249eb5-db81-4873-be8d-a6f2ab17b207","local_time":"20210215090819","is_ascension_mode":true,"campfire_choices":[{"data":"Chill","floor":6,"key":"SMITH"}],"circlet_count":0,"master_deck":["Strike_B","Strike_B","Strike_B","Defend_B","Defend_B","Defend_B","Defend_B","Zap","Dualcast","Electrodynamics","Coolheaded","Chill+1","Machine Learning","Capacitor"],"relics":["Cracked Core","Peace Pipe","Juzu Bracelet"],"acts_visited":["Exordium"],"potions_floor_usage":[7,10],"damage_taken":[{"damage":1,"enemies":"Cultist","floor":1,"turns":3},{"damage":0,"enemies":"Small Slimes","floor":3,"turns":2},{"damage":0,"enemies":"2 Louse","floor":4,"turns":2},{"damage":5,"enemies":"Gremlin Gang","floor":5,"turns":2},{"damage":55,"enemies":"Lagavulin","floor":7,"turns":8},{"damage":6,"enemies":"3 Louse","floor":8,"turns":3},{"damage":4,"enemies":"3 Sentries","floor":10,"turns":2}],"seed_played":"-7461415895657288075","potions_obtained":[{"floor":4,"key":"Regen Potion"},{"floor":7,"key":"Energy Potion"}],"is_trial":false,"path_per_floor":["M","$","M","M","M","R","E","M","T","E"],"character_chosen":"DEFECT","items_purchased":[],"campfire_rested":0,"item_purchase_floors":[],"current_hp_per_floor":[53,53,53,53,48,48,8,2,2,0,0],"gold":159,"neow_bonus":"THREE_RARE_CARDS","is_daily":false,"chose_seed":false,"campfire_upgraded":1,"win_rate":0.0,"timestamp":1613340499,"path_taken":["M","$","M","?","M","R","E","M","T","E"],"items_purchased_type":[],"build_version":"2020-12-22","purchased_purges":1,"victory":false,"max_hp_per_floor":[75,75,75,75,75,75,75,75,75,75,75],"card_choices":[{"not_picked":["Seek","Creative AI"],"picked":"Electrodynamics","floor":0},{"not_picked":["Gash","Beam Cell"],"picked":"Coolheaded","floor":1},{"not_picked":["Darkness","Recycle","Skim"],"picked":"SKIP","floor":3},{"not_picked":["Conserve Battery","Sunder","Rip and Tear"],"picked":"SKIP","floor":4},{"not_picked":["Cold Snap","Skim"],"picked":"Chill","floor":5},{"not_picked":["Hologram","Go for the Eyes"],"picked":"Machine Learning","floor":7},{"not_picked":["Fusion","Streamline"],"picked":"Capacitor","floor":8}],"player_experience":369267,"relics_obtained":[{"floor":7,"key":"Peace Pipe"},{"floor":9,"key":"Juzu Bracelet"}],"event_choices":[],"is_beta":false,"boss_relics":[],"items_purged_floors":[2],"is_endless":false,"potions_floor_spawned":[4,7],"killed_by":"3 Sentries","ascension_level":5}}