{"host":"gc0hqzwg2gd3zszy","time":1613282350,"event":{"mods":["BaseMod","DeckTracker","Minty Spire (QoL Compilation)","Relic Stats","SuperFastMode"],"gold_per_floor":[110,127,21,21,96,96,115,22,22,34,62,62,36,36,36,135,135,155,173,173,194,218,231,231,252,278,302,302,302,302,320,320,320,320],"floor_reached":33,"language":"KOR","playtime":1798,"items_purged":[],"score":498,"play_id":"635ad968-e131-4130-a4bb-d1da9f917ce1","local_time":"20210214145910","is_ascension_mode":true,"campfire_choices":[{"data":"Zap","floor":6.0,"key":"SMITH"},{"data":"Coolheaded","floor":15.0,"key":"SMITH"},{"floor":29,"key":"REST"},{"floor":32,"key":"REST"}],"circlet_count":0,"master_deck":["AscendersBane","Strike_B","Strike_B","Strike_B","Defend_B","Defend_B","Zap+1","Dualcast","Compile Driver","Conserve Battery","Glacier","Ball Lightning","Coolheaded+1","BootSequence","Self Repair","Stack","Barrage","Conserve Battery","Coolheaded","Reboot","Redo","Blizzard","Beam Cell+1","Go for the Eyes","Rebound","Conserve Battery","Aggregate","Rip and Tear","Compile Driver","Ball Lightning+1"],"relics":["Cracked Core","Mercury Hourglass","Boot","Golden Idol","Sozu","DataDisk","Bottled Flame"],"acts_visited":["Exordium","TheCity"],"potions_floor_usage":[],"damage_taken":[{"damage":7.0,"enemies":"Jaw Worm","floor":1.0,"turns":3.0},{"damage":4.0,"enemies":"Small Slimes","floor":2.0,"turns":3.0},{"damage":0.0,"enemies":"2 Louse","floor":7.0,"turns":2.0},{"damage":3.0,"enemies":"Red Slaver","floor":10.0,"turns":3.0},{"damage":1.0,"enemies":"Gremlin Nob","floor":11.0,"turns":3.0},{"damage":50.0,"enemies":"Hexaghost","floor":16.0,"turns":15.0},{"damage":13.0,"enemies":"2 Thieves","floor":18.0,"turns":4.0},{"damage":23,"enemies":"Chosen","floor":19,"turns":6},{"damage":15,"enemies":"Centurion and Healer","floor":21,"turns":11},{"damage":6,"enemies":"Snecko","floor":22,"turns":8},{"damage":15,"enemies":"Sentry and Sphere","floor":23,"turns":6},{"damage":0,"enemies":"Shelled Parasite and Fungi","floor":25,"turns":6},{"damage":15,"enemies":"3 Cultists","floor":27,"turns":5},{"damage":17,"enemies":"Centurion and Healer","floor":31,"turns":7},{"damage":42,"enemies":"Champ","floor":33,"turns":10}],"seed_played":"1364424313987359033","potions_obtained":[{"floor":2.0,"key":"DuplicationPotion"},{"floor":7.0,"key":"LiquidMemories"},{"floor":11.0,"key":"Fire Potion"}],"is_trial":false,"path_per_floor":["M","M","$","?","?","R","M","$","T","M","E","?","$","?","R","B",null,"M","M","?","M","M","M","?","M","T","M","?","R","T","M","R","B"],"character_chosen":"DEFECT","items_purchased":["Ball Lightning","Coolheaded","Self Repair","Stack","Coolheaded"],"campfire_rested":2,"item_purchase_floors":[3,3,8,8,13],"current_hp_per_floor":[57,53,53,53,42,42,42,42,42,46,52,52,52,52,52,9,50,44,28,28,20,21,13,13,20,20,12,12,31,31,21,40,0,0],"gold":320,"neow_bonus":"THREE_CARDS","is_daily":false,"chose_seed":false,"campfire_upgraded":2,"win_rate":0.0,"timestamp":1613282350,"path_taken":["M","M","$","?","?","R","M","?","T","M","E","?","$","?","R","BOSS","M","M","?","M","M","M","?","?","T","M","?","R","?","M","R","BOSS"],"items_purchased_type":["Card","Card","Card","Card","Card"],"build_version":"2020-12-22","purchased_purges":0,"victory":false,"max_hp_per_floor":[71,71,71,71,71,71,71,71,71,71,71,64,64,64,64,64,64,64,64,64,64,64,64,64,64,64,64,64,64,64,64,64,64,64],"relic_stats":{"Sozu":6,"counters":[15,92],"Golden Idol":53,"Boot":[85],"obtain_stats":[{"Sozu":17,"DataDisk":26,"Bottled Flame":30,"Golden Idol":12,"Cracked Core":0,"Boot":11,"Mercury Hourglass":9},{"Sozu":6,"DataDisk":12,"Bottled Flame":13,"Golden Idol":5,"Cracked Core":0,"Boot":5,"Mercury Hourglass":3},{"Sozu":29,"DataDisk":70,"Bottled Flame":75,"Golden Idol":14,"Cracked Core":0,"Boot":14,"Mercury Hourglass":8}],"Mercury Hourglass":[254]},"card_choices":[{"not_picked":["Hello World","Steam"],"picked":"Compile Driver","floor":0.0},{"not_picked":["Redo","Barrage"],"picked":"Conserve Battery","floor":1.0},{"not_picked":["Heatsinks","Steam"],"picked":"Glacier","floor":2.0},{"not_picked":["Leap","Static Discharge"],"picked":"BootSequence","floor":7.0},{"not_picked":["Meteor Strike","Rip and Tear"],"picked":"Barrage","floor":10.0},{"not_picked":["Capacitor","Cold Snap"],"picked":"Conserve Battery","floor":11.0},{"not_picked":["Meteor Strike","Rainbow"],"picked":"Reboot","floor":16.0},{"not_picked":["Consume","Compile Driver"],"picked":"Redo","floor":18.0},{"not_picked":["Undo","Compile Driver"],"picked":"Blizzard","floor":19},{"not_picked":["Hologram","Coolheaded"],"picked":"Beam Cell+1","floor":21},{"not_picked":["Steam","Double Energy"],"picked":"Go for the Eyes","floor":22},{"not_picked":["Leap","Amplify"],"picked":"Rebound","floor":23},{"not_picked":["Self Repair+1","Barrage"],"picked":"Conserve Battery","floor":25},{"not_picked":["Rebound","Gash"],"picked":"Aggregate","floor":27},{"not_picked":["FTL","Compile Driver"],"picked":"Ball Lightning+1","floor":31}],"player_experience":1395822,"relics_obtained":[{"floor":9.0,"key":"Mercury Hourglass"},{"floor":11.0,"key":"Boot"},{"floor":26,"key":"DataDisk"},{"floor":30,"key":"Bottled Flame"}],"event_choices":[{"cards_removed":["Strike_B"],"damage_healed":0.0,"max_hp_gain":0.0,"max_hp_loss":0.0,"gold_gain":0.0,"event_name":"Living Wall","player_choice":"Forget","floor":4.0,"gold_loss":0.0,"damage_taken":0.0},{"damage_healed":0.0,"max_hp_gain":0.0,"max_hp_loss":0.0,"gold_gain":75.0,"event_name":"World of Goop","player_choice":"Gather Gold","floor":5.0,"gold_loss":0.0,"damage_taken":11.0},{"damage_healed":0.0,"max_hp_gain":0.0,"max_hp_loss":7.0,"gold_gain":0.0,"event_name":"Golden Idol","player_choice":"Lose Max HP","floor":12.0,"gold_loss":0.0,"damage_taken":0.0,"relics_obtained":["Golden Idol"]},{"damage_healed":0.0,"max_hp_gain":0.0,"max_hp_loss":0.0,"gold_gain":0.0,"event_name":"Liars Game","player_choice":"Ignored","floor":14.0,"gold_loss":0.0,"damage_taken":0.0},{"damage_healed":0,"gold_gain":0,"player_choice":"Ignored","damage_taken":0,"max_hp_gain":0,"max_hp_loss":0,"event_name":"The Mausoleum","floor":20,"gold_loss":0},{"damage_healed":0,"gold_gain":0,"player_choice":"Got Potions","damage_taken":0,"max_hp_gain":0,"max_hp_loss":0,"event_name":"Lab","floor":24,"gold_loss":0},{"damage_healed":0,"gold_gain":0,"cards_transformed":["Defend_B","Defend_B"],"player_choice":"Became Test Subject","damage_taken":0,"max_hp_gain":0,"max_hp_loss":0,"event_name":"Drug Dealer","floor":28,"gold_loss":0,"cards_obtained":["Rip and Tear","Compile Driver"]}],"is_beta":false,"boss_relics":[{"not_picked":["Astrolabe","Fusion Hammer"],"picked":"Sozu"}],"items_purged_floors":[],"is_endless":false,"potions_floor_spawned":[2,7,10,11,21,22,23,25],"killed_by":"Champ","ascension_level":20}}