{"host":"mytek2nu1hrzdnew","time":1613342956,"event":{"mods":["AchievementEnabler","Aspiration","BaseMod","Bossed Relics","GifTheSpireLib","Hubris","Marked Mod","Minty Spire (QoL Compilation)","Replay The Spire","StSLib","Stuff the Spire","Uncapped"],"gold_per_floor":[119,135,145,70,90,123,138,138,189,189,206,206,221,259,259,259,259],"floor_reached":16,"language":"ENG","playtime":1212,"items_purged":["Eruption"],"score":120,"play_id":"6b537db1-2bb7-44a3-9f5e-c5ef9773f326","local_time":"20210214174916","is_ascension_mode":true,"campfire_choices":[{"floor":8,"key":"REST"},{"floor":12,"key":"REST"},{"floor":15,"key":"REST"}],"circlet_count":0,"master_deck":["Strike_P","Strike_P","Strike_P","Strike_P","Defend_P","Defend_P","Defend_P","Vigilance","MarkedMod:GracefulMovements","MarkedMod:OneThousandNeedles","PathToVictory","MarkedMod:GentlePulse","FlurryOfBlows","Consecrate","Devotion","CutThroughFate"],"relics":["PureWater","hubris:64BitClover","Damaru","Blood Vial"],"acts_visited":["Exordium"],"potions_floor_usage":[14,14,16],"damage_taken":[{"damage":2,"enemies":"Small Slimes","floor":1,"turns":3},{"damage":5,"enemies":"2 Louse","floor":2,"turns":4},{"damage":7,"enemies":"Cultist","floor":3,"turns":6},{"damage":8,"enemies":"Red Slaver","floor":5,"turns":4},{"damage":14,"enemies":"Replay:BlueRogue","floor":6,"turns":5},{"damage":14,"enemies":"Blue Slaver","floor":7,"turns":3},{"damage":9,"enemies":"Large Slime","floor":11,"turns":6},{"damage":5,"enemies":"Looter","floor":13,"turns":3},{"damage":54,"enemies":"Gremlin Nob","floor":14,"turns":6},{"damage":47,"enemies":"Fading Forest","floor":16,"turns":11}],"seed_played":"-2314293493820546156","potions_obtained":[{"floor":6,"key":"Block Potion"},{"floor":7,"key":"Swift Potion"},{"floor":13,"key":"ColorlessPotion"}],"is_trial":false,"path_per_floor":["M","M","M","$","M","E","M","R","T","?","M","R","M","E","R","B"],"character_chosen":"WATCHER","items_purchased":[],"campfire_rested":3,"item_purchase_floors":[],"current_hp_per_floor":[70,65,58,58,50,36,22,43,43,58,49,70,65,11,32,0,0],"gold":259,"neow_bonus":"REMOVE_CARD","is_daily":false,"chose_seed":false,"campfire_upgraded":0,"win_rate":0.0,"timestamp":1613342956,"path_taken":["M","M","M","$","M","E","M","R","T","?","M","R","M","E","R","BOSS"],"items_purchased_type":[],"build_version":"2020-12-22","purchased_purges":1,"victory":false,"max_hp_per_floor":[72,72,72,72,72,72,72,72,72,72,72,72,72,72,72,72,72],"card_choices":[{"not_picked":["Consecrate","Prostrate"],"picked":"MarkedMod:GracefulMovements","floor":1},{"not_picked":["Protect","Replay:ManipulateFuture"],"picked":"MarkedMod:OneThousandNeedles","floor":2},{"not_picked":["WaveOfTheHand","MarkedMod:FirstStrike"],"picked":"PathToVictory","floor":3},{"not_picked":["Replay:BluntJabs","Indignation"],"picked":"MarkedMod:GentlePulse","floor":5},{"not_picked":["ThirdEye","Protect"],"picked":"FlurryOfBlows","floor":6},{"not_picked":["ForeignInfluence","Pray"],"picked":"Consecrate","floor":7},{"not_picked":["Weave","Protect","SignatureMove"],"picked":"SKIP","floor":11},{"not_picked":["Halt","Study"],"picked":"Devotion","floor":13},{"not_picked":["CrushJoints","JustLucky"],"picked":"CutThroughFate","floor":14}],"player_experience":1076041,"relics_obtained":[{"floor":6,"key":"hubris:64BitClover"},{"floor":9,"key":"Damaru"},{"floor":14,"key":"Blood Vial"}],"event_choices":[],"is_beta":false,"boss_relics":[],"items_purged_floors":[4],"is_endless":false,"potions_floor_spawned":[6,7,13],"killed_by":"Fading Forest","ascension_level":1}}