{"host":"n7mxhpjy89lltbhc","time":1613298312,"event":{"mods":["2.2 Compatiblity","Act Like it!","BaseMod","Better Match","Better Sensory Stone","Better Synergies","BetterRewards","Colored Map","Colored Powertips","Downfall","Exacting","Gensokyo","Infinite Spire","Jedi Mod","Marisa????????","Minty Spire (QoL Compilation)","Permanent Neow","Poem Panic","Rare Cards Sparkle","Relic Stats","Replay The Spire","Shop Mod","Small Relic Pack","Spicy Shops","Spire Arcade","StSLib","The Blue Laboratory","The Servant 0.9.4","Waifu the Spire","Wandering Minibosses","Wide Potions","Yakumo Yukari mod"],"gold_per_floor":[148,148,162,180,191,217,217,247,247,280,280,331,346,51,51,156,156,175,175,31,31,47,47,74,74,74,74,74,102,25,53,53,158,158,80,99,99,99,99,133,133,177,226,254,287,320,370,408,408,408],"floor_reached":51,"language":"ENG","playtime":3637,"items_purged":["Observe_purple_1"],"score":1628,"play_id":"a8b47c10-880f-4b40-a230-8abac6de7b40","local_time":"25640214172512","is_ascension_mode":true,"campfire_choices":[{"data":"WorldDissolvedintheRealm_purple","floor":7.0,"key":"SMITH"},{"data":"Fancifulhole_purple","floor":11.0,"key":"SMITH"},{"data":"SharpContractionReality_purple","floor":15.0,"key":"SMITH"},{"data":"MeetDecomposer_purple","floor":15.0,"key":"SMITH"},{"data":"PositiveMatter_Antimatter_Universe_purple","floor":23.0,"key":"SMITH"},{"data":"Observe_purple_2","floor":23.0,"key":"SMITH"},{"data":"BarrageBoundary_PipeDream_purple","floor":25.0,"key":"SMITH"},{"data":"WeekHit_purple","floor":25.0,"key":"SMITH"},{"data":"Fantasy_PerpetualMotionMachine_purple","floor":27.0,"key":"SMITH"},{"data":"Line_surface_state_purple","floor":27.0,"key":"SMITH"},{"floor":32.0,"key":"DIG"},{"data":"ProofOfUnderstanding_purple","floor":41,"key":"SMITH"},{"data":"DimensionStaggered_purple","floor":41,"key":"SMITH"},{"data":"Umbrella_purple","floor":49,"key":"SMITH"},{"data":"infinitespire:NeuralNetwork","floor":49,"key":"SMITH"}],"circlet_count":0,"master_deck":["Observe_purple_2+1","Human_Monster_Realm_purple","MeetDecomposer_purple+1","DimensionStaggered_purple+1","WorldDissolvedintheRealm_purple+1","GluttonyofRealm_purpleEX+1","Fancifulhole_purple+1","Line_surface_state_purple+1","Fantasy_PerpetualMotionMachine_purple+1","WeekHit_purple+1","BarrageBoundary_PipeDream_purple+1","PositiveMatter_Antimatter_Universe_purple+1","RuptureOfTimeAndSpace_purple+1","ProofOfUnderstanding_purple+1","Charmbait_purple+1","downfall:Haunted","Mirror_FormAndEmptin_purple+1","Umbrella_purple+1","infinitespire:NeuralNetwork+1"],"relics":["Boundary_crack","Memoryfragments_purpleEX","PoemPanic:PoemPanicRelic","Pen Nib","Mummified Hand","Snack Pack","wanderingMiniBosses:CarrionFlame","Singing Bowl","Replay:Arrowhead","Cursed Key","Nilry\u0027s Codex","Membership Card","Shovel","Replay:Bottled Steam","Toxic Egg 2","Replay:Wax Seal","ClockworkSouvenir","Replay:WaspNest","CaptainsWheel","infinitespire:EvilPickle","Painkiller Herb","Counterbalance","Replay:Drink Me","infinitespire:Eraser","Blue Candle","Blood Vial","Replay:Bottled Snecko"],"acts_visited":["Exordium","TheCity","Gensokyo:Gensokyoest"],"potions_floor_usage":[50],"damage_taken":[{"damage":0.0,"enemies":"Small Slimes","floor":1.0,"turns":2.0},{"damage":0.0,"enemies":"Cultist","floor":3.0,"turns":2.0},{"damage":0.0,"enemies":"Jaw Worm","floor":4.0,"turns":3.0},{"damage":9.0,"enemies":"2 Fungi Beasts","floor":5.0,"turns":6.0},{"damage":22.0,"enemies":"3 Sentries","floor":6.0,"turns":3.0},{"damage":17.0,"enemies":"Replay:BlueRogue","floor":8.0,"turns":3.0},{"damage":0.0,"enemies":"Red Slaver","floor":10.0,"turns":2.0},{"damage":15.0,"enemies":"3 Sentries","floor":12.0,"turns":2.0},{"damage":0.0,"enemies":"Blue Slaver","floor":13.0,"turns":3.0},{"damage":0.0,"enemies":"Fading Forest","floor":16.0,"turns":11.0},{"damage":3.0,"enemies":"Shell Parasite","floor":18.0,"turns":2.0},{"damage":0.0,"enemies":"Spheric Guardian","floor":22.0,"turns":1.0},{"damage":30.0,"enemies":"Book of Stabbing","floor":24.0,"turns":3.0},{"damage":0.0,"enemies":"Nightmare","floor":29.0,"turns":2.0},{"damage":0.0,"enemies":"Gremlin Leader","floor":31.0,"turns":3.0},{"damage":0.0,"enemies":"Pondfish","floor":33.0,"turns":5.0},{"damage":2.0,"enemies":"Gensokyo:3_Bats","floor":35.0,"turns":2.0},{"damage":0,"enemies":"Gensokyo:3_Boulders","floor":36,"turns":2},{"damage":0,"enemies":"Gensokyo:Doremy","floor":40,"turns":2},{"damage":0,"enemies":"Gensokyo:Kasen","floor":42,"turns":3},{"damage":0,"enemies":"Gensokyo:Rafflesia","floor":44,"turns":3},{"damage":0,"enemies":"Gensokyo:4_Bats","floor":45,"turns":1},{"damage":0,"enemies":"Gensokyo:Sharpion","floor":46,"turns":2},{"damage":0,"enemies":"Nightmare","floor":47,"turns":4},{"damage":0,"enemies":"Gensokyo:Dusk_and_Dawn","floor":48,"turns":1},{"damage":0,"enemies":"Gensokyo:Yuyuko","floor":50,"turns":4}],"seed_played":"-3069597603414790998","potions_obtained":[{"floor":6.0,"key":"Guardian:BlockOnCardUsePotion"},{"floor":6.0,"key":"jedi:StrikingPotion"},{"floor":10.0,"key":"RealmPotion"},{"floor":22.0,"key":"blueLaboratory:FruitPunch"},{"floor":33.0,"key":"sneckomod:MuddlingPotion"},{"floor":40,"key":"blueLaboratory:EnragingPotion"},{"floor":44,"key":"LifebloodPotion"}],"is_trial":false,"path_per_floor":["M","?","M","M","M","E","R","E","T","M","R","E","M","$","R","B",null,"M","?","$","?","M","R","E","R","T","R","?","NM","$","E","R","B",null,"?","?","?","?","?","E","T","E","T","?","?","?","NM","?","T","B",null],"character_chosen":"Youkari","items_purchased":["Replay:Arrowhead","Membership Card","Replay:Wax Seal","ClockworkSouvenir","RuptureOfTimeAndSpace_purple+1"],"campfire_rested":0,"item_purchase_floors":[14,20,30,30,30],"current_hp_per_floor":[73,73,77,81,72,52,52,40,40,44,44,37,44,44,44,67,101,99,83,83,83,90,90,68,68,68,68,68,76,76,82,82,94,127,127,129,133,80,75,75,75,77,77,77,79,81,81,83,83,83],"gold":408,"neow_bonus":"","is_daily":false,"chose_seed":false,"campfire_upgraded":14,"win_rate":0.0,"timestamp":1613298312,"path_taken":["M","?","M","M","M","E","R","E","T","M","R","E","?","$","R","BOSS","M","?","$","?","?","R","E","R","T","R","?","NM","?","E","R","BOSS","?","?","?","?","?","E","T","E","T","?","?","?","NM","?","T","BOSS"],"items_purchased_type":["Relic","Relic","Relic","Relic","Card"],"build_version":"2020-12-22","purchased_purges":1,"victory":true,"max_hp_per_floor":[73,73,77,81,81,81,81,85,85,89,89,95,101,101,101,101,101,101,101,101,101,107,107,113,113,113,113,113,119,119,123,123,127,127,127,129,133,133,75,75,75,77,77,77,79,81,81,83,83,83],"relic_stats":{"Blood Vial":0,"Shovel":1,"Singing Bowl":26,"counters":[26,77],"Mummified Hand":[32],"Blue Candle":[0],"Pen Nib":[14],"Cursed Key":2,"obtain_stats":[{"Singing Bowl":12,"Nilry\u0027s Codex":19,"Painkiller Herb":34,"jedi:command_boss":39,"Cursed Key":17,"ClockworkSouvenir":30,"Blood Vial":43,"Shovel":24,"Mummified Hand":8,"Replay:Bottled Snecko":47,"Toxic Egg 2":29,"Replay:Wax Seal":30,"infinitespire:Eraser":40,"Replay:Drink Me":39,"Replay:Bottled Steam":26,"Counterbalance":38,"Blue Candle":42,"Pen Nib":6,"Replay:WaspNest":31,"Boundary_crack":0,"PoemPanic:PoemPanicRelic":0,"Replay:Arrowhead":14,"infinitespire:EvilPickle":33,"CaptainsWheel":32,"wanderingMiniBosses:CarrionFlame":10,"Snack Pack":9,"Membership Card":20,"Memoryfragments_purpleEX":0},{"Singing Bowl":8,"Nilry\u0027s Codex":11,"Painkiller Herb":16,"jedi:command_boss":18,"Cursed Key":10,"ClockworkSouvenir":14,"Blood Vial":20,"Shovel":13,"Mummified Hand":6,"Replay:Bottled Snecko":24,"Toxic Egg 2":14,"Replay:Wax Seal":14,"infinitespire:Eraser":19,"Replay:Drink Me":18,"Replay:Bottled Steam":13,"Counterbalance":18,"Blue Candle":20,"Pen Nib":5,"Replay:WaspNest":15,"Boundary_crack":0,"PoemPanic:PoemPanicRelic":0,"Replay:Arrowhead":9,"infinitespire:EvilPickle":16,"CaptainsWheel":15,"wanderingMiniBosses:CarrionFlame":7,"Snack Pack":6,"Membership Card":11,"Memoryfragments_purpleEX":0},{"Singing Bowl":23,"Nilry\u0027s Codex":39,"Painkiller Herb":53,"jedi:command_boss":57,"Cursed Key":37,"ClockworkSouvenir":45,"Blood Vial":62,"Shovel":43,"Mummified Hand":19,"Replay:Bottled Snecko":72,"Toxic Egg 2":45,"Replay:Wax Seal":45,"infinitespire:Eraser":59,"Replay:Drink Me":57,"Replay:Bottled Steam":43,"Counterbalance":57,"Blue Candle":62,"Pen Nib":16,"Replay:WaspNest":48,"Boundary_crack":0,"PoemPanic:PoemPanicRelic":0,"Replay:Arrowhead":26,"infinitespire:EvilPickle":53,"CaptainsWheel":48,"wanderingMiniBosses:CarrionFlame":21,"Snack Pack":19,"Membership Card":39,"Memoryfragments_purpleEX":0}]},"card_choices":[{"not_picked":["Mirror_FormAndEmptin_purple","WatchEChange_purple"],"picked":"Line_surface_state_purple","floor":1.0},{"not_picked":["Bait_HighSpeedFlying_purple","Boundary_ObjectiveBoundary_purple"],"picked":"Fantasy_PerpetualMotionMachine_purple","floor":3.0},{"not_picked":["Mirror_FormAndEmptin_purple","PurpleNeedle_purple","MeetDecomposer_purple"],"picked":"SKIP","floor":4.0},{"not_picked":["StateErode_purple","Shallow_ocean_purpleEX"],"picked":"SharpContractionReality_purple","floor":5.0},{"not_picked":["ButterflyHabitatTemple_purple","Mirror_WaveAndshot_purple"],"picked":"Boundary_DreamRealityDamnation_purple","floor":6.0},{"not_picked":["DimensionStaggered_purple","ExistenceContinue_purple","ContainerChange_purple"],"picked":"SKIP","floor":8.0},{"not_picked":["SfantasyHide_purple","DarkRealmRedLine_purple"],"picked":"WeekHit_purple","floor":10.0},{"not_picked":["RuleDissolution_purple","Yakumo_Ran_purple","ExistenceContinue_purple"],"picked":"Singing Bowl","floor":12.0},{"not_picked":["Shallow_ocean_purpleEX","StretchesForeverDream_purple","DimensionStaggered_purple"],"picked":"Singing Bowl","floor":13.0},{"not_picked":["Price_of_realm_purpleEX","ContainerChange_purple"],"picked":"BarrageBoundary_PipeDream_purple","floor":16.0},{"not_picked":["SharpContractionReality_purple","StateDuplicate_purple+1"],"picked":"PositiveMatter_Antimatter_Universe_purple","floor":18.0},{"not_picked":["OmniscientAndOmnipotent_Monster_purple","Anti_communist_purple+1","RuleDissolution_purple"],"picked":"Singing Bowl","floor":22.0},{"not_picked":["ExistenceContinue_purple","MetroBOOM_purple+1","CommonSense_AntiCommonSense_purple+1"],"picked":"Singing Bowl","floor":24.0},{"not_picked":["Realm_recovery_purpleEX+1","Charmbait_purple+1","Anti_communist_purple+1"],"picked":"Singing Bowl","floor":29.0},{"not_picked":["WeekHit_purple","Line_surface_state_purple+1","Boundary_DynamicStaticEquilibrium_purple+1"],"picked":"Singing Bowl","floor":31.0},{"not_picked":["GluttonyofRealm_purpleEX","ContainerChange_purple"],"picked":"ProofOfUnderstanding_purple","floor":33.0},{"not_picked":["Line_surface_state_purple+1","Shallow_ocean_purpleEX"],"picked":"Umbrella_purple","floor":35.0},{"not_picked":["StateErode_purple","DarkRealmRedLine_purple+1","Realm_recovery_purpleEX+1"],"picked":"Singing Bowl","floor":36},{"not_picked":["Midas Touch+1","jedi:forcepush+1","Good Instincts+1"],"picked":"Singing Bowl","floor":37},{"not_picked":["ReplayTheSpireMod:Necrogeddon","ReplayTheSpireMod:Brewmster","Replay:BasicMightCard"],"picked":"Singing Bowl","floor":37},{"not_picked":["Worldmountain_purple+1","StateDuplicate_purple+1"],"picked":"Charmbait_purple+1","floor":40},{"not_picked":["WorldDissolvedintheRealm_purple+1","SharpContractionReality_purple","Boundary_of_Extermination_purpleEX"],"picked":"Singing Bowl","floor":42},{"not_picked":["MetroBOOM_purple+1","Charmbait_purple+1"],"picked":"Mirror_FormAndEmptin_purple+1","floor":44},{"not_picked":["SfantasyHide_purple+1","Nest_LightFlightworm_purple","OmniscientAndOmnipotent_Monster_purple"],"picked":"Singing Bowl","floor":45},{"not_picked":["RuleDissolution_purple+1","SharpContractionReality_purple","Erosivefilter_purple+1"],"picked":"Singing Bowl","floor":46},{"not_picked":["Nest_LightFlightworm_purple","Worldmountain_purple+1"],"picked":"Umbrella_purple","floor":47},{"not_picked":["Replay:Fractal Strike","infinitespire:Starlight"],"picked":"infinitespire:NeuralNetwork","floor":47},{"not_picked":["WorldDissolvedintheRealm_purple","RuleDissolution_purple+1","ButterflyHabitatTemple_purple+1"],"picked":"Singing Bowl","floor":48}],"player_experience":1035717,"relics_obtained":[{"floor":6.0,"key":"Pen Nib"},{"floor":8.0,"key":"Mummified Hand"},{"floor":9.0,"key":"Snack Pack"},{"floor":10.0,"key":"wanderingMiniBosses:CarrionFlame"},{"floor":12.0,"key":"Singing Bowl"},{"floor":19.0,"key":"Nilry\u0027s Codex"},{"floor":24.0,"key":"Shovel"},{"floor":26.0,"key":"Replay:Bottled Steam"},{"floor":29.0,"key":"Toxic Egg 2"},{"floor":31.0,"key":"Replay:WaspNest"},{"floor":32.0,"key":"CaptainsWheel"},{"floor":40,"key":"infinitespire:Eraser"},{"floor":42,"key":"Blue Candle"},{"floor":43,"key":"Blood Vial"},{"floor":47,"key":"Replay:Bottled Snecko"}],"event_choices":[{"damage_healed":0.0,"max_hp_gain":0.0,"max_hp_loss":0.0,"gold_gain":0.0,"event_name":"Upgrade Shrine","player_choice":"Upgraded","floor":2.0,"gold_loss":0.0,"damage_taken":0.0,"cards_upgraded":["GluttonyofRealm_purpleEX"]},{"damage_healed":0.0,"max_hp_gain":0.0,"max_hp_loss":0.0,"gold_gain":0.0,"event_name":"Cursed Tome","player_choice":"Obtained Book","floor":19.0,"gold_loss":0.0,"damage_taken":16.0},{"damage_healed":0.0,"max_hp_gain":0.0,"max_hp_loss":0.0,"gold_gain":0.0,"event_name":"N\u0027loth","player_choice":"Ignored","floor":21.0,"gold_loss":0.0,"damage_taken":0.0},{"cards_removed":["Observe_purple_2"],"damage_healed":0.0,"max_hp_gain":0.0,"max_hp_loss":0.0,"gold_gain":0.0,"event_name":"Back to Basics","player_choice":"Elegance","floor":28.0,"gold_loss":0.0,"damage_taken":0.0},{"damage_healed":0,"gold_gain":3,"player_choice":"1","damage_taken":0,"max_hp_gain":0,"max_hp_loss":0,"event_name":"betterStone:BetterStone","floor":37,"gold_loss":0}],"is_beta":false,"boss_relics":[{"not_picked":["ChewingGum","Runic Pyramid"],"picked":"Cursed Key"},{"not_picked":["relicPack:ShieldShield","PoemPanic:PoemPanicRelic"],"picked":"Painkiller Herb"}],"items_purged_floors":[30],"is_endless":false,"potions_floor_spawned":[6,10,12,22,33,40,44,45,47,48],"ascension_level":1}}