{"host":"y2nx07t75db4hs5p","time":1613313493,"event":{"mods":["Act Like it!","Arknights","BaseMod","Gensokyo","KomeijiMod","Minty Spire (QoL Compilation)","StSLib"],"gold_per_floor":[173,186,197,214,214,214,241,256,256,356,365,365,365,380,380,380,380],"floor_reached":16,"language":"ZHS","playtime":526,"items_purged":[],"score":102,"play_id":"285f689d-9774-4bd6-aab2-59866e69ec13","local_time":"20210214223813","is_ascension_mode":false,"campfire_choices":[{"data":"FitfulNightmare","floor":6,"key":"SMITH"},{"floor":12,"key":"RECALL"},{"data":"Absorbed","floor":15,"key":"SMITH"}],"circlet_count":0,"master_deck":["Strike_Remiria","Strike_Remiria","Strike_Remiria","Defend_Remirira","Defend_Remirira","Defend_Remirira","Absorbed+1","Scratch","PartStrengthen","DemonsDinnerFork_Remiria","FitfulNightmare+1","StigmaNizer"],"relics":["ThirstyCrossSpe","Gensokyo:Justice","Sundial","Gremlin Horn","CeramicFish"],"acts_visited":["Gensokyo:Gensokyo"],"potions_floor_usage":[7,16,16],"damage_taken":[{"damage":0,"enemies":"Gensokyo:2_Kodama","floor":1,"turns":4},{"damage":5,"enemies":"Gensokyo:Python","floor":2,"turns":3},{"damage":4,"enemies":"Gensokyo:3_Fairies","floor":3,"turns":3},{"damage":4,"enemies":"Gensokyo:VengefulSpirit","floor":4,"turns":5},{"damage":39,"enemies":"Gensokyo:Aya","floor":7,"turns":6},{"damage":14,"enemies":"Gensokyo:3_Kodama","floor":8,"turns":4},{"damage":0,"enemies":"Gensokyo:LivingMonolith","floor":14,"turns":2},{"damage":26,"enemies":"Gensokyo:Kokoro","floor":16,"turns":5}],"seed_played":"1892303079822150380","potions_obtained":[{"floor":4,"key":"Block Potion"},{"floor":7,"key":"CultistPotion"},{"floor":8,"key":"Swift Potion"}],"is_trial":false,"path_per_floor":["M","M","M","M","?","R","E","M","T","?","?","R","?","M","R","B"],"character_chosen":"RemiriaScarlet","items_purchased":[],"campfire_rested":0,"item_purchase_floors":[],"current_hp_per_floor":[90,85,81,77,77,77,38,24,24,24,24,24,24,24,24,0,0],"gold":380,"neow_bonus":"TRANSFORM_TWO_CARDS","is_daily":false,"chose_seed":false,"campfire_upgraded":2,"win_rate":0.0,"timestamp":1613313493,"path_taken":["M","M","M","M","?","R","E","M","T","?","?","R","?","?","R","BOSS"],"items_purchased_type":[],"build_version":"2020-12-22","purchased_purges":0,"victory":false,"max_hp_per_floor":[90,90,90,90,90,90,90,90,90,90,90,90,90,90,90,90,90],"card_choices":[{"not_picked":["TricksterDevil","ServantFlier","FastHealing"],"picked":"SKIP","floor":1},{"not_picked":["PartStrengthen","Warpath"],"picked":"BloodySuit","floor":2},{"not_picked":["FastHealing","ServantFlier","FierceSweep"],"picked":"SKIP","floor":3},{"not_picked":["Tearing","Feint"],"picked":"FitfulNightmare","floor":4},{"not_picked":["Cripple","RocketKickup"],"picked":"StigmaNizer","floor":7},{"not_picked":["Paradox","FastHealing","StigmaNizer"],"picked":"SKIP","floor":8},{"not_picked":["RocketKickup","BloodPact","FierceSweep"],"picked":"SKIP","floor":14}],"player_experience":334973,"relics_obtained":[{"floor":7,"key":"Sundial"},{"floor":9,"key":"Gremlin Horn"}],"event_choices":[],"is_beta":false,"boss_relics":[],"items_purged_floors":[],"is_endless":false,"potions_floor_spawned":[4,7,8],"killed_by":"Gensokyo:Kokoro","ascension_level":0}}