{"host":"ty2cix8xj6r3ad26","time":1613332383,"event":{"mods":["AchievementEnabler","BaseMod","BetterRewards","Minty Spire (QoL Compilation)","Quick Restart","StSLib","SuperFastMode"],"gold_per_floor":[110,110,110,110,110,110,136,136,136,136,10,44,63,97,97,202,202,220,236,236,255,271,271,302,302,302,302,329,329,35,45,45,148,148,164,178,178,194,211,211,230,256,282,282,282,282,311,323,323,323,323,323,15,41,41],"floor_reached":56,"language":"ENG","playtime":3354,"items_purged":["Strike_B","Strike_B","Defend_B","Lockon","Sweeping Beam"],"score":2838,"play_id":"97b3e4fa-5906-4761-8c93-06c6bc5874dc","local_time":"20210214215303","is_ascension_mode":true,"campfire_choices":[{"data":"Buffer","floor":6,"key":"SMITH"},{"data":"Hologram","floor":8,"key":"SMITH"},{"data":"Go for the Eyes","floor":15,"key":"SMITH"},{"data":"Machine Learning","floor":23,"key":"SMITH"},{"data":"Gash","floor":25,"key":"SMITH"},{"data":"Loop","floor":27,"key":"SMITH"},{"data":"Scrape","floor":32,"key":"SMITH"},{"data":"Fission","floor":40,"key":"SMITH"},{"data":"J.A.X.","floor":44,"key":"SMITH"},{"floor":46,"key":"RECALL"},{"data":"Impatience","floor":49,"key":"SMITH"},{"data":"Madness","floor":52,"key":"SMITH"}],"circlet_count":0,"master_deck":["AscendersBane","Zap+1","Dualcast+1","Buffer+1","Coolheaded+1","Gash+1","Go for the Eyes+1","FTL","Hologram+1","Core Surge","Glacier+1","Gash","Reboot","BootSequence","Loop+1","Machine Learning+1","J.A.X.+1","Scrape+1","Gash","Impatience+1","Fission+1","CurseOfTheBell","Scrape","Gash+1","Gash","Madness","Madness+1"],"relics":["Cracked Core","Incense Burner","StoneCalendar","ClockworkSouvenir","Cables","Thread and Needle","War Paint","Vajra","Shuriken","Bag of Marbles","Eternal Feather","Pandora\u0027s Box","Nunchaku","The Courier","Calling Bell","Pen Nib","Sundial","Turnip","FossilizedHelix","Letter Opener","Lantern","Pocketwatch","Strawberry","HornCleat"],"acts_visited":["Exordium","TheCity","TheBeyond","TheEnding"],"potions_floor_usage":[7,12,16,24,33,39,41,50,54,55,55],"damage_taken":[{"damage":0,"enemies":"Small Slimes","floor":1,"turns":3},{"damage":0,"enemies":"Lagavulin","floor":7,"turns":5},{"damage":1,"enemies":"3 Sentries","floor":12,"turns":3},{"damage":0,"enemies":"Jaw Worm","floor":13,"turns":2},{"damage":0,"enemies":"Lagavulin","floor":14,"turns":4},{"damage":0,"enemies":"Slime Boss","floor":16,"turns":6},{"damage":0,"enemies":"2 Thieves","floor":18,"turns":3},{"damage":0,"enemies":"Spheric Guardian","floor":19,"turns":4},{"damage":0,"enemies":"Snecko","floor":21,"turns":5},{"damage":0,"enemies":"Centurion and Healer","floor":22,"turns":3},{"damage":0,"enemies":"Gremlin Leader","floor":24,"turns":5},{"damage":0,"enemies":"Book of Stabbing","floor":28,"turns":5},{"damage":3,"enemies":"Shelled Parasite and Fungi","floor":31,"turns":3},{"damage":12,"enemies":"Champ","floor":33,"turns":4},{"damage":3,"enemies":"Orb Walker","floor":35,"turns":2},{"damage":0,"enemies":"3 Darklings","floor":36,"turns":3},{"damage":0,"enemies":"Maw","floor":38,"turns":5},{"damage":22,"enemies":"4 Shapes","floor":39,"turns":3},{"damage":1,"enemies":"Transient","floor":41,"turns":5},{"damage":0,"enemies":"Nemesis","floor":42,"turns":3},{"damage":0,"enemies":"Reptomancer","floor":47,"turns":3},{"damage":0,"enemies":"Jaw Worm Horde","floor":48,"turns":2},{"damage":4,"enemies":"Donu and Deca","floor":50,"turns":4},{"damage":13,"enemies":"Shield and Spear","floor":54,"turns":4},{"damage":28,"enemies":"The Heart","floor":55,"turns":6}],"seed_played":"-5197474249546896750","potions_obtained":[{"floor":1,"key":"SkillPotion"},{"floor":14,"key":"Weak Potion"},{"floor":18,"key":"Swift Potion"},{"floor":28,"key":"PowerPotion"},{"floor":33,"key":"PotionOfCapacity"},{"floor":38,"key":"FearPotion"},{"floor":39,"key":"Weak Potion"},{"floor":47,"key":"Explosive Potion"},{"floor":54,"key":"FearPotion"}],"is_trial":false,"path_per_floor":["M","?","?","?","?","R","E","R","T","T","$","E","M","E","R","B",null,"M","M","?","M","M","R","E","R","T","R","E","?","$","M","R","B",null,"M","M","?","M","M","R","M","E","T","R","?","R","E","M","R","B",null,"R","$","E","B",null],"character_chosen":"DEFECT","items_purchased":["Incense Burner","StoneCalendar","ClockworkSouvenir","Cables","Buffer","Coolheaded","Gash","Go for the Eyes","Thread and Needle","FTL","Explosive Potion","Block Potion","Glacier","Scrape","Gash","Impatience","Strawberry","SkillPotion"],"campfire_rested":0,"item_purchase_floors":[0,0,0,0,0,0,0,0,0,0,0,11,11,30,30,30,53,53],"current_hp_per_floor":[20,5,30,30,30,30,30,30,30,30,30,29,29,29,38,38,66,66,66,66,66,66,75,75,75,75,75,75,75,75,72,75,63,72,69,69,69,69,47,62,61,61,61,75,66,75,75,75,75,71,74,75,82,69,41],"gold":41,"neow_bonus":"","is_daily":false,"chose_seed":false,"campfire_upgraded":11,"win_rate":0.0,"timestamp":1613332383,"path_taken":["M","?","?","?","?","R","E","R","T","?","?","E","?","E","R","BOSS","M","M","?","M","?","R","E","R","T","R","E","?","$","M","R","BOSS","M","M","?","?","?","R","M","E","T","R","?","R","E","M","R","BOSS","R","$","E","BOSS"],"items_purchased_type":["Relic","Relic","Relic","Relic","Card","Card","Card","Card","Relic","Card","Potion","Potion","Card","Card","Card","Card","Relic","Potion"],"build_version":"2020-12-22","purchased_purges":5,"victory":true,"max_hp_per_floor":[75,75,75,75,75,75,75,75,75,75,75,75,75,75,75,75,75,75,75,75,75,75,75,75,75,75,75,75,75,75,75,75,75,75,75,75,75,75,75,75,75,75,75,75,75,75,75,75,75,75,75,75,82,82,82],"card_choices":[{"not_picked":["Compile Driver","Turbo"],"picked":"Hologram","floor":1},{"not_picked":["Leap","Compile Driver"],"picked":"Core Surge","floor":7},{"not_picked":["Reprogram","Stack","Coolheaded"],"picked":"SKIP","floor":12},{"not_picked":["Capacitor","Recycle"],"picked":"Gash","floor":13},{"not_picked":["Rebound","White Noise","Rip and Tear"],"picked":"SKIP","floor":14},{"not_picked":["Core Surge","Rainbow"],"picked":"Reboot","floor":16},{"not_picked":["Steam","Barrage","Beam Cell+1"],"picked":"SKIP","floor":18},{"not_picked":["Consume","Steam","Streamline"],"picked":"SKIP","floor":19},{"not_picked":["Rebound","Redo","Reinforced Body"],"picked":"SKIP","floor":21},{"not_picked":["Stack+1","Steam"],"picked":"Machine Learning","floor":22},{"not_picked":["Beam Cell","Ball Lightning","Go for the Eyes"],"picked":"SKIP","floor":24},{"not_picked":["Streamline","Barrage","Redo"],"picked":"SKIP","floor":28},{"not_picked":["Genetic Algorithm","Barrage","Skim+1"],"picked":"SKIP","floor":31},{"not_picked":["Buffer","Thunder Strike"],"picked":"Fission","floor":33},{"not_picked":["Hologram+1","Stack","Redo"],"picked":"SKIP","floor":35},{"not_picked":["Static Discharge","Stack","Tempest"],"picked":"SKIP","floor":36},{"not_picked":["Capacitor+1","Steam+1"],"picked":"Scrape","floor":38},{"not_picked":["Barrage+1","Cold Snap"],"picked":"Gash+1","floor":39},{"not_picked":["Heatsinks+1","Chaos"],"picked":"Gash","floor":41},{"not_picked":["Steam","Auto Shields","Sunder+1"],"picked":"SKIP","floor":42},{"not_picked":["Barrage","Coolheaded","Creative AI"],"picked":"SKIP","floor":47},{"not_picked":["Coolheaded","Leap","Turbo"],"picked":"SKIP","floor":48},{"not_picked":["Hologram","Creative AI","Rip and Tear"],"picked":"SKIP","floor":54}],"player_experience":569247,"relics_obtained":[{"floor":7,"key":"War Paint"},{"floor":9,"key":"Vajra"},{"floor":10,"key":"Shuriken"},{"floor":12,"key":"Bag of Marbles"},{"floor":14,"key":"Eternal Feather"},{"floor":24,"key":"Nunchaku"},{"floor":28,"key":"The Courier"},{"floor":34,"key":"Pen Nib"},{"floor":34,"key":"Sundial"},{"floor":34,"key":"Turnip"},{"floor":42,"key":"Letter Opener"},{"floor":43,"key":"Lantern"},{"floor":47,"key":"Pocketwatch"},{"floor":54,"key":"HornCleat"}],"event_choices":[{"damage_healed":0,"gold_gain":0,"player_choice":"Entered Light","damage_taken":15,"max_hp_gain":0,"max_hp_loss":0,"event_name":"Shining Light","floor":2,"gold_loss":0,"cards_upgraded":["Dualcast","Coolheaded"]},{"damage_healed":25,"gold_gain":0,"player_choice":"Banana","damage_taken":0,"max_hp_gain":0,"max_hp_loss":0,"event_name":"Big Fish","floor":3,"gold_loss":0},{"damage_healed":0,"gold_gain":0,"player_choice":"Ignored","damage_taken":0,"max_hp_gain":0,"max_hp_loss":0,"event_name":"Liars Game","floor":4,"gold_loss":0},{"cards_removed":["Strike_B"],"damage_healed":0,"gold_gain":0,"player_choice":"Forget","damage_taken":0,"max_hp_gain":0,"max_hp_loss":0,"event_name":"Living Wall","floor":5,"gold_loss":0},{"damage_healed":0,"gold_gain":0,"player_choice":"Upgraded","damage_taken":0,"max_hp_gain":0,"max_hp_loss":0,"event_name":"Upgrade Shrine","floor":20,"gold_loss":0,"cards_upgraded":["Glacier"]},{"damage_healed":0,"gold_gain":0,"player_choice":"Obtain J.A.X.","damage_taken":0,"max_hp_gain":0,"max_hp_loss":0,"event_name":"Drug Dealer","floor":29,"gold_loss":0,"cards_obtained":["J.A.X."]},{"damage_healed":0,"gold_gain":0,"player_choice":"Gave Potion","damage_taken":0,"relics_obtained":["FossilizedHelix"],"max_hp_gain":0,"max_hp_loss":0,"event_name":"WeMeetAgain","floor":37,"gold_loss":0},{"damage_healed":0,"gold_gain":0,"player_choice":"Embrace Madness","damage_taken":9,"max_hp_gain":0,"max_hp_loss":0,"event_name":"Winding Halls","floor":45,"gold_loss":0,"cards_obtained":["Madness","Madness"]}],"is_beta":false,"boss_relics":[{"not_picked":["Black Star","Velvet Choker"],"picked":"Pandora\u0027s Box"},{"not_picked":["SacredBark","Empty Cage"],"picked":"Calling Bell"}],"items_purged_floors":[0,0,0,30,53],"is_endless":false,"potions_floor_spawned":[1,14,18,28,33,38,39,47,54],"ascension_level":12}}