{"host":"c3lc60y5x60jlt1y","time":1613330436,"event":{"mods":["AchievementEnabler","BaseMod","Bestiary","Colored Map","Minty Spire (QoL Compilation)","Quick Restart","StSLib","ojb\u0027s Info Mod"],"gold_per_floor":[112,37,8,83,103,138,158,178,178,188,221,221,236,247,247,247,247],"floor_reached":16,"language":"ENG","playtime":920,"items_purged":[],"score":278,"play_id":"6122dd14-e3e3-4e17-8496-cc5fc05c621e","local_time":"20210214212036","is_ascension_mode":true,"campfire_choices":[{"data":"Lockon","floor":15,"key":"SMITH"}],"circlet_count":0,"master_deck":["AscendersBane","Strike_B","Strike_B","Strike_B","Strike_B","Defend_B","Defend_B","Defend_B","Defend_B","Zap","Dualcast","Sweeping Beam","Self Repair","Coolheaded","Consume","Sunder","Lockon+1","BootSequence","Darkness","Steam Power","Glacier","Doom and Gloom"],"relics":["Cracked Core","NeowsBlessing","Symbiotic Virus","Prayer Wheel","Dead Branch"],"acts_visited":["Exordium"],"potions_floor_usage":[8,8,8,11,14,16,16],"damage_taken":[{"damage":0,"enemies":"Cultist","floor":1,"turns":1},{"damage":0,"enemies":"Jaw Worm","floor":5,"turns":1},{"damage":0,"enemies":"3 Sentries","floor":6,"turns":2},{"damage":5,"enemies":"2 Louse","floor":7,"turns":2},{"damage":4,"enemies":"Red Slaver","floor":8,"turns":2},{"damage":1,"enemies":"Lots of Slimes","floor":10,"turns":3},{"damage":9,"enemies":"Gremlin Nob","floor":11,"turns":3},{"damage":4,"enemies":"Exordium Thugs","floor":13,"turns":4},{"damage":0,"enemies":"Blue Slaver","floor":14,"turns":2},{"damage":53,"enemies":"Hexaghost","floor":16,"turns":10}],"seed_played":"-3753604175372256818","potions_obtained":[{"floor":1,"key":"EntropicBrew"},{"floor":5,"key":"FearPotion"},{"floor":8,"key":"Strength Potion"},{"floor":12,"key":"AttackPotion"},{"floor":12,"key":"EntropicBrew"}],"is_trial":false,"path_per_floor":["M","$","$","?","M","E","M","M","T","M","E","?","M","M","R","B"],"character_chosen":"DEFECT","items_purchased":["Self Repair","Coolheaded"],"campfire_rested":0,"item_purchase_floors":[2,3],"current_hp_per_floor":[64,64,64,53,53,53,55,51,51,57,48,48,51,51,51,0,0],"gold":247,"neow_bonus":"THREE_ENEMY_KILL","is_daily":false,"chose_seed":false,"campfire_upgraded":1,"win_rate":0.0,"timestamp":1613330436,"path_taken":["M","?","$","?","M","E","M","M","T","M","E","?","?","?","R","BOSS"],"items_purchased_type":["Card","Card"],"build_version":"2020-12-22","purchased_purges":0,"victory":false,"max_hp_per_floor":[71,71,71,71,71,71,71,71,71,71,71,71,71,71,71,71,71],"card_choices":[{"not_picked":["Compile Driver","Ball Lightning"],"picked":"Sweeping Beam","floor":1},{"not_picked":["Hologram","Redo"],"picked":"Consume","floor":5},{"not_picked":["Auto Shields","Thunder Strike"],"picked":"Sunder","floor":6},{"not_picked":["Compile Driver","Hologram"],"picked":"Lockon","floor":7},{"not_picked":["Redo","Rebound"],"picked":"BootSequence","floor":8},{"not_picked":["Coolheaded","Ball Lightning"],"picked":"Darkness","floor":10},{"not_picked":["Stack","Barrage","Ball Lightning"],"picked":"SKIP","floor":10},{"not_picked":["Streamline","Rebound"],"picked":"Steam Power","floor":11},{"not_picked":["Stack","Ball Lightning","Streamline"],"picked":"SKIP","floor":13},{"not_picked":["Gash","Recycle","Redo"],"picked":"SKIP","floor":13},{"not_picked":["Ball Lightning","Defragment"],"picked":"Glacier","floor":14},{"not_picked":["Go for the Eyes","Scrape"],"picked":"Doom and Gloom","floor":14}],"player_experience":9310739,"relics_obtained":[{"floor":6,"key":"Symbiotic Virus"},{"floor":9,"key":"Prayer Wheel"},{"floor":11,"key":"Dead Branch"}],"event_choices":[{"damage_healed":0,"gold_gain":75,"player_choice":"Gather Gold","damage_taken":11,"max_hp_gain":0,"max_hp_loss":0,"event_name":"World of Goop","floor":4,"gold_loss":0},{"damage_healed":0,"gold_gain":0,"player_choice":"Got Potions","damage_taken":0,"max_hp_gain":0,"max_hp_loss":0,"event_name":"Lab","floor":12,"gold_loss":0}],"is_beta":false,"boss_relics":[],"items_purged_floors":[],"is_endless":false,"potions_floor_spawned":[1,5,8,13],"killed_by":"Hexaghost","ascension_level":20}}