{"host":"m9osufisr3agwk96","time":1613276091,"event":{"mods":["AchievementEnabler","Aspiration","BaseMod","Colored Map","Colored Powertips","Downfall","Duelist Mod","Friendly Minions","GifTheSpireLib","Gremlin Mod","Hermit","Highlight Path","Hubris","Minty Spire (QoL Compilation)","Rare Cards Sparkle","Reliquary","Replay The Spire","Shop Mod","StSLib"],"gold_per_floor":[359,359,370,370,385,385,405,437,490,490,503,12,31,49,49,146,146,158,98,108,125,51,51,66,66,117,117,117,117,117,117,117,219,219,231,285,299,299,299],"floor_reached":38,"language":"ENG","playtime":1583,"items_purged":["FlyingSleeves"],"score":376,"play_id":"6c4e64bd-d18e-4938-ba3b-b5175b81fba0","local_time":"20210213201451","is_ascension_mode":false,"campfire_choices":[{"floor":6,"key":"REST"},{"floor":10,"key":"REST"},{"floor":15,"key":"REST"},{"floor":23,"key":"REST"},{"data":"Scrawl","floor":30,"key":"SMITH"},{"data":"Alpha","floor":32,"key":"SMITH"}],"circlet_count":0,"master_deck":["Strike_P","Strike_P","Strike_P","Defend_P","Defend_P","Defend_P","Eruption","Vigilance","CarveReality","Protect","Perseverance","Perseverance","Scrawl+1","FearNoEvil","ReplayTheSpireMod:IOU","BattleHymn","FollowUp","Alpha+1","Turbo","Double Energy+1","Fusion","Self Repair","FIFO Queue","Mirror Shield","Go for the Eyes+1","PathToVictory+1","Omniscience"],"relics":["PureWater","reliquary:Firecrackers","hubris:ToyBattleship","reliquary:WeakTea","aspiration:SeaSaltIceCream","Replay:Wax Seal","hubris:DisguiseKit","aspiration:DefectSkillbook","Torii","White Beast Statue","Cursed Key","FossilizedHelix"],"acts_visited":["Exordium","TheCity","TheBeyond"],"potions_floor_usage":[7,7,18,21,21,21,36,37,38],"damage_taken":[{"damage":0,"enemies":"Small Slimes","floor":1,"turns":3},{"damage":0,"enemies":"Jaw Worm","floor":3,"turns":3},{"damage":0,"enemies":"Cultist","floor":5,"turns":2},{"damage":5,"enemies":"Lots of Slimes","floor":7,"turns":3},{"damage":29,"enemies":"Lagavulin","floor":8,"turns":6},{"damage":0,"enemies":"Large Slime","floor":11,"turns":3},{"damage":1,"enemies":"Red Slaver","floor":13,"turns":4},{"damage":0,"enemies":"3 Louse","floor":14,"turns":2},{"damage":25,"enemies":"The Guardian","floor":16,"turns":12},{"damage":1,"enemies":"3 Byrds","floor":18,"turns":3},{"damage":3,"enemies":"Shell Parasite","floor":20,"turns":6},{"damage":17,"enemies":"Cultist and Chosen","floor":21,"turns":5},{"damage":0,"enemies":"3 Cultists","floor":24,"turns":5},{"damage":12,"enemies":"Automaton","floor":33,"turns":5},{"damage":0,"enemies":"3 Darklings","floor":35,"turns":6},{"damage":56,"enemies":"2 Orb Walkers","floor":36,"turns":6},{"damage":18,"enemies":"3 Shapes","floor":37,"turns":5},{"damage":14,"enemies":"Jaw Worm Horde","floor":38,"turns":1}],"seed_played":"-679951914364340906","potions_obtained":[{"floor":1,"key":"SkillPotion"},{"floor":5,"key":"ColorlessPotion"},{"floor":14,"key":"Elixir"},{"floor":16,"key":"ColorlessPotion"},{"floor":18,"key":"SpeedPotion"},{"floor":21,"key":"Fruit Juice"},{"floor":33,"key":"hexamod:SoulburnPotion"},{"floor":35,"key":"Ambrosia"},{"floor":36,"key":"Reflective Coating"},{"floor":37,"key":"champ:CounterPotion"}],"is_trial":false,"path_per_floor":["M","?","M","T","M","R","M","E","T","R","M","$","M","M","R","B",null,"M","?","M","M","$","R","M","?","T","?","T","?","R","?","R","B",null,"M","?","M","M"],"character_chosen":"WATCHER","items_purchased":["aspiration:SeaSaltIceCream","FlyingSleeves","hubris:DisguiseKit","Self Repair"],"campfire_rested":4,"item_purchase_floors":[12,12,12,22],"current_hp_per_floor":[51,44,44,44,44,65,60,31,31,52,52,52,51,51,72,47,72,71,71,68,56,56,77,77,77,77,77,77,77,77,77,77,65,77,77,28,10,0,0],"gold":299,"neow_bonus":"TWO_FIFTY_GOLD","is_daily":false,"chose_seed":false,"campfire_upgraded":2,"win_rate":0.0,"timestamp":1613276091,"path_taken":["M","?","M","?","?","R","M","E","T","R","M","$","?","M","R","BOSS","M","?","M","M","$","R","?","?","T","?","?","?","R","?","R","BOSS","M","?","M","M"],"items_purchased_type":["Relic","Card","Relic","Card"],"build_version":"2020-12-22","purchased_purges":1,"victory":false,"max_hp_per_floor":[72,72,72,72,72,72,72,72,72,72,72,72,72,72,72,72,72,72,72,72,77,77,77,77,77,77,77,77,77,77,77,77,77,77,77,77,77,77,77],"card_choices":[{"not_picked":["SashWhip","CutThroughFate"],"picked":"CarveReality","floor":1},{"not_picked":["ClearTheMind","FlyingSleeves"],"picked":"Protect","floor":3},{"not_picked":["EmptyMind","Consecrate"],"picked":"Perseverance","floor":5},{"not_picked":["Weave","BowlingBash"],"picked":"Perseverance","floor":7},{"not_picked":["Fasting2","Blasphemy"],"picked":"Scrawl","floor":8},{"not_picked":["Vengeance","CutThroughFate"],"picked":"FearNoEvil","floor":11},{"not_picked":["WheelKick","BowlingBash"],"picked":"BattleHymn","floor":13},{"not_picked":["Protect","Replay:ManipulateFuture"],"picked":"FollowUp","floor":14},{"not_picked":["Establishment","Scrawl"],"picked":"Alpha","floor":16},{"not_picked":["LikeWater","ReplaySort","Loop"],"picked":"Turbo","floor":18},{"not_picked":["EmptyBody","Replay:ManipulateFuture","Ball Lightning"],"picked":"Double Energy+1","floor":20},{"not_picked":["Replay:Hum","BasicCrystalCard","Prostrate"],"picked":"Fusion","floor":21},{"not_picked":["Go for the Eyes","Loop","ReplaySolidLightProjector"],"picked":"FIFO Queue","floor":24},{"not_picked":["hubris:Prefetch","Wish","Seek"],"picked":"Mirror Shield","floor":33},{"not_picked":["Recycle","Panic Button","Compile Driver"],"picked":"Go for the Eyes+1","floor":35},{"not_picked":["JustLucky","Hologram","Panic Button"],"picked":"PathToVictory+1","floor":36},{"not_picked":["CrushJoints+1","CutThroughFate+1","EmptyBody"],"picked":"Omniscience","floor":37}],"player_experience":482431,"relics_obtained":[{"floor":4,"key":"reliquary:Firecrackers"},{"floor":8,"key":"hubris:ToyBattleship"},{"floor":9,"key":"reliquary:WeakTea"},{"floor":28,"key":"White Beast Statue"},{"floor":36,"key":"FossilizedHelix"}],"event_choices":[{"cards_removed":["Defend_P"],"damage_healed":0,"gold_gain":0,"player_choice":"Card Removal","damage_taken":7,"max_hp_gain":0,"max_hp_loss":0,"event_name":"Golden Wing","floor":2,"gold_loss":0},{"cards_removed":["Strike_P"],"damage_healed":0,"gold_gain":0,"player_choice":"Single Remove","damage_taken":0,"max_hp_gain":0,"max_hp_loss":0,"event_name":"Designer","floor":19,"gold_loss":60},{"damage_healed":0,"gold_gain":0,"player_choice":"Stole Relic","damage_taken":0,"relics_obtained":["Torii"],"max_hp_gain":0,"max_hp_loss":0,"event_name":"Addict","floor":25,"gold_loss":0,"cards_obtained":["Shame"]},{"cards_removed":["Shame"],"damage_healed":0,"gold_gain":0,"player_choice":"Elegance","damage_taken":0,"max_hp_gain":0,"max_hp_loss":0,"event_name":"Back to Basics","floor":27,"gold_loss":0},{"damage_healed":0,"gold_gain":0,"player_choice":"Ignored","damage_taken":0,"max_hp_gain":0,"max_hp_loss":0,"event_name":"Ghosts","floor":31,"gold_loss":0},{"damage_healed":0,"gold_gain":0,"player_choice":"Fight","damage_taken":0,"max_hp_gain":0,"max_hp_loss":0,"event_name":"Mysterious Sphere","floor":36,"gold_loss":0}],"is_beta":false,"boss_relics":[{"not_picked":["Runic Pyramid","hubris:RunicObelisk"],"picked":"aspiration:DefectSkillbook"},{"not_picked":["Runic Dome","Replay:Grab Bag"],"picked":"Cursed Key"}],"items_purged_floors":[12],"is_endless":false,"potions_floor_spawned":[1,5,14,16,18,21,33,35,36,37],"killed_by":"Jaw Worm Horde","ascension_level":0}}