{"host":"yml0ux6c8lqydjlc","time":1613272348,"event":{"mods":["Aspiration","BaseMod","Conspire","Downfall","Hermit","Jedi Mod","Minty Spire (QoL Compilation)","Robot Space Explorer","StSLib"],"gold_per_floor":[114,13,188,40,56,56,66,66,66,66,84,159,159,174,174,277,277,288,288,42,52,71,71,71,2,2,18,18,18,32,47,47,47,47],"floor_reached":33,"language":"ENG","playtime":1888,"items_purged":["Strike_R","Doubt","Strike_R"],"score":237,"play_id":"12dbd04c-a27c-4ad9-b0be-77964d1f501d","local_time":"20210213221228","is_ascension_mode":false,"campfire_choices":[{"data":"Thunderclap","floor":6,"key":"SMITH"},{"data":"Armaments","floor":8,"key":"SMITH"},{"data":"Blood for Blood","floor":10,"key":"SMITH"},{"data":"Sever Soul","floor":13,"key":"SMITH"},{"data":"Bash","floor":15,"key":"SMITH"},{"floor":23,"key":"REST"},{"floor":28,"key":"REST"},{"floor":32,"key":"REST"}],"circlet_count":0,"master_deck":["Strike_R","Strike_R","Defend_R","Defend_R","Defend_R","Defend_R","Bash+1","Sever Soul+1","Thunderclap+1","Armaments+1","Warcry","Blood for Blood+1","Feed","Flex","Twin Strike","Rampage","Cleave+1","Twin Strike","Clash","Hemokinesis+1"],"relics":["Burning Blood","HornCleat","Ancient Tea Set","Gremlin Horn"],"acts_visited":["Exordium","TheCity"],"potions_floor_usage":[16,27,33,33],"damage_taken":[{"damage":1,"enemies":"2 Louse","floor":1,"turns":3},{"damage":7,"enemies":"Small Slimes","floor":5,"turns":3},{"damage":3,"enemies":"conspire:RoseBush","floor":7,"turns":3},{"damage":7,"enemies":"3 Louse","floor":11,"turns":2},{"damage":12,"enemies":"Exordium Thugs","floor":14,"turns":4},{"damage":61,"enemies":"The Guardian","floor":16,"turns":13},{"damage":54,"enemies":"conspire:FuzzyDice","floor":18,"turns":9},{"damage":21,"enemies":"Spheric Guardian","floor":21,"turns":5},{"damage":17,"enemies":"conspire:HollyBat","floor":22,"turns":8},{"damage":35,"enemies":"Shelled Parasite and Fungi","floor":27,"turns":6},{"damage":13,"enemies":"Centurion and Healer","floor":30,"turns":5},{"damage":25,"enemies":"3 Cultists","floor":31,"turns":5},{"damage":67,"enemies":"Collector","floor":33,"turns":8}],"seed_played":"723611268912770874","potions_obtained":[{"floor":7,"key":"jedi:StrikingPotion"},{"floor":16,"key":"Swift Potion"},{"floor":22,"key":"Fire Potion"},{"floor":30,"key":"SteroidPotion"},{"floor":31,"key":"Block Potion"}],"is_trial":false,"path_per_floor":["M","$","?","$","M","R","M","R","T","R","M","?","R","M","R","B",null,"M","?","$","M","M","R","$","?","T","M","R","?","M","M","R","B"],"character_chosen":"IRONCLAD","items_purchased":["Thunderclap","Armaments","Twin Strike","Rampage"],"campfire_rested":3,"item_purchase_floors":[2,4,20,20],"current_hp_per_floor":[88,88,88,88,87,87,88,88,88,88,87,76,76,70,70,15,88,40,40,40,28,17,44,44,44,44,15,42,42,38,19,47,0,0],"gold":47,"neow_bonus":"TEN_PERCENT_HP_BONUS","is_daily":false,"chose_seed":false,"campfire_upgraded":5,"win_rate":0.0,"timestamp":1613272348,"path_taken":["M","$","?","$","M","R","M","R","T","R","M","?","R","M","R","BOSS","M","?","$","M","M","R","$","?","T","?","R","?","M","M","R","BOSS"],"items_purchased_type":["Card","Card","Card","Card"],"build_version":"2020-12-22","purchased_purges":3,"victory":false,"max_hp_per_floor":[88,88,88,88,88,88,88,88,88,88,88,88,88,88,88,88,88,88,88,88,91,91,91,91,91,91,91,91,91,94,94,94,94,94],"card_choices":[{"not_picked":["True Grit","Warcry"],"picked":"Sever Soul","floor":1},{"not_picked":["Disarm","jedi:controlledanger"],"picked":"Warcry","floor":5},{"not_picked":["Twin Strike","Combust"],"picked":"Blood for Blood","floor":7},{"not_picked":["Anger","True Grit","jedi:fear"],"picked":"SKIP","floor":11},{"not_picked":["Reckless Charge","Dual Wield","Spot Weakness"],"picked":"SKIP","floor":14},{"not_picked":["jedi:unlimitedpower","conspire:Purge"],"picked":"Feed","floor":16},{"not_picked":["jedi:fear","Anger"],"picked":"Flex","floor":18},{"not_picked":["Anger","Double Tap","Dark Embrace"],"picked":"SKIP","floor":21},{"not_picked":["conspire:ExplosiveBarrier","Sword Boomerang+1"],"picked":"Cleave+1","floor":22},{"not_picked":["Anger","Reckless Charge"],"picked":"Twin Strike","floor":27},{"not_picked":["Ghostly Armor","Shockwave"],"picked":"Clash","floor":30},{"not_picked":["jedi:MakeshiftSword","jedi:fear"],"picked":"Hemokinesis+1","floor":31}],"player_experience":81626,"relics_obtained":[{"floor":9,"key":"HornCleat"},{"floor":26,"key":"Gremlin Horn"}],"event_choices":[{"damage_healed":0,"gold_gain":175,"player_choice":"AGREE","damage_taken":0,"max_hp_gain":0,"max_hp_loss":0,"event_name":"Liars Game","floor":3,"gold_loss":0,"cards_obtained":["Doubt"]},{"damage_healed":0,"gold_gain":75,"player_choice":"Gather Gold","damage_taken":11,"max_hp_gain":0,"max_hp_loss":0,"event_name":"World of Goop","floor":12,"gold_loss":0},{"cards_removed":["Strike_R"],"damage_healed":0,"gold_gain":0,"player_choice":"Elegance","damage_taken":0,"max_hp_gain":0,"max_hp_loss":0,"event_name":"Back to Basics","floor":19,"gold_loss":0},{"damage_healed":0,"gold_gain":0,"player_choice":"Paid Gold","damage_taken":0,"relics_obtained":["Ancient Tea Set"],"max_hp_gain":0,"max_hp_loss":0,"event_name":"WeMeetAgain","floor":25,"gold_loss":69}],"is_beta":false,"boss_relics":[{"not_picked":["Calling Bell","Velvet Choker","aspiration:SecretTechniqueScroll"]}],"items_purged_floors":[2,4,20],"is_endless":false,"potions_floor_spawned":[7,16,22,30,31],"killed_by":"Collector","ascension_level":0}}