{"host":"p9vmbvw2hh2n16dn","time":1613297311,"event":{"mods":["AchievementEnabler","BaseMod","Block Reminder","Minty Spire (QoL Compilation)","Relic Stats","SuperFastMode"],"gold_per_floor":[116,116,74,94,94,122,122,139,162,180,206,216,246,263,263,338,338,349,183,198,198,216,216,216],"floor_reached":23,"language":"ENG","playtime":893,"items_purged":[],"score":405,"play_id":"d0df2ba9-8831-49ce-985a-a0b4681fe79f","local_time":"20210214110831","is_ascension_mode":true,"campfire_choices":[{"data":"Carnage","floor":7.0,"key":"SMITH"},{"data":"Inflame","floor":15.0,"key":"SMITH"}],"circlet_count":0,"master_deck":["AscendersBane","Strike_R","Strike_R","Strike_R","Strike_R+1","Defend_R","Defend_R+1","Defend_R","Defend_R+1","Bash","Dropkick+1","Carnage+1","True Grit","Twin Strike","Body Slam","Metallicize","Inflame+1","Sword Boomerang","Corruption","Body Slam+1","Inflame+1","Whirlwind"],"relics":["Burning Blood","War Paint","Centennial Puzzle","Orichalcum","Vajra","Singing Bowl","Runic Pyramid","Strange Spoon"],"acts_visited":["Exordium","TheCity"],"potions_floor_usage":[],"damage_taken":[{"damage":16.0,"enemies":"2 Louse","floor":1.0,"turns":2.0},{"damage":0.0,"enemies":"Cultist","floor":4.0,"turns":3.0},{"damage":21.0,"enemies":"3 Sentries","floor":6.0,"turns":9.0},{"damage":4.0,"enemies":"Small Slimes","floor":8.0,"turns":3.0},{"damage":1.0,"enemies":"Exordium Thugs","floor":10.0,"turns":3.0},{"damage":14.0,"enemies":"Lagavulin","floor":11.0,"turns":4.0},{"damage":11.0,"enemies":"Gremlin Gang","floor":12.0,"turns":5.0},{"damage":5.0,"enemies":"3 Sentries","floor":13.0,"turns":5.0},{"damage":0.0,"enemies":"Exordium Wildlife","floor":14.0,"turns":2.0},{"damage":21.0,"enemies":"Slime Boss","floor":16.0,"turns":8.0},{"damage":5.0,"enemies":"Chosen","floor":18.0,"turns":5.0},{"damage":22.0,"enemies":"Spheric Guardian","floor":20.0,"turns":5.0},{"damage":18.0,"enemies":"Snake Plant","floor":22.0,"turns":2.0},{"damage":39,"enemies":"Book of Stabbing","floor":23,"turns":4}],"seed_played":"-4027059389847722529","potions_obtained":[{"floor":1.0,"key":"PowerPotion"},{"floor":6.0,"key":"LiquidMemories"},{"floor":10.0,"key":"Dexterity Potion"},{"floor":12.0,"key":"ColorlessPotion"}],"is_trial":false,"path_per_floor":["M","?","$","M","?","E","R","M","T","M","E","M","E","M","R","B",null,"M","$","M","?","M","E"],"character_chosen":"IRONCLAD","items_purchased":["Carnage","Strange Spoon"],"campfire_rested":0,"item_purchase_floors":[3,19],"current_hp_per_floor":[58,35,35,41,41,26,26,28,28,33,25,20,21,29,29,14,61,62,62,46,46,34,0,0],"gold":216,"neow_bonus":"RANDOM_COMMON_RELIC","is_daily":false,"chose_seed":false,"campfire_upgraded":2,"win_rate":0.0,"timestamp":1613297311,"path_taken":["M","?","$","M","?","E","R","M","T","M","E","?","E","M","R","BOSS","M","$","M","?","M","E"],"items_purchased_type":["Card","Relic"],"build_version":"2020-12-22","purchased_purges":0,"victory":false,"max_hp_per_floor":[75,75,75,75,75,75,75,75,75,75,75,75,75,77,77,77,77,77,77,77,77,77,77,77],"relic_stats":{"Strange Spoon":[4],"Centennial Puzzle":[30],"Singing Bowl":2,"counters":[14,60],"War Paint":["Defend_R","Defend_R"],"Orichalcum":[132],"obtain_stats":[{"Strange Spoon":19,"Centennial Puzzle":6,"Singing Bowl":13,"Vajra":11,"War Paint":0,"Orichalcum":9,"Burning Blood":0,"Runic Pyramid":17},{"Strange Spoon":11,"Centennial Puzzle":3,"Singing Bowl":8,"Vajra":6,"War Paint":0,"Orichalcum":4,"Burning Blood":0,"Runic Pyramid":10},{"Strange Spoon":49,"Centennial Puzzle":14,"Singing Bowl":34,"Vajra":24,"War Paint":0,"Orichalcum":17,"Burning Blood":0,"Runic Pyramid":44}],"Burning Blood":78},"card_choices":[{"not_picked":["True Grit","Dark Embrace"],"picked":"Dropkick","floor":1.0},{"not_picked":["Heavy Blade","Iron Wave"],"picked":"True Grit","floor":4.0},{"not_picked":["Fire Breathing","Evolve"],"picked":"Twin Strike","floor":6.0},{"not_picked":["Fire Breathing","Heavy Blade","Flex"],"picked":"SKIP","floor":8.0},{"not_picked":["Clash","Havoc"],"picked":"Body Slam","floor":10.0},{"not_picked":["Searing Blow","Rage"],"picked":"Metallicize","floor":11.0},{"not_picked":["Armaments","Pommel Strike"],"picked":"Inflame","floor":12.0},{"not_picked":["Havoc","Body Slam"],"picked":"Sword Boomerang","floor":13.0},{"not_picked":["True Grit","Anger","Bloodletting"],"picked":"Singing Bowl","floor":14.0},{"not_picked":["Immolate","Bludgeon"],"picked":"Corruption","floor":16.0},{"not_picked":["Rage","Ghostly Armor"],"picked":"Body Slam+1","floor":18.0},{"not_picked":["Havoc","Pommel Strike"],"picked":"Inflame+1","floor":20.0},{"not_picked":["Thunderclap","True Grit"],"picked":"Whirlwind","floor":22.0}],"player_experience":327273,"relics_obtained":[{"floor":6.0,"key":"Centennial Puzzle"},{"floor":9.0,"key":"Orichalcum"},{"floor":11.0,"key":"Vajra"},{"floor":13.0,"key":"Singing Bowl"}],"event_choices":[{"damage_healed":0.0,"max_hp_gain":0.0,"max_hp_loss":0.0,"gold_gain":0.0,"event_name":"Shining Light","player_choice":"Entered Light","floor":2.0,"gold_loss":0.0,"damage_taken":23.0,"cards_upgraded":["Strike_R","Dropkick"]},{"cards_removed":["Strike_R"],"damage_healed":0.0,"max_hp_gain":0.0,"max_hp_loss":0.0,"gold_gain":0.0,"event_name":"Bonfire Elementals","player_choice":"Offered Basic","floor":5.0,"gold_loss":0.0,"damage_taken":0.0},{"damage_healed":0.0,"max_hp_gain":0.0,"max_hp_loss":0.0,"gold_gain":0.0,"event_name":"Ghosts","player_choice":"Ignored","floor":21.0,"gold_loss":0.0,"damage_taken":0.0}],"is_beta":false,"boss_relics":[{"not_picked":["Velvet Choker","Sozu"],"picked":"Runic Pyramid"}],"items_purged_floors":[],"is_endless":false,"potions_floor_spawned":[1,6,10,12],"killed_by":"Book of Stabbing","ascension_level":18}}