{"host":"82qk6ob05uum3zoi","time":1613295685,"event":{"mods":["BaseMod","BetterRewards","Minty Spire (QoL Compilation)","Reliquary","StSLib","The Cursed"],"gold_per_floor":[117,117,134,63,78,78,113,113,113,148,158,176,29,39,39,139,139,151,163,163,20,20,20,46,46,46,46,46,63,82,0,0,0,0],"floor_reached":33,"language":"ENG","playtime":1250,"items_purged":[],"score":316,"play_id":"1c615da4-9733-4ee5-967f-451f95e7887d","local_time":"20210214224125","is_ascension_mode":true,"campfire_choices":[{"floor":6,"key":"RECALL"},{"floor":15,"key":"REST"},{"data":"Envenom","floor":23,"key":"SMITH"},{"floor":25,"key":"REST"},{"data":"Backstab","floor":27,"key":"SMITH"},{"data":"Burst","floor":32,"key":"SMITH"}],"circlet_count":0,"master_deck":["Strike_G","Strike_G","Strike_G","Strike_G","Strike_G","Defend_G","Defend_G","Defend_G","Defend_G","Survivor","Neutralize","All Out Attack","Flechettes","All Out Attack","Bouncing Flask","Deadly Poison+1","PiercingWail","Glass Knife","Deflect","Dagger Spray","Glass Knife","Poisoned Stab","Envenom+1","Backstab+1","Burst+1","Writhe","Shame","Caltrops"],"relics":["Ring of the Snake","Gremlin Horn","MealTicket","Oddly Smooth Stone","DollysMirror","Cursed Key","Nloth\u0027s Gift","HandDrill","reliquary:TatteredRug","Eternal Feather"],"acts_visited":["Exordium","TheCity"],"potions_floor_usage":[10,14,16,18,19,30],"damage_taken":[{"damage":0,"enemies":"Jaw Worm","floor":1,"turns":5},{"damage":0,"enemies":"Cultist","floor":3,"turns":3},{"damage":0,"enemies":"2 Louse","floor":5,"turns":1},{"damage":17,"enemies":"Lagavulin","floor":7,"turns":5},{"damage":27,"enemies":"3 Sentries","floor":10,"turns":8},{"damage":5,"enemies":"Looter","floor":11,"turns":3},{"damage":0,"enemies":"Gremlin Gang","floor":12,"turns":1},{"damage":3,"enemies":"Blue Slaver","floor":14,"turns":3},{"damage":42,"enemies":"Hexaghost","floor":16,"turns":8},{"damage":24,"enemies":"2 Thieves","floor":18,"turns":4},{"damage":0,"enemies":"3 Byrds","floor":19,"turns":2},{"damage":33,"enemies":"Book of Stabbing","floor":24,"turns":4},{"damage":12,"enemies":"Cultist and Chosen","floor":29,"turns":4},{"damage":0,"enemies":"Snake Plant","floor":30,"turns":3},{"damage":92,"enemies":"Champ","floor":33,"turns":8}],"seed_played":"-3292442254203711135","potions_obtained":[{"floor":1,"key":"Energy Potion"},{"floor":5,"key":"Ancient Potion"},{"floor":7,"key":"Dexterity Potion"},{"floor":16,"key":"AttackPotion"},{"floor":18,"key":"LiquidBronze"},{"floor":24,"key":"FearPotion"}],"is_trial":false,"path_per_floor":["M","?","M","$","M","R","E","?","T","E","M","M","$","M","R","B",null,"M","M","?","$","?","R","E","R","T","R","T","M","M","?","R","B"],"character_chosen":"THE_SILENT","items_purchased":["Bouncing Flask","DollysMirror","HandDrill"],"campfire_rested":2,"item_purchase_floors":[4,13,21],"current_hp_per_floor":[70,70,70,70,70,70,53,53,53,26,21,21,36,33,54,12,70,46,46,46,61,61,61,28,49,49,64,64,52,52,52,67,0,0],"gold":0,"neow_bonus":"RANDOM_COMMON_RELIC","is_daily":false,"chose_seed":false,"campfire_upgraded":3,"win_rate":0.0,"timestamp":1613295685,"path_taken":["M","?","?","$","M","R","E","?","T","E","M","M","$","M","R","BOSS","M","M","?","?","?","R","E","R","T","R","?","?","M","?","R","BOSS"],"items_purchased_type":["Card","Relic","Relic"],"build_version":"2020-12-22","purchased_purges":0,"victory":false,"max_hp_per_floor":[70,70,70,70,70,70,70,70,70,70,70,70,70,70,70,70,70,70,70,70,70,70,70,70,70,70,70,70,70,70,70,70,70,70],"card_choices":[{"not_picked":["Bouncing Flask","Riddle With Holes"],"picked":"All Out Attack","floor":1},{"not_picked":["Dodge and Roll","Choke"],"picked":"All Out Attack","floor":3},{"not_picked":["Catalyst","Infinite Blades"],"picked":"Deadly Poison","floor":5},{"not_picked":["Choke","Dagger Throw"],"picked":"PiercingWail","floor":7},{"not_picked":["Glass Knife","Footwork","Accuracy"],"picked":"SKIP","floor":10},{"not_picked":["Footwork","Accuracy"],"picked":"Glass Knife","floor":10},{"not_picked":["Acrobatics","All Out Attack"],"picked":"Deflect","floor":11},{"not_picked":["Backflip","Calculated Gamble"],"picked":"Dagger Spray","floor":12},{"not_picked":["Prepared","Riddle With Holes"],"picked":"Poisoned Stab","floor":14},{"not_picked":["Tools of the Trade","Burst"],"picked":"Envenom","floor":16},{"not_picked":["Finisher+1","Slice"],"picked":"Backstab","floor":18},{"not_picked":["Escape Plan","Choke","Calculated Gamble"],"picked":"SKIP","floor":19},{"not_picked":["Storm of Steel","Deflect"],"picked":"Burst","floor":24},{"not_picked":["Flying Knee","Backflip"],"picked":"Caltrops","floor":29},{"not_picked":["Deflect","Caltrops","Acrobatics"],"picked":"SKIP","floor":30}],"player_experience":429131,"relics_obtained":[{"floor":7,"key":"Gremlin Horn"},{"floor":9,"key":"MealTicket"},{"floor":10,"key":"Oddly Smooth Stone"},{"floor":24,"key":"reliquary:TatteredRug"},{"floor":26,"key":"Eternal Feather"}],"event_choices":[{"damage_healed":0,"gold_gain":0,"cards_transformed":["Defend_G"],"player_choice":"Transformed","damage_taken":0,"max_hp_gain":0,"max_hp_loss":0,"event_name":"Transmorgrifier","floor":2,"gold_loss":0,"cards_obtained":["Flechettes"]},{"damage_healed":0,"gold_gain":0,"player_choice":"Grow","damage_taken":0,"max_hp_gain":0,"max_hp_loss":0,"event_name":"Living Wall","floor":8,"gold_loss":0,"cards_upgraded":["Deadly Poison"]},{"damage_healed":0,"gold_gain":0,"player_choice":"Traded Relic","damage_taken":0,"relics_obtained":["Nloth\u0027s Gift"],"max_hp_gain":0,"max_hp_loss":0,"event_name":"N\u0027loth","floor":20,"relics_lost":["Smiling Mask"],"gold_loss":0},{"damage_healed":0,"gold_gain":0,"player_choice":"Paid Fearfully","damage_taken":0,"max_hp_gain":0,"max_hp_loss":0,"event_name":"Masked Bandits","floor":31,"gold_loss":82}],"is_beta":false,"boss_relics":[{"not_picked":["Velvet Choker","Runic Dome"],"picked":"Cursed Key"}],"items_purged_floors":[],"is_endless":false,"potions_floor_spawned":[1,5,7,16,18,24],"killed_by":"Champ","ascension_level":3}}