{"host":"313mh4uoe5sucao3","time":1613282959,"event":{"mods":["BaseMod","Dota2Spire","Downfall","Good Game Mod","Hero for Fun","LagranYue(拉格朗・月)","Minty Spire (QoL Compilation)","Quick Restart","Reimu（博丽灵梦）","Remilia（蕾米莉亚）","Ryuuou龙王","Shop Mod","Spicy Shops","StSLib","Td1madao Mod","The Bladedancer","The Invoker Mod","UnlockEverythingMod","WarShipGirlsR/战舰少女R mod","[IsaacMod]以撒尖塔","noobMod"],"gold_per_floor":[210,12,31,31,51,76,89,99,99,128,75,102,117,150,150,250,250,269,14,14,30,43,77,92,126,126,126,138,34,59,59,59,159,159,169,169,269,288,288,314,326,361,361,393,420,454,554,567,567,567,567,567,23,50,59],"floor_reached":56,"language":"ZHS","playtime":4236,"items_purged":["White Contract"],"score":1725,"play_id":"a03d321e-6d29-4c42-90b4-27476c83c81b","local_time":"20210214140919","is_ascension_mode":true,"campfire_choices":[{"floor":15.0,"key":"REST"},{"floor":32,"key":"REST"},{"floor":49,"key":"RECALL"},{"data":"Memory Alloy","floor":52,"key":"SMITH"}],"circlet_count":0,"master_deck":["Strike_C","Strike_C","Strike_C","Strike_C","Defend_C","Defend_C","Defend_C","Defend_C","Knight Kick","Chip","EpicFetus","KamiRite:ReiMu","Here Defend Chip","Here Defend Chip","Break Into","Here Defend Chip","Light Attack+1","Black Shadow","Here Defend Chip","Fire Up","Memory Alloy+1","Black Shadow","BloodyBrimstone+1","Fire Blade","Defend System+1","Fire Up","Optimization","Here Defend Chip","Black Contract","Here Defend Chip","Cooling Song","Break Into","Blind","Fire Up+1","Defend System","Fire Blade","Three Hit","Parasite"],"relics":["Apod","REME:ComplimentaryCards","HushsDoor","ice","Dota2Spire:PowerTreads","SatanicBible","Girl Clothes","Happy Flower","Dota2Spire:Vanguard","SacredBark","MerchantsRug","BookOfRevelations","Lsj Skin","Shuriken","Dota2Spire:Mjollnir","Dota2Spire:LotusOrb","Coffee Dripper","PreservedInsect","CeramicFish","Dota2Spire:MantaStyle","Mercury Hourglass","YumHeart","Habit","Pear","LagranYue:NewUniverseRelic","UnicornStump"],"acts_visited":["Exordium","TheCity","TheBeyond","TheEnding"],"potions_floor_usage":[40],"damage_taken":[{"damage":7.0,"enemies":"Jaw Worm","floor":1.0,"turns":4.0},{"damage":2.0,"enemies":"Cultist","floor":3.0,"turns":4.0},{"damage":0.0,"enemies":"2 Louse","floor":5.0,"turns":4.0},{"damage":3.0,"enemies":"Lagavulin","floor":6.0,"turns":6.0},{"damage":0.0,"enemies":"Exordium Wildlife","floor":7.0,"turns":1.0},{"damage":0.0,"enemies":"Looter","floor":8.0,"turns":2.0},{"damage":23.0,"enemies":"3 Sentries","floor":10.0,"turns":8.0},{"damage":4.0,"enemies":"Gremlin Nob","floor":12.0,"turns":6.0},{"damage":6.0,"enemies":"Exordium Thugs","floor":13.0,"turns":3.0},{"damage":12.0,"enemies":"Lagavulin","floor":14.0,"turns":6.0},{"damage":8.0,"enemies":"Hexaghost","floor":16.0,"turns":9.0},{"damage":11.0,"enemies":"2 Thieves","floor":18.0,"turns":2.0},{"damage":11.0,"enemies":"Shell Parasite","floor":21.0,"turns":6.0},{"damage":31.0,"enemies":"3 Cultists","floor":22.0,"turns":5.0},{"damage":33.0,"enemies":"Slavers","floor":23.0,"turns":3.0},{"damage":15.0,"enemies":"Centurion and Healer","floor":24.0,"turns":4.0},{"damage":13.0,"enemies":"Book of Stabbing","floor":25.0,"turns":6.0},{"damage":27,"enemies":"Cultist and Chosen","floor":28,"turns":6},{"damage":29,"enemies":"Slavers","floor":30,"turns":4},{"damage":17,"enemies":"Collector","floor":33,"turns":6},{"damage":17,"enemies":"3 Shapes","floor":35,"turns":3},{"damage":26,"enemies":"3 Darklings","floor":38,"turns":6},{"damage":19,"enemies":"Nemesis","floor":40,"turns":7},{"damage":8,"enemies":"Spire Growth","floor":41,"turns":4},{"damage":38,"enemies":"Reptomancer","floor":42,"turns":5},{"damage":17,"enemies":"Nemesis","floor":44,"turns":4},{"damage":36,"enemies":"4 Shapes","floor":45,"turns":4},{"damage":1,"enemies":"Giant Head","floor":46,"turns":5},{"damage":0,"enemies":"Maw","floor":48,"turns":4},{"damage":0,"enemies":"Time Eater","floor":50,"turns":7},{"damage":0,"enemies":"Shield and Spear","floor":54,"turns":3},{"damage":0,"enemies":"Delirium","floor":55,"turns":24}],"seed_played":"4055965202801976986","potions_obtained":[{"floor":1.0,"key":"LiquidBronze"},{"floor":6.0,"key":"FearPotion"},{"floor":8.0,"key":"CultistPotion"},{"floor":10.0,"key":"ColorlessPotion"},{"floor":25.0,"key":"Energy Potion"},{"floor":41,"key":"Weak Potion"}],"is_trial":false,"path_per_floor":["M","$","M","?","M","E","M","M","T","E","$","E","M","E","R","B",null,"M","$","T","M","M","E","M","E","T","?","M","$","E","?","R","B",null,"M","?","?","M","?","E","M","E","T","E","M","E","?","M","R","B",null,"R","$","E","B",null],"character_chosen":"TD1MADAO_CLASS","items_purchased":["Here Defend Chip","Dota2Spire:PowerTreads","Here Defend Chip","BloodyBrimstone","MerchantsRug","Lee\u0027s Waffle","Dota2Spire:Mjollnir","Here Defend Chip","Three Hit","Habit","Pear","SkillPotion","LagranYue:NewUniverseRelic","Fire Potion"],"campfire_rested":2,"item_purchase_floors":[2,2,11,17,19,19,29,29,53,53,53,53,53,53],"current_hp_per_floor":[63,63,61,61,61,58,58,58,58,35,35,31,25,13,34,26,65,54,72,72,61,30,56,41,28,28,28,66,66,37,37,62,45,93,76,76,76,50,50,31,23,83,83,66,30,54,54,54,54,54,123,123,133,132,132],"gold":59,"neow_bonus":"HUNDRED_GOLD","is_daily":false,"chose_seed":false,"campfire_upgraded":1,"win_rate":0.0,"timestamp":1613282959,"path_taken":["M","$","M","?","M","E","M","M","T","E","?","E","M","E","R","BOSS","M","$","?","M","M","E","M","E","T","?","M","?","E","?","R","BOSS","M","?","?","M","?","E","?","E","T","E","M","E","?","M","R","BOSS","R","$","E","BOSS"],"items_purchased_type":["Card","Relic","Card","Card","Relic","Relic","Relic","Card","Card","Relic","Relic","Potion","Relic","Potion"],"build_version":"2020-12-22","purchased_purges":1,"victory":true,"max_hp_per_floor":[70,70,70,70,70,70,70,70,70,70,70,70,70,70,70,70,65,65,72,72,72,69,68,68,79,79,79,80,80,86,86,86,93,93,96,96,96,103,103,108,106,114,114,115,122,121,121,119,119,123,123,123,133,133,219],"card_choices":[{"not_picked":[],"picked":"EpicFetus","floor":0.0},{"not_picked":["Perfect Defend","Fire Blade"],"picked":"Here Defend Chip","floor":1.0},{"not_picked":["Recovery Mechanism","Lore"],"picked":"Break Into","floor":3.0},{"not_picked":["De Ware Chip","Gravity Defend"],"picked":"Here Defend Chip","floor":5.0},{"not_picked":["Furious","Bomb"],"picked":"Fire Blade","floor":6.0},{"not_picked":["Oblique Hack","Lunge"],"picked":"Light Attack","floor":7.0},{"not_picked":["Floating Swing Kick","Black Execution"],"picked":"Black Shadow","floor":8.0},{"not_picked":["Machining","Ruin Defend"],"picked":"White Contract","floor":10.0},{"not_picked":["Winding Magic","Reinforcement Parts"],"picked":"Fire Up","floor":12.0},{"not_picked":["Resistance","Fire Up"],"picked":"Memory Alloy","floor":13.0},{"not_picked":["Overclocking","Oblique Hack"],"picked":"Black Shadow","floor":14.0},{"not_picked":["Three Hit","Black Shadow"],"picked":"Fire Blade","floor":18.0},{"not_picked":["Floating Swing Kick+1","Black Dance"],"picked":"Defend System+1","floor":21.0},{"not_picked":["Black Dance","Lunge","Machining"],"picked":"SKIP","floor":22.0},{"not_picked":["Recovery Mechanism","Floating Swing Kick"],"picked":"Fire Up","floor":23.0},{"not_picked":["Floating Swing Kick","Provocative","Awareness+1"],"picked":"SKIP","floor":24.0},{"not_picked":["Afterwards","Money Cant Rescue","Black Execution+1"],"picked":"SKIP","floor":25.0},{"not_picked":["Energy Supply","Sub Weapons","Floating Swing Kick+1"],"picked":"SKIP","floor":28},{"not_picked":["Sub Weapons","Optimization","Judgment"],"picked":"SKIP","floor":30},{"not_picked":["Retrieval Recycling","Optimization"],"picked":"Black Contract","floor":33},{"not_picked":["Light Attack","White Contract+1"],"picked":"Here Defend Chip","floor":35},{"not_picked":["Twin Teeth","Machining+1"],"picked":"Cooling Song","floor":37},{"not_picked":["Cursed Blade","Afterwards"],"picked":"Break Into","floor":38},{"not_picked":["Good Instincts","SuicideKing"],"picked":"Blind","floor":39},{"not_picked":["Awareness+1","Judgment+1","Provocative"],"picked":"SKIP","floor":40},{"not_picked":["Fire Blade+1","Coercion"],"picked":"Fire Up+1","floor":41},{"not_picked":["Shockwave Tdmadao","Fixing+1","Bugfix+1"],"picked":"SKIP","floor":42},{"not_picked":["Lunge","Black Spear+1","Black Contract"],"picked":"SKIP","floor":44},{"not_picked":["Sudden Beat","Cursed Blade"],"picked":"Defend System","floor":45},{"not_picked":["Twin Teeth+1","Black Contract"],"picked":"Fire Blade","floor":46},{"not_picked":["Energy Supply","White Contract+1","Preloading+1"],"picked":"SKIP","floor":48},{"not_picked":["Afterwards","Gravity Defend","Overclocking"],"picked":"SKIP","floor":54}],"player_experience":71082,"relics_obtained":[{"floor":6.0,"key":"Girl Clothes"},{"floor":10.0,"key":"Happy Flower"},{"floor":12.0,"key":"Dota2Spire:Vanguard"},{"floor":14.0,"key":"TheBean"},{"floor":20.0,"key":"Whetstone"},{"floor":23.0,"key":"BookOfRevelations"},{"floor":25.0,"key":"Lsj Skin"},{"floor":26.0,"key":"Shuriken"},{"floor":30,"key":"Dota2Spire:LotusOrb"},{"floor":40,"key":"PreservedInsect"},{"floor":42,"key":"CeramicFish"},{"floor":43,"key":"Dota2Spire:MantaStyle"},{"floor":44,"key":"Mercury Hourglass"},{"floor":46,"key":"YumHeart"},{"floor":54,"key":"UnicornStump"}],"event_choices":[{"damage_healed":0.0,"max_hp_gain":0.0,"max_hp_loss":0.0,"gold_gain":0.0,"event_name":"The Library","player_choice":"Read","floor":27.0,"gold_loss":0.0,"damage_taken":0.0,"cards_obtained":["Optimization"]},{"damage_healed":0,"gold_gain":0,"player_choice":"Bought 0 Potions","damage_taken":0,"max_hp_gain":0,"max_hp_loss":0,"event_name":"The Woman in Blue","floor":31,"gold_loss":0},{"cards_removed":["Fire Blade"],"damage_healed":0,"gold_gain":0,"player_choice":"Removed Attack","damage_taken":0,"max_hp_gain":0,"max_hp_loss":0,"event_name":"Falling","floor":36,"gold_loss":0},{"damage_healed":0,"gold_gain":0,"player_choice":"Memory 1","damage_taken":0,"max_hp_gain":0,"max_hp_loss":0,"event_name":"SensoryStone","floor":39,"gold_loss":0}],"is_beta":false,"boss_relics":[{"not_picked":["Foreshadowing","Velvet Choker"],"picked":"SacredBark"},{"not_picked":[]},{"not_picked":["Astrolabe","Black Star"],"picked":"Coffee Dripper"},{"not_picked":[]}],"items_purged_floors":[19],"is_endless":false,"potions_floor_spawned":[1,6,8,10,12,21,22,23,25,41,42,44,46,48],"ascension_level":2}}