{"host":"sc0o2qwpf9j16a4i","time":1613307330,"event":{"mods":["AchievementEnabler","BaseMod","BetterRewards","Block Reminder","Colored Map","Colored Powertips","Custom Start","Highlight Path","Jorbs\u0027s Wanderer Trilogy","Minty Spire (QoL Compilation)","Relic Stats","StSLib"],"gold_per_floor":[117,192,192,6,25,56,56,85,110,110,164,339,387,50,50,173,173,185,185,185,222,252,306,306,357,381,415,11,27,57,126,126,229,229,292,292,1291,1338,324,414,414,443,511,583,689,806,21,105,105,105],"floor_reached":51,"language":"ENG","playtime":2277,"items_purged":["Normality","Normality"],"score":1192,"play_id":"3d95be93-c956-431f-81e1-f711054b4aa9","local_time":"20210214145530","daily_mods":["Heirloom","Colorless Cards","Elite Swarm"],"is_ascension_mode":false,"campfire_choices":[{"data":"Omniscience","floor":7.0,"key":"SMITH"},{"floor":10.0,"key":"REST"},{"floor":15.0,"key":"REST"},{"floor":24.0,"key":"REST"},{"floor":32,"key":"REST"},{"floor":41,"key":"REST"},{"floor":49,"key":"REST"}],"circlet_count":0,"master_deck":["Strike_P","Strike_P+1","Strike_P","Strike_P","Defend_P","Defend_P","Defend_P","Defend_P","Eruption","Vigilance","CrushJoints+1","Worship","BowlingBash","Adaptation","ClearTheMind","Omniscience+1","HandOfGreed","DeusExMachina+1","Devotion","Apotheosis","Crescendo","DevaForm","Wireheading","FlurryOfBlows","TalkToTheHand","Secret Technique","Master of Strategy","EmptyBody+1","Dark Shackles+1","Worship","FlyingSleeves","FearNoEvil","WaveOfTheHand+1","Wish","Establishment","FlyingSleeves+1","Panacea+1","Wish+1","Vault","Nirvana","Protect","Parasite","Devotion","MentalFortress","ThirdEye","ReachHeaven","FlurryOfBlows","Vault"],"relics":["PureWater","Ginger","Lantern","Akabeko","Bronze Scales","Peace Pipe","Incense Burner","Vajra","Fusion Hammer","Art of War","Bottled Flame","Ancient Tea Set","Damaru","PreservedInsect","Orrery","Regal Pillow","Busted Crown","DollysMirror","Meat on the Bone","War Paint","Boot","Bag of Marbles","Singing Bowl","Bag of Preparation","Letter Opener","Toy Ornithopter","Happy Flower"],"acts_visited":["Exordium","TheCity","TheBeyond"],"potions_floor_usage":[31,40,40,50],"damage_taken":[{"damage":2.0,"enemies":"Cultist","floor":1.0,"turns":6.0},{"damage":1.0,"enemies":"Jaw Worm","floor":5.0,"turns":2.0},{"damage":8.0,"enemies":"Lagavulin","floor":6.0,"turns":5.0},{"damage":8.0,"enemies":"3 Sentries","floor":8.0,"turns":4.0},{"damage":32.0,"enemies":"Gremlin Nob","floor":11.0,"turns":4.0},{"damage":0.0,"enemies":"Lagavulin","floor":13.0,"turns":4.0},{"damage":0.0,"enemies":"Slime Boss","floor":16.0,"turns":3.0},{"damage":10.0,"enemies":"Spheric Guardian","floor":18.0,"turns":3.0},{"damage":11.0,"enemies":"Shell Parasite","floor":21.0,"turns":4.0},{"damage":20.0,"enemies":"Cultist and Chosen","floor":22.0,"turns":3.0},{"damage":29.0,"enemies":"Book of Stabbing","floor":23.0,"turns":4.0},{"damage":19.0,"enemies":"Gremlin Leader","floor":25.0,"turns":6.0},{"damage":15.0,"enemies":"Book of Stabbing","floor":27.0,"turns":4.0},{"damage":0.0,"enemies":"Sentry and Sphere","floor":29.0,"turns":2.0},{"damage":0.0,"enemies":"Slavers","floor":30.0,"turns":1.0},{"damage":0,"enemies":"Centurion and Healer","floor":31,"turns":5},{"damage":0,"enemies":"Collector","floor":33,"turns":5},{"damage":29,"enemies":"3 Darklings","floor":35,"turns":4},{"damage":21,"enemies":"Orb Walker","floor":38,"turns":5},{"damage":16,"enemies":"Nemesis","floor":40,"turns":8},{"damage":0,"enemies":"Giant Head","floor":42,"turns":6},{"damage":21,"enemies":"Writhing Mass","floor":44,"turns":7},{"damage":1,"enemies":"Transient","floor":45,"turns":6},{"damage":15,"enemies":"Nemesis","floor":46,"turns":5},{"damage":15,"enemies":"Reptomancer","floor":48,"turns":5},{"damage":9,"enemies":"Awakened One","floor":50,"turns":10}],"seed_played":"2922964640983633095","potions_obtained":[{"floor":8.0,"key":"EssenceOfSteel"},{"floor":11.0,"key":"AttackPotion"},{"floor":13.0,"key":"SteroidPotion"},{"floor":18.0,"key":"Regen Potion"},{"floor":23.0,"key":"Weak Potion"},{"floor":30.0,"key":"BlessingOfTheForge"},{"floor":33,"key":"SteroidPotion"},{"floor":38,"key":"SpeedPotion"},{"floor":44,"key":"BottledMiracle"},{"floor":46,"key":"PowerPotion"}],"is_trial":true,"path_per_floor":["M","?","?","$","M","E","R","E","T","R","E","?","E","$","R","B",null,"M","?","?","M","M","E","R","E","T","E","$","M","E","M","R","B",null,"M","?","?","M","$","E","R","E","T","M","M","E","$","E","R","B",null],"character_chosen":"WATCHER","items_purchased":["Worship","BowlingBash","Adaptation","Apotheosis","Vajra","Crescendo","PreservedInsect","Orrery","SkillPotion","AttackPotion","DollysMirror","Vault","Meat on the Bone","War Paint","PowerPotion","Regen Potion","Nirvana","Protect","Letter Opener","MentalFortress","Toy Ornithopter","ThirdEye","ReachHeaven","SpeedPotion","FlurryOfBlows"],"campfire_rested":6,"item_purchase_floors":[4,4,4,14,14,14,28,28,28,28,39,39,39,39,39,39,39,39,47,47,47,47,47,47,47],"current_hp_per_floor":[70,59,45,45,44,36,36,28,28,49,17,17,17,17,38,38,72,62,62,62,51,31,14,35,16,16,1,1,1,1,1,37,37,72,43,43,43,22,22,32,68,68,68,49,50,47,47,44,76,72],"gold":105,"neow_bonus":"","is_daily":false,"chose_seed":false,"campfire_upgraded":1,"win_rate":0.0,"timestamp":1613307330,"path_taken":["M","?","?","$","M","E","R","E","T","R","E","?","E","$","R","BOSS","M","?","?","?","M","E","R","E","T","E","?","M","E","M","R","BOSS","M","?","?","M","?","E","R","E","T","M","M","E","$","E","R","BOSS"],"items_purchased_type":["Card","Card","Card","Card","Relic","Card","Relic","Relic","Potion","Potion","Relic","Card","Relic","Relic","Potion","Potion","Card","Card","Relic","Card","Relic","Card","Card","Potion","Card"],"build_version":"2020-12-22","purchased_purges":2,"victory":true,"max_hp_per_floor":[72,72,72,72,72,72,72,72,72,72,72,72,72,72,72,72,72,72,72,72,72,72,72,72,72,72,72,72,72,72,72,72,72,72,72,72,72,72,72,72,72,72,72,74,76,76,76,76,76,76],"relic_stats":{"Regal Pillow":40,"Singing Bowl":4,"Happy Flower":[3],"counters":[26,121],"PreservedInsect":318,"Bag of Preparation":[4],"Ginger":[12],"Letter Opener":[55],"War Paint":["Wish","DeusExMachina"],"Boot":[14],"Peace Pipe":0,"Busted Crown":16,"Bronze Scales":[298],"Art of War":[17],"obtain_stats":[{"Lantern":6,"Regal Pillow":30,"Singing Bowl":43,"Vajra":14,"Incense Burner":13,"Bag of Preparation":46,"Ginger":0,"Ancient Tea Set":26,"Boot":40,"DollysMirror":39,"Fusion Hammer":17,"Happy Flower":48,"Damaru":27,"PreservedInsect":28,"Letter Opener":47,"War Paint":39,"Akabeko":8,"Peace Pipe":11,"Bottled Flame":25,"Busted Crown":34,"Bronze Scales":9,"Orrery":28,"Art of War":23,"Bag of Marbles":42,"PureWater":0,"Toy Ornithopter":47,"Meat on the Bone":39},{"Lantern":3,"Regal Pillow":15,"Singing Bowl":21,"Vajra":6,"Incense Burner":6,"Bag of Preparation":24,"Ginger":0,"Ancient Tea Set":12,"Boot":20,"DollysMirror":19,"Fusion Hammer":7,"Happy Flower":25,"Damaru":13,"PreservedInsect":13,"Letter Opener":24,"War Paint":19,"Akabeko":4,"Peace Pipe":5,"Bottled Flame":12,"Busted Crown":17,"Bronze Scales":4,"Orrery":13,"Art of War":11,"Bag of Marbles":21,"PureWater":0,"Toy Ornithopter":24,"Meat on the Bone":19},{"Lantern":13,"Regal Pillow":55,"Singing Bowl":88,"Vajra":25,"Incense Burner":25,"Bag of Preparation":106,"Ginger":0,"Ancient Tea Set":48,"Boot":82,"DollysMirror":74,"Fusion Hammer":28,"Happy Flower":111,"Damaru":52,"PreservedInsect":52,"Letter Opener":106,"War Paint":74,"Akabeko":17,"Peace Pipe":21,"Bottled Flame":48,"Busted Crown":65,"Bronze Scales":17,"Orrery":52,"Art of War":42,"Bag of Marbles":88,"PureWater":0,"Toy Ornithopter":106,"Meat on the Bone":74}],"Toy Ornithopter":5,"Meat on the Bone":36},"card_choices":[{"not_picked":["Adaptation","MentalFortress"],"picked":"CrushJoints","floor":1.0},{"not_picked":["Enlightenment","Prostrate"],"picked":"ClearTheMind","floor":5.0},{"not_picked":["Secret Technique","Secret Weapon"],"picked":"Omniscience","floor":6.0},{"not_picked":["Brilliance","Ragnarok"],"picked":"HandOfGreed","floor":8.0},{"not_picked":["Mayhem","The Bomb"],"picked":"DeusExMachina","floor":11.0},{"not_picked":["Alpha","Scrawl"],"picked":"Devotion","floor":13.0},{"not_picked":["Judgement","DeusExMachina"],"picked":"DevaForm","floor":16.0},{"not_picked":["EmptyFist+1","Panacea+1"],"picked":"Wireheading","floor":18.0},{"not_picked":["PathToVictory+1","JustLucky+1"],"picked":"FlurryOfBlows","floor":21.0},{"not_picked":["WreathOfFlame+1","Protect"],"picked":"TalkToTheHand","floor":22.0},{"not_picked":["Alpha","Sadistic Nature","Magnetism"],"picked":"SKIP","floor":23.0},{"not_picked":["ConjureBlade","Sadistic Nature"],"picked":"Secret Technique","floor":25.0},{"not_picked":["HandOfGreed","Sadistic Nature"],"picked":"Master of Strategy","floor":27.0},{"not_picked":["SignatureMove","BowlingBash+1"],"picked":"EmptyBody+1","floor":28.0},{"not_picked":["ClearTheMind+1","Evaluate"],"picked":"Dark Shackles+1","floor":28.0},{"not_picked":["CrushJoints","BowlingBash"],"picked":"Worship","floor":28.0},{"not_picked":["SandsOfTime","CrushJoints"],"picked":"FlyingSleeves","floor":28.0},{"not_picked":["Crescendo","FollowUp"],"picked":"FearNoEvil","floor":28.0},{"not_picked":["BattleHymn","Alpha"],"picked":"WaveOfTheHand+1","floor":29.0},{"not_picked":["Omniscience","Master of Strategy"],"picked":"Wish","floor":30.0},{"not_picked":["Flash of Steel+1","Panacea","Perseverance+1"],"picked":"SKIP","floor":31},{"not_picked":["ConjureBlade","SpiritShield"],"picked":"Establishment","floor":33},{"not_picked":[],"picked":"FlyingSleeves+1","floor":35},{"not_picked":[],"picked":"Panacea+1","floor":38},{"not_picked":["Establishment"],"picked":"SKIP","floor":40},{"not_picked":["Alpha"],"picked":"SKIP","floor":42},{"not_picked":["EmptyBody"],"picked":"Singing Bowl","floor":44},{"not_picked":["Crescendo"],"picked":"Singing Bowl","floor":45},{"not_picked":[],"picked":"Devotion","floor":46},{"not_picked":[],"picked":"Vault","floor":48}],"player_experience":1412417,"relics_obtained":[{"floor":6.0,"key":"Lantern"},{"floor":8.0,"key":"Akabeko"},{"floor":9.0,"key":"Bronze Scales"},{"floor":11.0,"key":"Peace Pipe"},{"floor":13.0,"key":"Incense Burner"},{"floor":23.0,"key":"Art of War"},{"floor":25.0,"key":"Bottled Flame"},{"floor":26.0,"key":"Ancient Tea Set"},{"floor":27.0,"key":"Damaru"},{"floor":30.0,"key":"Regal Pillow"},{"floor":40,"key":"Boot"},{"floor":42,"key":"Bag of Marbles"},{"floor":43,"key":"Singing Bowl"},{"floor":46,"key":"Bag of Preparation"},{"floor":48,"key":"Happy Flower"}],"event_choices":[{"damage_healed":0.0,"max_hp_gain":0.0,"max_hp_loss":0.0,"gold_gain":75.0,"event_name":"World of Goop","player_choice":"Gather Gold","floor":2.0,"gold_loss":0.0,"damage_taken":11.0},{"damage_healed":0.0,"max_hp_gain":0.0,"max_hp_loss":0.0,"gold_gain":0.0,"event_name":"Shining Light","player_choice":"Entered Light","floor":3.0,"gold_loss":0.0,"damage_taken":14.0,"cards_upgraded":["CrushJoints","Strike_P"]},{"damage_healed":0.0,"max_hp_gain":0.0,"max_hp_loss":0.0,"gold_gain":175.0,"event_name":"Liars Game","player_choice":"AGREE","floor":12.0,"gold_loss":0.0,"damage_taken":0.0,"cards_obtained":["Doubt"]},{"damage_healed":0.0,"max_hp_gain":0.0,"max_hp_loss":0.0,"gold_gain":0.0,"event_name":"Beggar","player_choice":"Ignored","floor":19.0,"gold_loss":0.0,"damage_taken":0.0},{"cards_removed":["Doubt"],"damage_healed":0.0,"max_hp_gain":0.0,"max_hp_loss":0.0,"gold_gain":0.0,"event_name":"Fountain of Cleansing","player_choice":"Removed Curses","floor":20.0,"gold_loss":0.0,"damage_taken":0.0},{"damage_healed":0,"gold_gain":0,"player_choice":"Ignored","damage_taken":0,"max_hp_gain":0,"max_hp_loss":0,"event_name":"Tomb of Lord Red Mask","floor":36,"gold_loss":0},{"damage_healed":0,"gold_gain":999,"player_choice":"Gold","damage_taken":0,"max_hp_gain":0,"max_hp_loss":0,"event_name":"MindBloom","floor":37,"gold_loss":0,"cards_obtained":["Normality","Normality"]}],"is_beta":false,"boss_relics":[{"not_picked":["Velvet Choker","Coffee Dripper"],"picked":"Fusion Hammer"},{"not_picked":["Runic Pyramid","SlaversCollar"],"picked":"Busted Crown"}],"items_purged_floors":[39,47],"is_endless":false,"potions_floor_spawned":[8,11,13,18,23,30,33,38,44,46],"ascension_level":0}}