{"host":"ty2cix8xj6r3ad26","time":1613312851,"event":{"mods":["AchievementEnabler","BaseMod","BetterRewards","Minty Spire (QoL Compilation)","Quick Restart","StSLib","SuperFastMode"],"gold_per_floor":[117,129,144,164,164,164,198,198,198,198,148,148,65,65,65,184,184,200,26,40,63,78,119,31,31,31],"floor_reached":25,"language":"ENG","playtime":2110,"items_purged":["Strike_B","Defend_B","Defend_B","Fission","Dualcast"],"score":459,"play_id":"e3527cef-c5ba-4911-8964-d37931ed8fc2","local_time":"20210214162731","is_ascension_mode":true,"campfire_choices":[{"data":"Defragment","floor":6,"key":"SMITH"},{"data":"Zap","floor":8,"key":"SMITH"},{"data":"Coolheaded","floor":10,"key":"SMITH"},{"data":"Capacitor","floor":15,"key":"SMITH"}],"circlet_count":0,"master_deck":["AscendersBane","Strike_B","Strike_B","Defend_B","Defend_B","Zap+1","Conserve Battery","Defragment+1","Coolheaded+1","Chill","Undo","Compile Driver","Cold Snap","Capacitor+1","Hologram+1","Biased Cognition+1","Echo Form+1"],"relics":["Cracked Core","Membership Card","Juzu Bracelet","TungstenRod","Strawberry","Pear","Golden Idol","Frozen Egg 2","Snecko Eye","Runic Capacitor","Toy Ornithopter"],"acts_visited":["Exordium","TheCity"],"potions_floor_usage":[0,16,16,22,22,23],"damage_taken":[{"damage":0,"enemies":"Jaw Worm","floor":1,"turns":5},{"damage":0,"enemies":"Small Slimes","floor":2,"turns":4},{"damage":6,"enemies":"2 Louse","floor":3,"turns":4},{"damage":0,"enemies":"2 Fungi Beasts","floor":4,"turns":5},{"damage":2,"enemies":"3 Sentries","floor":7,"turns":13},{"damage":0,"enemies":"Hexaghost","floor":16,"turns":12},{"damage":1,"enemies":"Chosen","floor":18,"turns":8},{"damage":0,"enemies":"3 Byrds","floor":20,"turns":6},{"damage":2,"enemies":"3 Cultists","floor":21,"turns":8},{"damage":0,"enemies":"Centurion and Healer","floor":22,"turns":9},{"damage":5,"enemies":"Book of Stabbing","floor":23,"turns":4},{"damage":13,"enemies":"Gremlin Leader","floor":25,"turns":10}],"seed_played":"392637825973971458","potions_obtained":[{"floor":2,"key":"Energy Potion"},{"floor":4,"key":"EssenceOfSteel"},{"floor":18,"key":"AttackPotion"},{"floor":22,"key":"Swift Potion"}],"is_trial":false,"path_per_floor":["M","M","M","M","?","R","E","R","T","R","?","?","$","?","R","B",null,"M","$","M","M","M","E","$","E"],"character_chosen":"DEFECT","items_purchased":["Membership Card","Juzu Bracelet","Conserve Battery","Defragment","Coolheaded","Fruit Juice","Capacitor","Runic Capacitor","Energy Potion"],"campfire_rested":0,"item_purchase_floors":[0,0,0,0,0,0,13,19,19],"current_hp_per_floor":[57,57,51,51,51,51,56,56,66,66,66,43,43,34,34,34,81,80,80,80,78,78,73,73,60,60],"gold":31,"neow_bonus":"","is_daily":false,"chose_seed":false,"campfire_upgraded":4,"win_rate":0.0,"timestamp":1613312851,"path_taken":["M","M","M","M","?","R","E","R","T","R","?","?","$","?","R","BOSS","M","$","M","M","M","E","$","E"],"items_purchased_type":["Relic","Relic","Card","Card","Card","Potion","Card","Relic","Potion"],"build_version":"2020-12-22","purchased_purges":5,"victory":false,"max_hp_per_floor":[80,80,80,80,80,80,87,87,97,97,97,97,97,97,97,97,97,97,97,97,97,97,97,97,97,97],"card_choices":[{"not_picked":["Ball Lightning","Storm"],"picked":"Chill","floor":1},{"not_picked":["Fusion","Redo","Reprogram"],"picked":"SKIP","floor":2},{"not_picked":["Rebound","Steam"],"picked":"Undo","floor":3},{"not_picked":["Hello World","Steam"],"picked":"Compile Driver","floor":4},{"not_picked":["Auto Shields","Rebound"],"picked":"Cold Snap","floor":7},{"not_picked":["Amplify","Rainbow"],"picked":"Fission","floor":16},{"not_picked":["Compile Driver","Turbo"],"picked":"Hologram+1","floor":18},{"not_picked":["Sweeping Beam","Compile Driver+1","Leap"],"picked":"SKIP","floor":20},{"not_picked":["Steam","Chill"],"picked":"Biased Cognition+1","floor":21},{"not_picked":["Reprogram","Streamline","FTL"],"picked":"SKIP","floor":22},{"not_picked":["Barrage","Cold Snap+1"],"picked":"Echo Form+1","floor":23}],"player_experience":566577,"relics_obtained":[{"floor":7,"key":"Strawberry"},{"floor":9,"key":"Pear"},{"floor":23,"key":"Toy Ornithopter"}],"event_choices":[{"damage_healed":0,"gold_gain":0,"player_choice":"Ignored","damage_taken":0,"max_hp_gain":0,"max_hp_loss":0,"event_name":"Liars Game","floor":5,"gold_loss":0},{"cards_removed":["Strike_B"],"damage_healed":0,"gold_gain":0,"player_choice":"Card Removal","damage_taken":0,"max_hp_gain":0,"max_hp_loss":0,"event_name":"The Cleric","floor":11,"gold_loss":50},{"damage_healed":0,"gold_gain":0,"player_choice":"Take Damage","damage_taken":24,"relics_obtained":["Golden Idol"],"max_hp_gain":0,"max_hp_loss":0,"event_name":"Golden Idol","floor":12,"gold_loss":0},{"damage_healed":0,"gold_gain":0,"player_choice":"Success","damage_taken":12,"relics_obtained":["Frozen Egg 2"],"max_hp_gain":0,"max_hp_loss":0,"event_name":"Scrap Ooze","floor":14,"gold_loss":0}],"is_beta":false,"boss_relics":[{"not_picked":["Ectoplasm","SacredBark"],"picked":"Snecko Eye"}],"items_purged_floors":[0,0,13,19,24],"is_endless":false,"potions_floor_spawned":[2,4,18,22],"killed_by":"Gremlin Leader","ascension_level":12}}