{"host":"ayh4nqhr0ddw4ozv","time":1613286224,"event":{"mods":["BaseMod","Minty Spire (QoL Compilation)","Relic Stats","Replay The Spire","Robot Space Explorer","StSLib"],"gold_per_floor":[109,121,121,5,5,45,45,70,120,120,120,159,102,137,137,137,137],"floor_reached":16,"language":"ENG","playtime":673,"items_purged":["Strike_R"],"score":215,"play_id":"13464498-1a66-4082-98b3-6b6d7822f740","local_time":"20210213230344","is_ascension_mode":true,"campfire_choices":[{"data":"Eruption","floor":7,"key":"SMITH"},{"floor":10,"key":"REST"},{"data":"Immolate","floor":15,"key":"SMITH"}],"circlet_count":0,"master_deck":["AscendersBane","Strike_R","Strike_R","Strike_R","Defend_R","Defend_R","Defend_R","Defend_R","Juggernaut","Anger","Headbutt","Shockwave","Eruption+1","ReplayTheSpireMod:Muscle Training","Second Wind","Inflame","Immolate+1"],"relics":["Golden Idol","Replay:M_SmolderingBlood","King of Hearts","Oddly Smooth Stone","Blue Candle","Bag of Marbles"],"acts_visited":["Exordium"],"potions_floor_usage":[6,12],"damage_taken":[{"damage":5,"enemies":"2 Louse","floor":1,"turns":4},{"damage":1,"enemies":"Small Slimes","floor":2,"turns":3},{"damage":30,"enemies":"Lagavulin","floor":6,"turns":5},{"damage":8,"enemies":"Jaw Worm","floor":8,"turns":3},{"damage":6,"enemies":"Gremlin Nob","floor":12,"turns":3},{"damage":10,"enemies":"Lagavulin","floor":14,"turns":6},{"damage":29,"enemies":"Fading Forest","floor":16,"turns":7}],"seed_played":"2668643815335305812","potions_obtained":[{"floor":1,"key":"Strength Potion"},{"floor":8,"key":"LiquidMemories"}],"is_trial":false,"path_per_floor":["M","M","?","$","?","E","R","M","T","R","?","E","$","E","R","B"],"character_chosen":"IRONCLAD","items_purchased":["Shockwave","Fire Potion"],"campfire_rested":1,"item_purchase_floors":[4,13],"current_hp_per_floor":[69,74,48,48,48,18,18,10,10,32,32,26,26,16,16,0,0],"gold":137,"neow_bonus":"TRANSFORM_CARD","is_daily":false,"chose_seed":false,"campfire_upgraded":2,"win_rate":0.0,"timestamp":1613286224,"path_taken":["M","M","?","$","?","E","R","M","T","R","?","E","?","E","R","BOSS"],"items_purchased_type":["Card","Potion"],"build_version":"2020-12-22","purchased_purges":1,"victory":false,"max_hp_per_floor":[75,75,75,75,75,75,75,75,75,75,75,75,75,75,75,75,75],"relic_stats":{"counters":[7,31],"Golden Idol":28,"Blue Candle":[1],"obtain_stats":[{"Golden Idol":3,"Replay:M_SmolderingBlood":5,"Blue Candle":12,"Oddly Smooth Stone":9,"King of Hearts":6,"Bag of Marbles":14,"Burning Blood":0},{"Golden Idol":2,"Replay:M_SmolderingBlood":2,"Blue Candle":5,"Oddly Smooth Stone":4,"King of Hearts":3,"Bag of Marbles":6,"Burning Blood":0},{"Golden Idol":7,"Replay:M_SmolderingBlood":7,"Blue Candle":18,"Oddly Smooth Stone":15,"King of Hearts":12,"Bag of Marbles":24,"Burning Blood":0}]},"card_choices":[{"not_picked":["ReplayTheSpireMod:Muscle Training","Perfected Strike"],"picked":"Anger","floor":1},{"not_picked":["Perfected Strike","Twin Strike"],"picked":"Headbutt","floor":2},{"not_picked":["Clothesline","Body Slam"],"picked":"ReplayTheSpireMod:Muscle Training","floor":6},{"not_picked":["Body Slam","Anger"],"picked":"Second Wind","floor":8},{"not_picked":["Evolve","Anger"],"picked":"Inflame","floor":12},{"not_picked":["Warcry","Metallicize"],"picked":"Immolate","floor":14}],"player_experience":439435,"relics_obtained":[{"floor":6,"key":"King of Hearts"},{"floor":9,"key":"Oddly Smooth Stone"},{"floor":12,"key":"Blue Candle"},{"floor":14,"key":"Bag of Marbles"}],"event_choices":[{"damage_healed":0,"gold_gain":0,"player_choice":"Take Damage","damage_taken":26,"relics_obtained":["Golden Idol"],"max_hp_gain":0,"max_hp_loss":0,"event_name":"Golden Idol","floor":3,"gold_loss":0},{"damage_healed":0,"gold_gain":0,"player_choice":"Ignored","damage_taken":0,"max_hp_gain":0,"max_hp_loss":0,"event_name":"Shining Light","floor":11,"gold_loss":0}],"is_beta":false,"boss_relics":[],"items_purged_floors":[4],"is_endless":false,"potions_floor_spawned":[1,8],"killed_by":"Fading Forest","ascension_level":17}}