{"host":"166mvycy0az0i7z6","time":1613287698,"event":{"mods":["AchievementEnabler","Aspiration","BaseMod","Bestiary","Better Altar","Better Third Choice","BetterRewards","Challenge The Spire","Conspire","DeckTracker","Downfall","Halation","Hubris","Minty Spire (QoL Compilation)","Relic Filter","Relic Stats","Replay The Spire","Shop Mod","StSLib"],"gold_per_floor":[114,127,141,91,91,143,154,154,225,125,157,43,72,108,108,213,213,230,268,268,268],"floor_reached":20,"language":"ENG","playtime":1114,"items_purged":[],"score":213,"play_id":"182c0319-70b5-46dd-88f4-0752a205da45","local_time":"20210214182818","is_ascension_mode":true,"campfire_choices":[{"floor":8,"key":"REST"}],"circlet_count":0,"master_deck":["Strike_R","Strike_R","Strike_R","Strike_R","Strike_R","Defend_R","Defend_R","Defend_R","Defend_R","Bash","Anger","hubris:ReadiedAction","Cleave","conspire:SpireCoStock","Spot Weakness","Replay:Undeath\u0027s Touch","Ghostly","Rupture","Searing Blow","Flex","Flex","Infernal Blade+1","Feed","Run Through+1","Disarm"],"relics":["Burning Blood","aspiration:Nostalgia","bronze:BronzeCore","hubris:Reverence","Mercury Hourglass","halation:PrussianBluePaint","Gremlin Food","SlaversCollar"],"acts_visited":["Exordium","TheCity"],"potions_floor_usage":[13,16,16,19],"damage_taken":[{"damage":6,"enemies":"Cultist","floor":1,"turns":4},{"damage":0,"enemies":"Small Slimes","floor":2,"turns":3},{"damage":7,"enemies":"conspire:RoseBush","floor":3,"turns":2},{"damage":31,"enemies":"Replay:BlueRogue","floor":6,"turns":7},{"damage":20,"enemies":"Large Slime","floor":7,"turns":3},{"damage":4,"enemies":"3 Sentries","floor":11,"turns":4},{"damage":1,"enemies":"Gremlin Nob","floor":13,"turns":3},{"damage":8,"enemies":"Red Slaver","floor":14,"turns":4},{"damage":30,"enemies":"Slime Boss","floor":16,"turns":6},{"damage":30,"enemies":"Spheric Guardian","floor":18,"turns":4},{"damage":47,"enemies":"3 Byrds","floor":19,"turns":5},{"damage":30,"enemies":"Shelled Parasite and Fungi","floor":20,"turns":4}],"seed_played":"-297052457919904602","potions_obtained":[{"floor":3,"key":"ColorlessPotion"},{"floor":7,"key":"FearPotion"},{"floor":13,"key":"Strength Potion"},{"floor":14,"key":"FearPotion"}],"is_trial":false,"path_per_floor":["M","M","M","?","?","E","M","R","T","?","E","$","E","M","R","B",null,"M","M","M"],"character_chosen":"IRONCLAD","items_purchased":["Searing Blow","Flex"],"campfire_rested":1,"item_purchase_floors":[12,12],"current_hp_per_floor":[80,80,79,79,80,55,41,65,65,65,67,67,72,70,70,46,80,59,18,0,0],"gold":268,"neow_bonus":"NOSTALGIA","is_daily":false,"chose_seed":false,"campfire_upgraded":0,"win_rate":0.0,"timestamp":1613287698,"path_taken":["M","?","M","?","?","E","?","R","T","?","E","$","E","M","R","BOSS","M","M","M"],"items_purchased_type":["Card","Card"],"build_version":"2020-12-22","purchased_purges":0,"victory":false,"max_hp_per_floor":[80,80,80,80,80,80,80,80,80,80,80,80,80,80,80,80,80,83,83,86,86],"relic_stats":{"counters":[12,49],"obtain_stats":[{"Gremlin Food":13,"SlaversCollar":17,"bronze:BronzeCore":0,"aspiration:Nostalgia":0,"halation:PrussianBluePaint":11,"Burning Blood":0,"hubris:Reverence":6,"Mercury Hourglass":9},{"Gremlin Food":7,"SlaversCollar":9,"bronze:BronzeCore":0,"aspiration:Nostalgia":0,"halation:PrussianBluePaint":6,"Burning Blood":0,"hubris:Reverence":4,"Mercury Hourglass":5},{"Gremlin Food":26,"SlaversCollar":36,"bronze:BronzeCore":0,"aspiration:Nostalgia":0,"halation:PrussianBluePaint":23,"Burning Blood":0,"hubris:Reverence":16,"Mercury Hourglass":19}],"Burning Blood":60,"Mercury Hourglass":[117]},"card_choices":[{"not_picked":["Heavy Blade","Power Through"],"picked":"Anger","floor":1},{"not_picked":["Pommel Strike","conspire:ExplosiveBarrier"],"picked":"hubris:ReadiedAction","floor":2},{"not_picked":["Power Through","Blood for Blood"],"picked":"Cleave","floor":3},{"not_picked":["Sword Boomerang","ReplayTheSpireMod:Strike From Hell"],"picked":"Spot Weakness","floor":6},{"not_picked":["Replay:Many Hands","hubris:CleavingFinish"],"picked":"Replay:Undeath\u0027s Touch","floor":7},{"not_picked":["Shrug It Off","Hemokinesis"],"picked":"Rupture","floor":11},{"not_picked":["Fiend Fire","Defy Death"],"picked":"Flex","floor":13},{"not_picked":["Clash","Cleave"],"picked":"Infernal Blade","floor":14},{"not_picked":["Limit Break","Double Tap"],"picked":"Feed","floor":16},{"not_picked":["ReplayTheSpireMod:Muscle Training+1","hubris:ReadiedAction"],"picked":"Run Through+1","floor":18},{"not_picked":["True Grit","Havoc"],"picked":"Disarm","floor":19}],"player_experience":113123,"relics_obtained":[{"floor":6,"key":"hubris:Reverence"},{"floor":9,"key":"Mercury Hourglass"},{"floor":11,"key":"halation:PrussianBluePaint"},{"floor":13,"key":"Gremlin Food"}],"event_choices":[{"damage_healed":0,"gold_gain":0,"player_choice":"Invest 1","damage_taken":0,"max_hp_gain":0,"max_hp_loss":0,"event_name":"conspire:Investor","floor":4,"gold_loss":0},{"damage_healed":0,"gold_gain":0,"player_choice":"Argue","damage_taken":0,"max_hp_gain":0,"max_hp_loss":0,"event_name":"conspire:LoneGhost","floor":10,"gold_loss":0},{"damage_healed":0,"gold_gain":0,"player_choice":"Grow","damage_taken":0,"max_hp_gain":0,"max_hp_loss":0,"event_name":"Living Wall","floor":15,"gold_loss":0,"cards_upgraded":["Infernal Blade"]}],"is_beta":false,"boss_relics":[{"not_picked":["Calling Bell","hubris:Stopwatch"],"picked":"SlaversCollar"}],"items_purged_floors":[],"is_endless":false,"potions_floor_spawned":[3,7,13,14],"killed_by":"Shelled Parasite and Fungi","ascension_level":2}}