{"host":"n6qxj7a4gnapjcui","time":1613331126,"event":{"mods":["2.2 Compatiblity","AchievementEnabler","BaseMod","Colored Map","Minty Spire (QoL Compilation)"],"gold_per_floor":[115,115,126,126,146,146,171,171,171,171,183,244,23,44,44,140,140,152,152,167,22,36,50,50,81,108,108,133,133,168,185,185,285,285,300,319,163,173,223,251,251,46,73,103,135,135,165,181,181,181],"floor_reached":51,"language":"POL","playtime":3793,"items_purged":[],"score":1204,"play_id":"b5f4d08f-be85-4d35-b42d-22ea25047d66","local_time":"20210214203206","is_ascension_mode":true,"campfire_choices":[{"data":"Pommel Strike","floor":6.0,"key":"SMITH"},{"data":"Offering","floor":10.0,"key":"SMITH"},{"data":"Armaments","floor":15.0,"key":"SMITH"},{"data":"Warcry","floor":24.0,"key":"SMITH"},{"data":"Uppercut","floor":27.0,"key":"SMITH"},{"data":"Feed","floor":29.0,"key":"SMITH"},{"data":"Thunderclap","floor":32.0,"key":"SMITH"},{"data":"Immolate","floor":41.0,"key":"SMITH"},{"floor":46,"key":"REST"},{"floor":49,"key":"REST"}],"circlet_count":0,"master_deck":["Strike_R","Strike_R","Strike_R","Strike_R","Defend_R","Defend_R","Defend_R","Defend_R","Bash+1","Brutality","Iron Wave+1","Headbutt","Anger","Pommel Strike+1","Offering+1","Armaments+1","Dropkick","Uppercut+1","Warcry+1","Double Tap","Ghostly Armor","Necronomicurse","Thunderclap+1","Rampage+1","Feed+1","Cleave","Impervious","Sentinel+1","Armaments+1","Metallicize+1","Immolate+1","True Grit","Reaper+1","Shrug It Off+1","Berserk"],"relics":["Burning Blood","Bag of Preparation","Letter Opener","Ice Cream","Shuriken","Lantern","Odd Mushroom","Mark of Pain","Necronomicon","Sling","Bird Faced Urn","Ancient Tea Set","Potion Belt","Dream Catcher","SlaversCollar","Centennial Puzzle","WingedGreaves","Blue Candle","Cauldron","Smiling Mask","Molten Egg 2","FossilizedHelix","MealTicket"],"acts_visited":["Exordium","TheCity","TheBeyond"],"potions_floor_usage":[42,44,44,44,50,50,50,50],"damage_taken":[{"damage":6.0,"enemies":"Jaw Worm","floor":1.0,"turns":5.0},{"damage":2.0,"enemies":"2 Louse","floor":3.0,"turns":2.0},{"damage":0.0,"enemies":"Small Slimes","floor":5.0,"turns":3.0},{"damage":13.0,"enemies":"3 Sentries","floor":7.0,"turns":7.0},{"damage":15.0,"enemies":"Exordium Thugs","floor":11.0,"turns":4.0},{"damage":19.0,"enemies":"3 Sentries","floor":12.0,"turns":6.0},{"damage":8.0,"enemies":"The Mushroom Lair","floor":14.0,"turns":3.0},{"damage":14.0,"enemies":"Hexaghost","floor":16.0,"turns":7.0},{"damage":6.0,"enemies":"3 Byrds","floor":18.0,"turns":3.0},{"damage":11.0,"enemies":"2 Thieves","floor":20.0,"turns":4.0},{"damage":12.0,"enemies":"Cultist and Chosen","floor":22.0,"turns":4.0},{"damage":10.0,"enemies":"Shelled Parasite and Fungi","floor":23.0,"turns":4.0},{"damage":13.0,"enemies":"Slavers","floor":25.0,"turns":3.0},{"damage":10.0,"enemies":"Book of Stabbing","floor":28.0,"turns":3.0},{"damage":11.0,"enemies":"Slavers","floor":30.0,"turns":3.0},{"damage":10.0,"enemies":"Centurion and Healer","floor":31.0,"turns":4.0},{"damage":20.0,"enemies":"Collector","floor":33.0,"turns":6.0},{"damage":28.0,"enemies":"3 Shapes","floor":35.0,"turns":4.0},{"damage":6.0,"enemies":"3 Darklings","floor":36.0,"turns":3.0},{"damage":50.0,"enemies":"Maw","floor":38.0,"turns":6.0},{"damage":6.0,"enemies":"Mind Bloom Boss Battle","floor":39.0,"turns":6.0},{"damage":24.0,"enemies":"Giant Head","floor":40.0,"turns":7.0},{"damage":0,"enemies":"Reptomancer","floor":44,"turns":2},{"damage":22,"enemies":"Giant Head","floor":45,"turns":7},{"damage":31,"enemies":"Reptomancer","floor":47,"turns":3},{"damage":18,"enemies":"Writhing Mass","floor":48,"turns":6},{"damage":99,"enemies":"Awakened One","floor":50,"turns":10}],"seed_played":"-6049125213755673051","potions_obtained":[{"floor":1.0,"key":"Energy Potion"},{"floor":7.0,"key":"Fire Potion"},{"floor":11.0,"key":"ElixirPotion"},{"floor":12.0,"key":"DuplicationPotion"},{"floor":14.0,"key":"BloodPotion"},{"floor":20.0,"key":"Block Potion"},{"floor":25.0,"key":"FearPotion"},{"floor":28.0,"key":"Fire Potion"},{"floor":36.0,"key":"BloodPotion"},{"floor":38.0,"key":"AttackPotion"},{"floor":39.0,"key":"PowerPotion"},{"floor":42,"key":"Fruit Juice"},{"floor":42,"key":"Swift Potion"},{"floor":42,"key":"FearPotion"},{"floor":42,"key":"Regen Potion"},{"floor":42,"key":"DuplicationPotion"},{"floor":47,"key":"BlessingOfTheForge"},{"floor":48,"key":"Dexterity Potion"}],"is_trial":false,"path_per_floor":["M","?","M","?","M","R","E","T","T","R","M","?","$","?","R","B",null,"M","?","M","$","M","M","R","E","T","R","E","R","E","M","R","B",null,"M","M","$","M","?","E","R","$","T","E","E","R","E","M","R","B",null],"character_chosen":"IRONCLAD","items_purchased":["Lantern","Uppercut","Sling","Centennial Puzzle","Cauldron","True Grit"],"campfire_rested":2,"item_purchase_floors":[13,13,21,37,42,42],"current_hp_per_floor":[72,56,60,60,66,66,59,59,59,59,50,37,37,35,35,27,67,67,51,62,62,56,52,52,45,45,45,41,41,40,40,40,26,73,51,51,51,24,28,14,14,19,19,36,26,57,64,54,85,12],"gold":181,"neow_bonus":"ONE_RANDOM_RARE_CARD","is_daily":false,"chose_seed":false,"campfire_upgraded":8,"win_rate":0.0,"timestamp":1613331126,"path_taken":["M","?","M","?","M","R","E","?","T","R","M","?","$","?","R","BOSS","M","?","M","$","M","M","R","E","T","R","E","R","E","M","R","BOSS","M","M","$","M","?","E","R","$","T","E","E","R","E","M","R","BOSS"],"items_purchased_type":["Relic","Card","Relic","Relic","Relic","Card"],"build_version":"2020-12-22","purchased_purges":0,"victory":true,"max_hp_per_floor":[80,80,80,80,80,80,80,80,80,80,80,80,80,80,80,80,80,80,80,80,80,80,80,80,80,80,80,80,80,84,88,88,88,88,88,88,88,88,92,92,92,97,97,101,105,105,105,105,105,105],"card_choices":[{"not_picked":["Flex","Warcry"],"picked":"Iron Wave","floor":1.0},{"not_picked":["Sword Boomerang","Blood for Blood"],"picked":"Headbutt","floor":3.0},{"not_picked":["Burning Pact","Iron Wave"],"picked":"Pommel Strike","floor":5.0},{"not_picked":["Thunderclap","Perfected Strike"],"picked":"Offering","floor":7.0},{"not_picked":["Sentinel","Intimidate"],"picked":"Armaments","floor":11.0},{"not_picked":["Heavy Blade","Blood for Blood"],"picked":"Dropkick","floor":12.0},{"not_picked":["Iron Wave","Shockwave"],"picked":"Warcry","floor":14.0},{"not_picked":["Fiend Fire","Reaper"],"picked":"Double Tap","floor":16.0},{"not_picked":["Perfected Strike","Clash"],"picked":"Ghostly Armor","floor":18.0},{"not_picked":["Wild Strike+1","Dark Embrace"],"picked":"Thunderclap","floor":20.0},{"not_picked":["Havoc","Armaments","Wild Strike"],"picked":"SKIP","floor":22.0},{"not_picked":["True Grit","Feel No Pain"],"picked":"Rampage+1","floor":23.0},{"not_picked":["Flex","Shrug It Off","Sword Boomerang"],"picked":"SKIP","floor":25.0},{"not_picked":["Heavy Blade","Flex+1"],"picked":"Feed","floor":28.0},{"not_picked":["Flex","Perfected Strike+1"],"picked":"Cleave","floor":30.0},{"not_picked":["Warcry+1","Clash","Pommel Strike"],"picked":"SKIP","floor":31.0},{"not_picked":["Juggernaut","Demon Form"],"picked":"Impervious","floor":33.0},{"not_picked":["Clothesline","Iron Wave","Pommel Strike+1"],"picked":"SKIP","floor":35.0},{"not_picked":["Infernal Blade+1","Warcry"],"picked":"Sentinel+1","floor":36.0},{"not_picked":["Evolve","Perfected Strike"],"picked":"Armaments+1","floor":38.0},{"not_picked":["Pommel Strike","Clash"],"picked":"Metallicize+1","floor":39.0},{"not_picked":["Carnage+1","Havoc"],"picked":"Immolate","floor":40.0},{"not_picked":["True Grit","Armaments+1","Thunderclap+1"],"picked":"SKIP","floor":44},{"not_picked":["Juggernaut","Wild Strike+1"],"picked":"Reaper+1","floor":45},{"not_picked":["Body Slam+1","Headbutt+1"],"picked":"Shrug It Off+1","floor":46},{"not_picked":["Clash+1","Inflame","Warcry+1"],"picked":"SKIP","floor":47},{"not_picked":["Sword Boomerang+1","Thunderclap+1","Metallicize+1"],"picked":"SKIP","floor":48},{"not_picked":["Armaments+1","Evolve+1"],"picked":"Berserk","floor":49}],"player_experience":328021,"relics_obtained":[{"floor":7.0,"key":"Bag of Preparation"},{"floor":8.0,"key":"Letter Opener"},{"floor":9.0,"key":"Ice Cream"},{"floor":12.0,"key":"Shuriken"},{"floor":14.0,"key":"Odd Mushroom"},{"floor":19.0,"key":"Necronomicon"},{"floor":25.0,"key":"Bird Faced Urn"},{"floor":26.0,"key":"Ancient Tea Set"},{"floor":28.0,"key":"Potion Belt"},{"floor":30.0,"key":"Dream Catcher"},{"floor":39.0,"key":"WingedGreaves"},{"floor":40.0,"key":"Blue Candle"},{"floor":43,"key":"Smiling Mask"},{"floor":44,"key":"Molten Egg 2"},{"floor":45,"key":"FossilizedHelix"},{"floor":47,"key":"MealTicket"}],"event_choices":[{"damage_healed":0.0,"max_hp_gain":0.0,"max_hp_loss":0.0,"gold_gain":0.0,"event_name":"Shining Light","player_choice":"Entered Light","floor":2.0,"gold_loss":0.0,"damage_taken":16.0,"cards_upgraded":["Bash","Iron Wave"]},{"damage_healed":0.0,"max_hp_gain":0.0,"max_hp_loss":0.0,"gold_gain":0.0,"cards_transformed":["Strike_R"],"event_name":"Living Wall","player_choice":"Change","floor":4.0,"gold_loss":0.0,"damage_taken":0.0,"cards_obtained":["Anger"]},{"damage_healed":0.0,"max_hp_gain":0.0,"max_hp_loss":0.0,"gold_gain":0.0,"event_name":"Dead Adventurer","player_choice":"Searched \u00271\u0027 times","floor":12.0,"gold_loss":0.0,"damage_taken":0.0},{"damage_healed":0.0,"max_hp_gain":0.0,"max_hp_loss":0.0,"gold_gain":0.0,"event_name":"Mushrooms","player_choice":"Fought Mushrooms","floor":14.0,"gold_loss":0.0,"damage_taken":0.0},{"damage_healed":0.0,"max_hp_gain":0.0,"max_hp_loss":0.0,"gold_gain":0.0,"event_name":"Cursed Tome","player_choice":"Obtained Book","floor":19.0,"gold_loss":0.0,"damage_taken":16.0},{"damage_healed":0.0,"max_hp_gain":0.0,"max_hp_loss":0.0,"gold_gain":0.0,"event_name":"MindBloom","player_choice":"Fight","floor":39.0,"gold_loss":0.0,"damage_taken":0.0}],"is_beta":false,"boss_relics":[{"not_picked":["Philosopher\u0027s Stone","Calling Bell"],"picked":"Mark of Pain"},{"not_picked":["Black Blood","Cursed Key"],"picked":"SlaversCollar"}],"items_purged_floors":[],"is_endless":false,"potions_floor_spawned":[1,7,11,12,14,20,22,25,28,36,38,39,47,48],"ascension_level":9}}