{"host":"i6fsgsx2qwsg1do0","time":1613342297,"event":{"mods":["AchievementEnabler","BaseMod","Colored Powertips","Conspire","Curses Come First","Downfall","Hubris","Infinite Spire","Minty Spire (QoL Compilation)","Quick Restart","Replay The Spire","Spicy Shops","StSLib","slay the spire mod where everything is the same but ironclad has a cowboy hat"],"gold_per_floor":[116,130,146,160,233,264,264,290,317,317,330,330,330,340,340,442,442,461,477,492,507,522,522,536,536,536,536,536],"floor_reached":27,"language":"ENG","playtime":2107,"items_purged":[],"score":367,"play_id":"3c3e0fa6-eb8a-4be6-9c78-d01c9ad4943f","local_time":"20210214173817","is_ascension_mode":true,"campfire_choices":[{"data":"Buffer","floor":7,"key":"SMITH"},{"floor":10,"key":"RECALL"},{"data":"Dualcast","floor":13,"key":"SMITH"},{"floor":15,"key":"REST"},{"data":"Defragment","floor":23,"key":"SMITH"},{"data":"Conserve Battery","floor":25,"key":"SMITH"}],"circlet_count":0,"master_deck":["conspire:GhostlyStrike","conspire:GhostlyStrike","conspire:GhostlyStrike","conspire:GhostlyStrike","conspire:GhostlyDefend","conspire:GhostlyDefend","conspire:GhostlyDefend","conspire:GhostlyDefend","Zap","Dualcast+1","Buffer+1","hubris:Ukulele","Ball Lightning","Streamline","Barrage","hubris:Prefetch","Ball Lightning","Ball Lightning","Lockon","Thunder Strike","Stack","Defragment+1","hubris:PowerSurge","Ball Lightning+1","Aggregate+1","Conserve Battery+1"],"relics":["Cracked Core","Shuriken","White Beast Statue","Replay:Rubber Ducky","Velvet Choker","Oddly Smooth Stone"],"acts_visited":["Exordium","TheCity"],"potions_floor_usage":[8,16,16,18],"damage_taken":[{"damage":0,"enemies":"Cultist","floor":1,"turns":4},{"damage":2,"enemies":"Jaw Worm","floor":2,"turns":4},{"damage":12,"enemies":"Small Slimes","floor":3,"turns":2},{"damage":8,"enemies":"Blue Slaver","floor":4,"turns":3},{"damage":0,"enemies":"Gremlin Nob","floor":6,"turns":3},{"damage":15,"enemies":"3 Sentries","floor":8,"turns":6},{"damage":14,"enemies":"Red Slaver","floor":11,"turns":2},{"damage":6,"enemies":"Looter","floor":14,"turns":2},{"damage":16,"enemies":"Slime Boss","floor":16,"turns":7},{"damage":14,"enemies":"Shell Parasite","floor":18,"turns":3},{"damage":6,"enemies":"conspire:FuzzyDice","floor":19,"turns":5},{"damage":0,"enemies":"Cultist and Chosen","floor":20,"turns":6},{"damage":0,"enemies":"Centurion and Healer","floor":21,"turns":4},{"damage":18,"enemies":"Snake Plant","floor":22,"turns":3},{"damage":7,"enemies":"Cultist and Chosen","floor":24,"turns":4},{"damage":43,"enemies":"Gremlin Leader","floor":27,"turns":4}],"seed_played":"5019565006486795433","potions_obtained":[{"floor":3,"key":"Flashbang"},{"floor":4,"key":"PowerPotion"},{"floor":8,"key":"Explosive Potion"},{"floor":11,"key":"Adrenaline Potion"},{"floor":16,"key":"hexamod:SoulburnPotion"},{"floor":18,"key":"PowerPotion"},{"floor":19,"key":"sneckomod:MuddlingPotion"},{"floor":21,"key":"DistilledChaos"}],"is_trial":false,"path_per_floor":["M","M","M","M","T","E","R","E","T","R","M","?","R","M","R","B",null,"M","M","M","M","M","R","M","R","T","E"],"character_chosen":"DEFECT","items_purchased":[],"campfire_rested":1,"item_purchase_floors":[],"current_hp_per_floor":[75,73,61,53,53,53,53,38,38,38,24,24,24,18,40,24,75,61,55,55,55,37,37,30,30,30,0,0],"gold":536,"neow_bonus":"ONE_RANDOM_RARE_CARD","is_daily":false,"chose_seed":false,"campfire_upgraded":4,"win_rate":0.0,"timestamp":1613342297,"path_taken":["M","M","M","M","?","E","R","E","T","R","M","?","R","M","R","BOSS","M","M","M","M","M","R","M","R","T","E"],"items_purchased_type":[],"build_version":"2020-12-22","purchased_purges":0,"victory":false,"max_hp_per_floor":[75,75,75,75,75,75,75,75,75,75,75,75,75,75,75,75,75,75,75,75,75,75,75,75,75,75,75,75],"card_choices":[{"not_picked":["Hologram","Gash"],"picked":"hubris:Ukulele","floor":1},{"not_picked":["Static Discharge","Hologram"],"picked":"Ball Lightning","floor":2},{"not_picked":["ReplaySort","Gash"],"picked":"Streamline","floor":3},{"not_picked":["Beam Cell","Darkness"],"picked":"Barrage","floor":4},{"not_picked":["Force Field","Compile Driver"],"picked":"hubris:Prefetch","floor":6},{"not_picked":["Hologram","Recycle"],"picked":"Ball Lightning","floor":8},{"not_picked":["Go for the Eyes","Tempest"],"picked":"Ball Lightning","floor":11},{"not_picked":["ReplayTheSpireMod:Calculation Training","Panic Button"],"picked":"Lockon","floor":14},{"not_picked":["Biased Cognition","hubris:SpecializedCircuitry"],"picked":"Thunder Strike","floor":16},{"not_picked":["Compile Driver","Force Field+1"],"picked":"Stack","floor":18},{"not_picked":["Compile Driver+1","Streamline"],"picked":"Defragment","floor":19},{"not_picked":["Blizzard","Steam"],"picked":"hubris:PowerSurge","floor":20},{"not_picked":["Hologram","Time Bomb"],"picked":"Ball Lightning+1","floor":21},{"not_picked":["Hologram+1","Panic Button"],"picked":"Aggregate+1","floor":22},{"not_picked":["Cold Snap","Time Bomb"],"picked":"Conserve Battery","floor":24}],"player_experience":366224,"relics_obtained":[{"floor":5,"key":"Shuriken"},{"floor":6,"key":"White Beast Statue"},{"floor":8,"key":"Replay:Rubber Ducky"},{"floor":26,"key":"Oddly Smooth Stone"}],"event_choices":[{"damage_healed":0,"gold_gain":0,"player_choice":"Agree","damage_taken":0,"max_hp_gain":0,"max_hp_loss":0,"event_name":"conspire:LoneGhost","floor":12,"gold_loss":0}],"is_beta":false,"boss_relics":[{"not_picked":["Cursed Key","ReplayTheSpireMod:SealedPack"],"picked":"Velvet Choker"}],"items_purged_floors":[],"is_endless":false,"potions_floor_spawned":[3,4,8,11,14,16,18,19,20,21,22,24],"killed_by":"Gremlin Leader","ascension_level":3}}