{"host":"d73an99q9oevilk5","time":1613264226,"event":{"mods":["2.2 Compatiblity","AchievementEnabler","Act Like it!","Aspiration","BaseMod","Beaked The Cultist","Better Third Choice","BetterRewards","Colored Map","Colored Powertips","Conspire","Downfall","GifTheSpireLib","GungeonMod","Halation","Hubris","Infinite Spire","Marisa????????","Mimic Mod","Minty Spire (QoL Compilation)","Quick Restart","Relic Sorter","Reliquary","Replay The Spire","Shop Mod","Spikes Relics","StSLib","Stuff the Spire","The Bug Knight","The Cursed","The Jungle","The Necromancer","The Saiyan","Waifu the Spire","egg","slay the spire mod where everything is the same but ironclad has a cowboy hat"],"gold_per_floor":[110,130,130,141,141,175,175,207,207,234,14,14,14,28,28,125,125,137,149,149,68,68,68,68],"floor_reached":23,"language":"ENG","playtime":1007,"items_purged":[],"score":307,"play_id":"d7cace4e-a855-40b6-b071-53134f411226","local_time":"20210213175706","is_ascension_mode":false,"campfire_choices":[{"data":"Deadly Poison","floor":7.0,"key":"SMITH"},{"data":"ReplayTheSpireMod:Necrosis","floor":12,"key":"SMITH"},{"floor":15,"key":"REST"}],"circlet_count":0,"master_deck":["Strike_G","Strike_G","Strike_G","Strike_G","Defend_G","Defend_G","Defend_G","Defend_G","Defend_G","Survivor","Neutralize","ReplayTheSpireMod:From All Sides","Dodge and Roll","Endless Agony","StuffTheSpire:Injection","Well Laid Plans","Prepared","ReplayTheSpireMod:Speed Training","ReplayTheSpireMod:Necrosis+1","Deadly Poison+1","infinitespire:Collect","Poisoned Stab","Night Terror","Fluid Movement","Cloak And Dagger","Envenom","hubris:Counter+1","Calculated Gamble","Shame"],"relics":["Ring of the Snake","Mango","hubris:Towel","DemoMod:ClearGuonStone","aspiration:HatOfInfinitePower","Lantern","reliquary:TuningFork","ToxicTincture","hubris:TerracottaHorce","reliquary:NewFriend"],"acts_visited":["Exordium","TheCity"],"potions_floor_usage":[8,19,23,23],"damage_taken":[{"damage":0.0,"enemies":"2 Louse","floor":1.0,"turns":2.0},{"damage":2.0,"enemies":"Jaw Worm","floor":2.0,"turns":4.0},{"damage":0.0,"enemies":"Cultist","floor":4.0,"turns":3.0},{"damage":10.0,"enemies":"Lagavulin","floor":6.0,"turns":8.0},{"damage":21,"enemies":"Nightmare","floor":8,"turns":10},{"damage":9,"enemies":"Replay:BlueRogue","floor":10,"turns":5},{"damage":3,"enemies":"Gremlin Gang","floor":14,"turns":5},{"damage":17,"enemies":"The Guardian","floor":16,"turns":13},{"damage":4,"enemies":"3 Byrds","floor":18,"turns":4},{"damage":10,"enemies":"Chosen","floor":19,"turns":5},{"damage":64,"enemies":"Nightmare","floor":23,"turns":7}],"seed_played":"-1232681490889536159","potions_obtained":[{"floor":1.0,"key":"Elixir"},{"floor":6.0,"key":"PowerPotion"},{"floor":16,"key":"Elixir"},{"floor":19,"key":"hexamod:SoulburnPotion"}],"is_trial":false,"path_per_floor":["M","M","?","M","?","E","R","NM","T","E","$","R","$","M","R","B",null,"M","M","?","$","?","NM"],"character_chosen":"THE_SILENT","items_purchased":["ReplayTheSpireMod:From All Sides","Dodge and Roll","Well Laid Plans","hexamod:SoulburnPotion","SkillPotion","ToxicTincture","Fluid Movement","Calculated Gamble"],"campfire_rested":1,"item_purchase_floors":[0,0,0,0,0,11,11,21],"current_hp_per_floor":[84,82,82,82,82,72,72,51,51,42,42,42,42,39,64,47,75,71,61,61,61,61,0,0],"gold":68,"neow_bonus":"","is_daily":false,"chose_seed":false,"campfire_upgraded":2,"win_rate":0.0,"timestamp":1613264226,"path_taken":["M","M","?","M","?","E","R","E","T","E","$","R","?","M","R","BOSS","M","?","?","$","?","NM"],"items_purchased_type":["Card","Card","Card","Potion","Potion","Relic","Card","Card"],"build_version":"2020-12-22","purchased_purges":0,"victory":false,"max_hp_per_floor":[84,84,84,84,84,84,84,84,84,84,84,84,84,84,84,84,84,84,84,84,84,84,84,84],"card_choices":[{"not_picked":["Underhanded Strike","Deflect"],"picked":"Prepared","floor":1.0},{"not_picked":["Dagger Throw","StuffTheSpire:Injection"],"picked":"ReplayTheSpireMod:Speed Training","floor":2.0},{"not_picked":["Hidden Blade","StuffTheSpire:BumpUp","ReplayTheSpireMod:Necrosis"],"picked":"SKIP","floor":4.0},{"not_picked":["Hidden Blade","StuffTheSpire:BumpUp"],"picked":"ReplayTheSpireMod:Necrosis","floor":4.0},{"not_picked":["ReplayTheSpireMod:Tripwire","Finisher"],"picked":"Deadly Poison","floor":6.0},{"not_picked":["ReplayTheSpireMod:Haul","hubris:InfiniteBlow"],"picked":"infinitespire:Collect","floor":8},{"not_picked":["StuffTheSpire:Repulse","Dash"],"picked":"Poisoned Stab","floor":8},{"not_picked":["Deflect","StuffTheSpire:ReptileScales"],"picked":"Night Terror","floor":10},{"not_picked":["Blur","Fluid Movement"],"picked":"Cloak And Dagger","floor":14},{"not_picked":["Adrenaline","ReplayTheSpireMod:From All Sides"],"picked":"Envenom","floor":16},{"not_picked":["Sucker Punch","Flying Knee","Setup+1"],"picked":"SKIP","floor":18},{"not_picked":["Atom Bomb","Deadly Poison"],"picked":"hubris:Counter+1","floor":19}],"player_experience":1915896,"relics_obtained":[{"floor":6.0,"key":"DemoMod:ClearGuonStone"},{"floor":8,"key":"aspiration:HatOfInfinitePower"},{"floor":9,"key":"Lantern"},{"floor":10,"key":"reliquary:TuningFork"}],"event_choices":[{"damage_healed":0.0,"max_hp_gain":0.0,"max_hp_loss":0.0,"gold_gain":0.0,"event_name":"conspire:Investor","player_choice":"Leave","floor":5.0,"gold_loss":0.0,"damage_taken":0.0},{"damage_healed":0,"gold_gain":0,"player_choice":"Stole Relic","damage_taken":0,"relics_obtained":["reliquary:NewFriend"],"max_hp_gain":0,"max_hp_loss":0,"event_name":"Addict","floor":22,"gold_loss":0,"cards_obtained":["Shame"]}],"is_beta":false,"boss_relics":[{"not_picked":["halation:ForbiddenBikini","halation:PlatinumPhoenix"],"picked":"hubris:TerracottaHorce"}],"items_purged_floors":[],"is_endless":false,"potions_floor_spawned":[1,6,16,18,19],"killed_by":"Nightmare","ascension_level":0}}