{"host":"vxxgntm1odai56nh","time":1613336317,"event":{"mods":["AchievementEnabler","BaseMod","Colored Map","Colored Powertips","Highlight Path","Minty Spire (QoL Compilation)","Permanent Neow","Rare Cards Sparkle","Relic Stats","StSLib"],"gold_per_floor":[368,378,392,392,467,467,498,498,498,498,498,512,512,19,19,120,120,132,146,126,143,143,143,176,176,201,230,256,287,318,348,360,372,372],"floor_reached":33,"language":"ENG","playtime":1091,"items_purged":[],"score":369,"play_id":"74287192-c499-4b0a-bb04-b88ff5836991","local_time":"20210214155837","is_ascension_mode":true,"campfire_choices":[{"data":"Electrodynamics","floor":6,"key":"SMITH"},{"data":"Zap","floor":8,"key":"SMITH"},{"data":"Dualcast","floor":10,"key":"SMITH"},{"data":"Electrodynamics","floor":15,"key":"SMITH"},{"data":"Self Repair","floor":23,"key":"SMITH"},{"data":"Sweeping Beam","floor":25,"key":"SMITH"},{"data":"Beam Cell","floor":32,"key":"SMITH"}],"circlet_count":0,"master_deck":["Strike_B","Strike_B","Strike_B","Strike_B","Defend_B","Defend_B+1","Defend_B","Defend_B+1","Zap+1","Dualcast+1","Coolheaded","Self Repair+1","Electrodynamics+1","Undo","Electrodynamics+1","Redo","Blind","Sweeping Beam+1","Ball Lightning","Loop","Amplify","Rebound","Ghostly","Ghostly","Ghostly","Ghostly","Ghostly","Leap+1","Redo+1","Beam Cell+1"],"relics":["Cracked Core","Shuriken","Anchor","Lee\u0027s Waffle","Bottled Lightning","Busted Crown","Mercury Hourglass","War Paint","MawBank"],"acts_visited":["Exordium","TheCity"],"potions_floor_usage":[19,24,33,33],"damage_taken":[{"damage":1,"enemies":"2 Louse","floor":1,"turns":2},{"damage":7,"enemies":"Jaw Worm","floor":2,"turns":3},{"damage":3,"enemies":"Cultist","floor":3,"turns":4},{"damage":39,"enemies":"Lagavulin","floor":7,"turns":7},{"damage":0,"enemies":"Large Slime","floor":12,"turns":3},{"damage":13,"enemies":"Slime Boss","floor":16,"turns":5},{"damage":39,"enemies":"Shell Parasite","floor":18,"turns":6},{"damage":9,"enemies":"2 Thieves","floor":19,"turns":2},{"damage":16,"enemies":"Snecko","floor":21,"turns":4},{"damage":5,"enemies":"Gremlin Leader","floor":24,"turns":7},{"damage":3,"enemies":"Book of Stabbing","floor":27,"turns":6},{"damage":0,"enemies":"Snake Plant","floor":28,"turns":2},{"damage":3,"enemies":"3 Cultists","floor":29,"turns":3},{"damage":1,"enemies":"Centurion and Healer","floor":30,"turns":4},{"damage":1,"enemies":"Shelled Parasite and Fungi","floor":31,"turns":5},{"damage":60,"enemies":"Automaton","floor":33,"turns":10}],"seed_played":"-6203917494497466305","potions_obtained":[{"floor":1,"key":"ColorlessPotion"},{"floor":12,"key":"Dexterity Potion"},{"floor":19,"key":"AttackPotion"},{"floor":20,"key":"PowerPotion"},{"floor":21,"key":"Weak Potion"},{"floor":30,"key":"PowerPotion"}],"is_trial":false,"path_per_floor":["M","M","M","?","?","R","E","R","T","R","?","M","?","$","R","B",null,"M","M","?","M","?","R","E","R","T","E","M","M","M","M","R","B"],"character_chosen":"DEFECT","items_purchased":["Lee\u0027s Waffle","Bottled Lightning","Ball Lightning","Loop"],"campfire_rested":0,"item_purchase_floors":[14,14,14,14],"current_hp_per_floor":[74,67,71,64,53,53,21,21,21,21,21,21,46,82,82,69,82,57,48,48,39,39,39,41,41,41,41,41,38,37,41,41,0,0],"gold":372,"neow_bonus":"TWO_FIFTY_GOLD","is_daily":false,"chose_seed":false,"campfire_upgraded":7,"win_rate":0.0,"timestamp":1613336317,"path_taken":["M","M","M","?","?","R","E","R","T","R","?","?","?","?","R","BOSS","M","M","?","?","?","R","E","R","T","E","M","M","M","M","R","BOSS"],"items_purchased_type":["Relic","Relic","Card","Card"],"build_version":"2020-12-22","purchased_purges":0,"victory":false,"max_hp_per_floor":[75,75,75,75,75,75,75,75,75,75,75,75,75,82,82,82,82,82,82,82,82,41,41,41,41,41,41,41,41,41,41,41,41,41],"relic_stats":{"Lee\u0027s Waffle":36,"Busted Crown":18,"counters":[16,72],"Shuriken":[6],"War Paint":["Defend_B","Defend_B"],"MawBank":72,"obtain_stats":[{"Anchor":9,"Lee\u0027s Waffle":14,"Busted Crown":17,"Shuriken":7,"Bottled Lightning":14,"War Paint":26,"Cracked Core":0,"MawBank":27,"Mercury Hourglass":24},{"Anchor":4,"Lee\u0027s Waffle":5,"Busted Crown":6,"Shuriken":4,"Bottled Lightning":5,"War Paint":10,"Cracked Core":0,"MawBank":11,"Mercury Hourglass":10},{"Anchor":16,"Lee\u0027s Waffle":19,"Busted Crown":24,"Shuriken":16,"Bottled Lightning":19,"War Paint":43,"Cracked Core":0,"MawBank":49,"Mercury Hourglass":43}],"Mercury Hourglass":[114]},"card_choices":[{"not_picked":["Recycle","Stack"],"picked":"Coolheaded","floor":1},{"not_picked":["Beam Cell","Undo"],"picked":"Self Repair","floor":2},{"not_picked":["BootSequence","Conserve Battery"],"picked":"Electrodynamics","floor":3},{"not_picked":["Turbo","Steam"],"picked":"Undo","floor":7},{"not_picked":["Beam Cell","Leap"],"picked":"Sweeping Beam","floor":12},{"not_picked":["Buffer","Meteor Strike"],"picked":"Amplify","floor":16},{"not_picked":["Rip and Tear+1"],"picked":"SKIP","floor":18},{"not_picked":["Streamline"],"picked":"SKIP","floor":19},{"not_picked":[],"picked":"Rebound","floor":21},{"not_picked":[],"picked":"Leap+1","floor":24},{"not_picked":[],"picked":"Redo+1","floor":27},{"not_picked":[],"picked":"Beam Cell","floor":28},{"not_picked":["Beam Cell"],"picked":"SKIP","floor":29},{"not_picked":["Stack+1"],"picked":"SKIP","floor":30},{"not_picked":["Compile Driver+1"],"picked":"SKIP","floor":31}],"player_experience":151067,"relics_obtained":[{"floor":7,"key":"Shuriken"},{"floor":9,"key":"Anchor"},{"floor":24,"key":"Mercury Hourglass"},{"floor":26,"key":"War Paint"},{"floor":27,"key":"MawBank"}],"event_choices":[{"cards_removed":["Normality"],"damage_healed":0,"gold_gain":0,"player_choice":"Card Removal","damage_taken":7,"max_hp_gain":0,"max_hp_loss":0,"event_name":"Golden Wing","floor":4,"gold_loss":0},{"damage_healed":0,"gold_gain":75,"player_choice":"Gather Gold","damage_taken":11,"max_hp_gain":0,"max_hp_loss":0,"event_name":"World of Goop","floor":5,"gold_loss":0},{"damage_healed":0,"gold_gain":0,"player_choice":"3 cards matched","damage_taken":0,"max_hp_gain":0,"max_hp_loss":0,"event_name":"Match and Keep!","floor":11,"gold_loss":0,"cards_obtained":["Electrodynamics","Redo","Blind"]},{"damage_healed":25,"gold_gain":0,"player_choice":"Banana","damage_taken":0,"max_hp_gain":0,"max_hp_loss":0,"event_name":"Big Fish","floor":13,"gold_loss":0},{"damage_healed":0,"gold_gain":0,"player_choice":"Bought 1 Potion","damage_taken":0,"max_hp_gain":0,"max_hp_loss":0,"event_name":"The Woman in Blue","floor":20,"gold_loss":0},{"damage_healed":0,"gold_gain":0,"player_choice":"Became a Ghost","damage_taken":0,"max_hp_gain":0,"max_hp_loss":41,"event_name":"Ghosts","floor":22,"gold_loss":0,"cards_obtained":["Ghostly","Ghostly","Ghostly","Ghostly","Ghostly"]}],"is_beta":false,"boss_relics":[{"not_picked":["Sozu","Philosopher\u0027s Stone"],"picked":"Busted Crown"}],"items_purged_floors":[],"is_endless":false,"potions_floor_spawned":[1,12,19,21,30],"killed_by":"Automaton","ascension_level":4}}