{"host":"ow66nzv2xecjoor3","time":1613338231,"event":{"mods":["BaseMod","Bestiary","Block Reminder","Colored Powertips","Curses Come First","Highlight Path","Keyboard Shortcuts","Minty Spire (QoL Compilation)","Permanent Neow","Relic Stats","StSLib","UnlockEverythingMod"],"gold_per_floor":[112,130,148,223,223,258,258,286,286,299,299,318,332,342,342,416,416,435,446,446,462,482,508,519,546,546,881,881,894,920,870,870,949,949,964,964,1013,1013,1029,1029,1061,1061,1109,1134,1144,1174,1186,1211,1211,1211,1211,1211,1211,37,71,71],"floor_reached":57,"language":"ENG","playtime":3329,"items_purged":["Strike_G"],"score":3303,"play_id":"baabee31-f845-4277-8b3c-4de4374c4444","local_time":"20210214153031","is_ascension_mode":true,"campfire_choices":[{"floor":7.0,"key":"REST"},{"data":"Footwork","floor":11.0,"key":"SMITH"},{"data":"Neutralize","floor":15.0,"key":"SMITH"},{"data":"Survivor","floor":28,"key":"SMITH"},{"floor":32,"key":"RECALL"},{"data":"Poisoned Stab","floor":40,"key":"SMITH"},{"data":"Noxious Fumes","floor":49,"key":"SMITH"},{"floor":53,"key":"REST"}],"circlet_count":0,"master_deck":["AscendersBane","Strike_G","Strike_G","Strike_G","Defend_G","Defend_G","Defend_G","Defend_G","Defend_G","Survivor+1","Neutralize+1","Poisoned Stab+1","Infinite Blades","Dash+1","Bouncing Flask+1","Concentrate+1","Footwork+1","Backflip+1","Corpse Explosion+1","Outmaneuver+1","Adrenaline+1","PiercingWail+1","Acrobatics+1","Backflip+1","Backflip+1","Cloak And Dagger+1","Catalyst+1","Catalyst+1","Acrobatics+1","Backflip+1","Wraith Form v2+1","Terror+1","PiercingWail+1","Backflip+1","Outmaneuver+1","Noxious Fumes+1","Night Terror+1","Purity+1","Setup+1","Concentrate+1"],"relics":["Ring of the Snake","Toxic Egg 2","Vajra","Happy Flower","Ninja Scroll","Black Star","Darkstone Periapt","Shuriken","Pantograph","Letter Opener","Snake Skull","Old Coin","Pen Nib","Meat on the Bone","Torii","Runic Pyramid","Mango","Blood Vial","Nunchaku","Potion Belt","Gremlin Horn","PreservedInsect","Boot","Mercury Hourglass","Strawberry","InkBottle","HandDrill","Bottled Tornado","FossilizedHelix","Oddly Smooth Stone"],"acts_visited":["Exordium","TheCity","TheBeyond","TheEnding"],"potions_floor_usage":[25,27,27,39,51,55,55,56],"damage_taken":[{"damage":0.0,"enemies":"Small Slimes","floor":1.0,"turns":6.0},{"damage":0.0,"enemies":"2 Louse","floor":2.0,"turns":3.0},{"damage":1.0,"enemies":"Cultist","floor":3.0,"turns":4.0},{"damage":2.0,"enemies":"Lagavulin","floor":6.0,"turns":7.0},{"damage":21.0,"enemies":"Gremlin Nob","floor":8.0,"turns":4.0},{"damage":0.0,"enemies":"Looter","floor":10.0,"turns":3.0},{"damage":1.0,"enemies":"Red Slaver","floor":12.0,"turns":2.0},{"damage":0.0,"enemies":"3 Louse","floor":13.0,"turns":4.0},{"damage":4.0,"enemies":"Exordium Thugs","floor":14.0,"turns":5.0},{"damage":12.0,"enemies":"Hexaghost","floor":16.0,"turns":9.0},{"damage":8.0,"enemies":"Shell Parasite","floor":18.0,"turns":4.0},{"damage":9.0,"enemies":"2 Thieves","floor":19.0,"turns":3.0},{"damage":12.0,"enemies":"Snecko","floor":21.0,"turns":5.0},{"damage":0.0,"enemies":"Centurion and Healer","floor":22.0,"turns":8.0},{"damage":3.0,"enemies":"Gremlin Leader","floor":23.0,"turns":6.0},{"damage":20,"enemies":"Chosen and Byrds","floor":24,"turns":6},{"damage":0,"enemies":"Slavers","floor":25,"turns":2},{"damage":0,"enemies":"Book of Stabbing","floor":27,"turns":4},{"damage":4,"enemies":"3 Cultists","floor":29,"turns":4},{"damage":0,"enemies":"Slavers","floor":30,"turns":3},{"damage":9,"enemies":"Automaton","floor":33,"turns":3},{"damage":0,"enemies":"Orb Walker","floor":35,"turns":3},{"damage":2,"enemies":"2 Orb Walkers","floor":37,"turns":5},{"damage":0,"enemies":"3 Shapes","floor":39,"turns":2},{"damage":9,"enemies":"Reptomancer","floor":41,"turns":5},{"damage":0,"enemies":"Nemesis","floor":44,"turns":5},{"damage":0,"enemies":"Sphere and 2 Shapes","floor":45,"turns":3},{"damage":1,"enemies":"Reptomancer","floor":46,"turns":4},{"damage":0,"enemies":"4 Shapes","floor":47,"turns":2},{"damage":0,"enemies":"Giant Head","floor":48,"turns":4},{"damage":24,"enemies":"Time Eater","floor":50,"turns":6},{"damage":24,"enemies":"Awakened One","floor":51,"turns":8},{"damage":35,"enemies":"Shield and Spear","floor":55,"turns":7},{"damage":25,"enemies":"The Heart","floor":56,"turns":8}],"seed_played":"-383198531326741415","potions_obtained":[{"floor":0.0,"key":"PowerPotion"},{"floor":0.0,"key":"FairyPotion"},{"floor":2.0,"key":"DistilledChaos"},{"floor":8.0,"key":"EssenceOfSteel"},{"floor":10.0,"key":"AttackPotion"},{"floor":12.0,"key":"CultistPotion"},{"floor":13.0,"key":"Fruit Juice"},{"floor":18.0,"key":"LiquidBronze"},{"floor":24,"key":"FearPotion"},{"floor":25,"key":"Regen Potion"},{"floor":27,"key":"LiquidMemories"},{"floor":30,"key":"EssenceOfSteel"},{"floor":39,"key":"ColorlessPotion"},{"floor":41,"key":"GhostInAJar"},{"floor":44,"key":"AttackPotion"},{"floor":45,"key":"SpeedPotion"}],"is_trial":false,"path_per_floor":["M","M","M","?","?","E","R","E","T","M","R","M","M","M","R","B",null,"M","M","?","M","M","E","M","E","T","E","R","M","E","?","R","B",null,"M","?","?","?","M","R","E","?","T","E","M","E","M","E","R","B","B",null,"R","$","E","B",null],"character_chosen":"THE_SILENT","items_purchased":["InkBottle","HandDrill","Bottled Tornado","DuplicationPotion","FairyPotion","Purity+1","Setup+1"],"campfire_rested":2,"item_purchase_floors":[54,54,54,54,54,54,54],"current_hp_per_floor":[59,59,58,47,36,34,53,32,32,32,32,31,31,27,27,15,53,50,41,41,29,29,26,6,6,6,20,20,16,16,16,16,44,64,64,64,76,76,76,76,67,67,67,69,71,72,74,83,83,68,68,86,92,92,57,59],"gold":71,"neow_bonus":"THREE_SMALL_POTIONS","is_daily":false,"chose_seed":false,"campfire_upgraded":5,"win_rate":0.0,"timestamp":1613338231,"path_taken":["M","M","M","?","?","E","R","E","T","M","R","M","M","M","R","BOSS","M","M","?","?","M","E","M","E","T","E","R","M","E","?","R","BOSS","M","?","?","?","?","R","E","?","T","E","M","E","M","E","R","BOSS","BOSS","R","$","E","BOSS"],"items_purchased_type":["Relic","Relic","Relic","Potion","Potion","Card","Card"],"build_version":"2020-12-22","purchased_purges":1,"victory":true,"max_hp_per_floor":[66,66,66,66,66,66,66,66,66,66,66,66,66,66,66,66,66,71,71,71,71,71,71,71,71,71,71,71,71,71,71,71,71,71,71,71,85,85,85,85,85,85,85,85,85,85,85,92,92,92,92,92,92,92,92,92],"relic_stats":{"Darkstone Periapt":0,"Happy Flower":[44],"Torii":3,"Gremlin Horn":[11,11],"counters":[34,157],"Snake Skull":[129],"Pen Nib":[13],"PreservedInsect":207,"Letter Opener":[420],"Boot":[1],"Mercury Hourglass":[93],"Blood Vial":16,"Nunchaku":[7],"Shuriken":[36],"Pantograph":79,"Black Star":9,"HandDrill":[0],"obtain_stats":[{"Darkstone Periapt":23,"Torii":30,"Gremlin Horn":44,"Vajra":6,"Mango":37,"Snake Skull":26,"Bottled Tornado":54,"Boot":46,"Old Coin":27,"Blood Vial":41,"Nunchaku":41,"Ninja Scroll":9,"Pantograph":25,"Strawberry":48,"HandDrill":54,"Toxic Egg 2":5,"InkBottle":54,"Ring of the Snake":0,"Runic Pyramid":34,"Potion Belt":44,"Happy Flower":8,"Oddly Smooth Stone":55,"Pen Nib":27,"PreservedInsect":46,"Letter Opener":25,"Mercury Hourglass":48,"Shuriken":23,"Black Star":17,"FossilizedHelix":55,"Meat on the Bone":30},{"Darkstone Periapt":15,"Torii":20,"Gremlin Horn":26,"Vajra":4,"Mango":23,"Snake Skull":17,"Bottled Tornado":32,"Boot":28,"Old Coin":18,"Blood Vial":25,"Nunchaku":25,"Ninja Scroll":5,"Pantograph":17,"Strawberry":30,"HandDrill":32,"Toxic Egg 2":3,"InkBottle":32,"Ring of the Snake":0,"Runic Pyramid":21,"Potion Belt":26,"Happy Flower":5,"Oddly Smooth Stone":33,"Pen Nib":18,"PreservedInsect":28,"Letter Opener":17,"Mercury Hourglass":30,"Shuriken":15,"Black Star":10,"FossilizedHelix":33,"Meat on the Bone":20},{"Darkstone Periapt":73,"Torii":92,"Gremlin Horn":115,"Vajra":20,"Mango":103,"Snake Skull":81,"Bottled Tornado":142,"Boot":122,"Old Coin":85,"Blood Vial":110,"Nunchaku":110,"Ninja Scroll":24,"Pantograph":81,"Strawberry":128,"HandDrill":142,"Toxic Egg 2":13,"InkBottle":142,"Ring of the Snake":0,"Runic Pyramid":95,"Potion Belt":115,"Happy Flower":24,"Oddly Smooth Stone":149,"Pen Nib":85,"PreservedInsect":122,"Letter Opener":81,"Mercury Hourglass":128,"Shuriken":73,"Black Star":47,"FossilizedHelix":149,"Meat on the Bone":92}],"InkBottle":[5],"Ring of the Snake":[68],"Meat on the Bone":12},"card_choices":[{"not_picked":["Dagger Throw","Deflect"],"picked":"Poisoned Stab","floor":1.0},{"not_picked":["Concentrate","Cloak And Dagger"],"picked":"Infinite Blades","floor":2.0},{"not_picked":["Masterful Stab","Escape Plan"],"picked":"Dash","floor":3.0},{"not_picked":["Skewer","Eviscerate"],"picked":"Bouncing Flask+1","floor":6.0},{"not_picked":["Distraction+1","Deadly Poison+1"],"picked":"Concentrate+1","floor":8.0},{"not_picked":["Underhanded Strike","Choke"],"picked":"Footwork","floor":10.0},{"not_picked":["Quick Slash","Dagger Throw"],"picked":"Backflip+1","floor":12.0},{"not_picked":["Crippling Poison+1","PiercingWail+1"],"picked":"Corpse Explosion+1","floor":13.0},{"not_picked":["Eviscerate","Sucker Punch"],"picked":"Outmaneuver+1","floor":14.0},{"not_picked":["Bullet Time+1","Unload"],"picked":"Adrenaline+1","floor":16.0},{"not_picked":["Outmaneuver+1","Riddle With Holes"],"picked":"PiercingWail+1","floor":18.0},{"not_picked":["Flying Knee","Finisher"],"picked":"Acrobatics+1","floor":19.0},{"not_picked":["Sucker Punch+1","Blade Dance+1"],"picked":"Backflip+1","floor":21.0},{"not_picked":["Poisoned Stab","Dagger Throw+1"],"picked":"Backflip+1","floor":22.0},{"not_picked":["Poisoned Stab","Terror+1"],"picked":"Cloak And Dagger+1","floor":23.0},{"not_picked":["Flechettes","PiercingWail+1"],"picked":"Catalyst+1","floor":24},{"not_picked":["Slice+1","Quick Slash","All Out Attack+1"],"picked":"SKIP","floor":25},{"not_picked":["Unload","Distraction+1"],"picked":"Catalyst+1","floor":27},{"not_picked":["Dagger Throw","Deadly Poison+1"],"picked":"Acrobatics+1","floor":29},{"not_picked":["Underhanded Strike","Setup+1"],"picked":"Backflip+1","floor":30},{"not_picked":["Grand Finale","Corpse Explosion+1"],"picked":"Wraith Form v2","floor":33},{"not_picked":["Dagger Throw","Blade Dance+1"],"picked":"Terror+1","floor":35},{"not_picked":["Underhanded Strike","Flechettes"],"picked":"PiercingWail+1","floor":37},{"not_picked":["Quick Slash","Acrobatics+1"],"picked":"Backflip+1","floor":39},{"not_picked":["Infinite Blades","Acrobatics+1"],"picked":"Outmaneuver+1","floor":41},{"not_picked":["Infinite Blades","Heel Hook+1"],"picked":"Noxious Fumes","floor":44},{"not_picked":["Bane","Blade Dance+1"],"picked":"Night Terror+1","floor":45},{"not_picked":["Caltrops","Underhanded Strike+1","Blade Dance+1"],"picked":"SKIP","floor":46},{"not_picked":["Slice","Underhanded Strike","Quick Slash+1"],"picked":"SKIP","floor":47},{"not_picked":["Dodge and Roll+1","Poisoned Stab","Slice+1"],"picked":"SKIP","floor":48},{"not_picked":["Blade Dance+1","Underhanded Strike"],"picked":"Concentrate+1","floor":55}],"player_experience":2864238,"relics_obtained":[{"floor":6.0,"key":"Vajra"},{"floor":8.0,"key":"Happy Flower"},{"floor":9.0,"key":"Ninja Scroll"},{"floor":23.0,"key":"Darkstone Periapt"},{"floor":23.0,"key":"Shuriken"},{"floor":25,"key":"Pantograph"},{"floor":25,"key":"Letter Opener"},{"floor":26,"key":"Snake Skull"},{"floor":27,"key":"Old Coin"},{"floor":27,"key":"Pen Nib"},{"floor":30,"key":"Meat on the Bone"},{"floor":30,"key":"Torii"},{"floor":37,"key":"Mango"},{"floor":41,"key":"Blood Vial"},{"floor":41,"key":"Nunchaku"},{"floor":44,"key":"Potion Belt"},{"floor":44,"key":"Gremlin Horn"},{"floor":46,"key":"PreservedInsect"},{"floor":46,"key":"Boot"},{"floor":48,"key":"Mercury Hourglass"},{"floor":48,"key":"Strawberry"},{"floor":55,"key":"FossilizedHelix"},{"floor":55,"key":"Oddly Smooth Stone"}],"event_choices":[{"damage_healed":0.0,"max_hp_gain":0.0,"max_hp_loss":0.0,"gold_gain":75.0,"event_name":"World of Goop","player_choice":"Gather Gold","floor":4.0,"gold_loss":0.0,"damage_taken":11.0},{"damage_healed":0.0,"max_hp_gain":0.0,"max_hp_loss":0.0,"gold_gain":0.0,"event_name":"Scrap Ooze","player_choice":"Success","floor":5.0,"gold_loss":0.0,"damage_taken":11.0,"relics_obtained":["Toxic Egg 2"]},{"damage_healed":0.0,"max_hp_gain":0.0,"max_hp_loss":0.0,"gold_gain":0.0,"event_name":"Accursed Blacksmith","player_choice":"Forge","floor":20.0,"gold_loss":0.0,"damage_taken":0.0,"cards_upgraded":["Dash"]},{"damage_healed":0,"gold_gain":0,"player_choice":"Bet on Owner","damage_taken":0,"max_hp_gain":0,"max_hp_loss":0,"event_name":"The Joust","floor":31,"gold_loss":50},{"damage_healed":0,"gold_gain":0,"player_choice":"Ignored","damage_taken":0,"max_hp_gain":0,"max_hp_loss":0,"event_name":"Tomb of Lord Red Mask","floor":36,"gold_loss":0},{"damage_healed":0,"gold_gain":0,"player_choice":"Fight","damage_taken":0,"max_hp_gain":0,"max_hp_loss":0,"event_name":"Mysterious Sphere","floor":37,"gold_loss":0},{"damage_healed":0,"gold_gain":0,"player_choice":"Upgraded","damage_taken":0,"max_hp_gain":0,"max_hp_loss":0,"event_name":"Upgrade Shrine","floor":38,"gold_loss":0,"cards_upgraded":["Wraith Form v2"]},{"cards_removed":["Strike_G"],"damage_healed":0,"gold_gain":0,"player_choice":"Removed Attack","damage_taken":0,"max_hp_gain":0,"max_hp_loss":0,"event_name":"Falling","floor":42,"gold_loss":0}],"is_beta":false,"boss_relics":[{"not_picked":["Calling Bell","Tiny House"],"picked":"Black Star"},{"not_picked":["Snecko Eye","Empty Cage"],"picked":"Runic Pyramid"}],"items_purged_floors":[54],"is_endless":false,"potions_floor_spawned":[2,8,10,12,13,18,23,24,25,27,30,39,41,44,45],"ascension_level":20}}