{"host":"psh83vqabmtchp5z","time":1613304593,"event":{"mods":["AchievementEnabler","Aspiration","BaseMod","Better Altar","Better Match","Better Skull","Better Third Choice","Better Vampires","BetterRewards","Challenge The Spire","Conspire","Downfall","Gold Saver","Lobotomy","LobotomyExtend","Minty Spire (QoL Compilation)","Quick Restart","Relic Filter","Replay The Spire","Shop Mod","Spicy Shops","StSLib","óô»ðÖ¸ÄÏ"],"gold_per_floor":[109,109,59,70,80,111,111,144,144,159,185,185,157,167,13,114,114,131,131,8,8,8,8,18,18,18,46,46,58,58,73,73,173,173,193,193,204,223,878,878,878],"floor_reached":39,"language":"ZHS","playtime":4349,"items_purged":[],"score":731,"play_id":"c7b5e934-3933-4f4e-92a2-5c6925e39f2f","local_time":"20210214200953","is_ascension_mode":true,"campfire_choices":[{"floor":7.0,"key":"REST"},{"data":"Mayhem","floor":12.0,"key":"SMITH"},{"data":"champ:StrikeOfGenius","floor":23.0,"key":"SMITH"},{"floor":25.0,"key":"REST"},{"floor":28.0,"key":"REST"},{"data":"champ:StanceDance","floor":30.0,"key":"SMITH"},{"data":"champ:SetATrap","floor":32.0,"key":"SMITH"}],"circlet_count":0,"master_deck":["champ:Strike","champ:Strike","champ:Strike","champ:Strike","champ:Defend+1","champ:Defend+1","champ:Defend+1","champ:Defend+1","champ:Execute","champ:Taunt","Mayhem+1","champ:StanceDance+1","champ:RisingSlash","champ:EnGarde","champ:FanOfKnives","champ:IronFortress","champ:ShieldSlam","champ:ArenaPreparation","champ:VampiricStrike","champ:EnragedBash","champ:StrikeOfGenius+1","champ:IronFortress+1","Mayhem+1","Flash of Steel","champ:TornadoPunch+1","champ:StanceDance+1","champ:SetATrap+1","champ:Lariat+1","champ:TornadoPunch+1","champ:CheapShot","Madness","Flash of Steel","Finesse","champ:CrownThrow+1","champ:RisingSlash"],"relics":["ReplayTheSpireMod:CursedCoin","LetterFromLob","betterThird:SlimedRelic","Membership Card","bronze:MakeshiftBattery","betterThird:NestCultRelic","aspiration:Stabinomicon","MerchantsRug"],"acts_visited":["Exordium","TheCity","TheBeyond"],"potions_floor_usage":[],"damage_taken":[{"damage":0.0,"enemies":"Jaw Worm","floor":1.0,"turns":1.0},{"damage":12.0,"enemies":"Small Slimes","floor":4.0,"turns":4.0},{"damage":20.0,"enemies":"2 Louse","floor":5.0,"turns":3.0},{"damage":42.0,"enemies":"Gremlin Nob","floor":6.0,"turns":4.0},{"damage":32.0,"enemies":"Lagavulin","floor":8.0,"turns":7.0},{"damage":8.0,"enemies":"Looter","floor":10.0,"turns":3.0},{"damage":28.0,"enemies":"3 Sentries","floor":11.0,"turns":9.0},{"damage":28.0,"enemies":"Exordium Wildlife","floor":14.0,"turns":4.0},{"damage":51.0,"enemies":"Slime Boss","floor":16.0,"turns":5.0},{"damage":32.0,"enemies":"Spheric Guardian","floor":18.0,"turns":4.0},{"damage":70.0,"enemies":"3 Byrds","floor":24.0,"turns":5.0},{"damage":68.0,"enemies":"Book of Stabbing","floor":27.0,"turns":5.0},{"damage":44.0,"enemies":"Shelled Parasite and Fungi","floor":29.0,"turns":4.0},{"damage":20.0,"enemies":"Snake Plant","floor":31.0,"turns":4.0},{"damage":65.0,"enemies":"Pondfish","floor":33.0,"turns":6.0},{"damage":29.0,"enemies":"3 Darklings","floor":35.0,"turns":3.0},{"damage":11,"enemies":"Orb Walker","floor":37,"turns":3},{"damage":49,"enemies":"Transient","floor":38,"turns":5}],"seed_played":"-8417441502671981097","potions_obtained":[{"floor":1.0,"key":"GamblersBrew"},{"floor":4.0,"key":"Fire Potion"},{"floor":5.0,"key":"ColorlessPotion"},{"floor":6.0,"key":"LifebloodPotion"},{"floor":8.0,"key":"FearPotion"},{"floor":10.0,"key":"DuplicationPotion"},{"floor":11.0,"key":"Milkshake"},{"floor":14.0,"key":"SteroidPotion"},{"floor":16.0,"key":"bronze:BurnAndBuffPotion"},{"floor":18.0,"key":"ColorlessPotion"},{"floor":22.0,"key":"DistilledChaos"},{"floor":24.0,"key":"Dexterity Potion"},{"floor":27.0,"key":"SpeedPotion"},{"floor":29.0,"key":"Weak Potion"},{"floor":31.0,"key":"GamblersBrew"},{"floor":33.0,"key":"Block Potion"},{"floor":35.0,"key":"champ:TechniquePotion"},{"floor":37,"key":"CultistPotion"},{"floor":38,"key":"Elixir"}],"is_trial":false,"path_per_floor":["M","?","?","M","M","E","R","E","T","M","E","R","?","M","R","B",null,"M","?","$","?","?","R","M","R","T","E","R","M","R","M","R","B",null,"M","?","M","M","$"],"character_chosen":"THE_CHAMP","items_purchased":["Replay:Bottled Eggs","ReplayTheSpireMod:CursedCoin","Kunai","Mayhem","White Beast Statue","Dream Catcher","champ:StanceDance","Fire Potion","Membership Card","DollysMirror","Flash of Steel","MerchantsRug"],"campfire_rested":3,"item_purchase_floors":[0,0,0,0,0,0,0,0,15,20,20,39],"current_hp_per_floor":[49,79,79,77,77,60,87,70,70,62,59,59,48,52,52,52,90,78,78,78,78,78,78,48,75,75,49,76,74,74,74,74,76,90,71,61,50,19,19,19,19],"gold":878,"neow_bonus":"","is_daily":false,"chose_seed":false,"campfire_upgraded":4,"win_rate":0.0,"timestamp":1613304593,"path_taken":["M","?","?","M","?","E","R","E","T","M","E","R","?","M","R","BOSS","M","?","$","?","?","R","?","R","T","E","R","M","R","M","R","BOSS","M","?","M","M","$"],"items_purchased_type":["Relic","Relic","Relic","Card","Relic","Relic","Card","Potion","Relic","Relic","Card","Relic"],"build_version":"2020-12-22","purchased_purges":0,"victory":false,"max_hp_per_floor":[90,90,90,90,90,90,90,90,90,90,90,90,90,90,90,90,90,90,90,90,90,90,90,90,90,90,90,90,90,90,90,90,90,90,90,90,90,90,90,90,90],"card_choices":[{"not_picked":["champ:PreemptiveStrike","champ:PerfectedStrike"],"picked":"champ:RisingSlash","floor":1.0},{"not_picked":["champ:RisingSlash","champ:CrookedStrike"],"picked":"champ:EnGarde","floor":4.0},{"not_picked":["champ:FlashCut","champ:GutPunch"],"picked":"champ:FanOfKnives","floor":5.0},{"not_picked":["champ:GutPunch","champ:SetATrap"],"picked":"champ:IronFortress","floor":6.0},{"not_picked":["champ:TornadoPunch","champ:FlashCut"],"picked":"champ:ShieldSlam","floor":7.0},{"not_picked":["champ:Circumvent","champ:ShieldWall"],"picked":"champ:ArenaPreparation","floor":8.0},{"not_picked":["champ:BerserkersShout","champ:Shatter"],"picked":"champ:VampiricStrike","floor":10.0},{"not_picked":["champ:PreciseThrust","champ:DefensiveShout","champ:ShieldSlam"],"picked":"SKIP","floor":11.0},{"not_picked":["champ:AdrenalArmor","champ:Backstep"],"picked":"champ:EnragedBash","floor":14.0},{"not_picked":["champ:SwordThrow","champ:EnchantCrown"],"picked":"champ:StrikeOfGenius","floor":16.0},{"not_picked":["champ:CrownThrow","champ:BringItOn"],"picked":"champ:IronFortress+1","floor":18.0},{"not_picked":["champ:PreemptiveStrike","champ:GutPunch"],"picked":"champ:TornadoPunch+1","floor":24.0},{"not_picked":["champ:BerserkersShout","champ:CrookedStrike"],"picked":"champ:StanceDance+1","floor":25.0},{"not_picked":["champ:TornadoPunch","champ:GutPunch+1"],"picked":"champ:SetATrap","floor":27.0},{"not_picked":["champ:BerserkersShout+1","champ:BladeFlurry"],"picked":"champ:Lariat+1","floor":29.0},{"not_picked":["champ:ShieldSigil","champ:Backstep+1"],"picked":"champ:TornadoPunch+1","floor":31.0},{"not_picked":["champ:DancingMaster","champ:EnchantCrown"],"picked":"champ:CheapShot","floor":33.0},{"not_picked":["champ:DefensiveShout","champ:AdrenalArmor+1","champ:BerserkersShout"],"picked":"SKIP","floor":35.0},{"not_picked":["Swift Strike","Trip"],"picked":"Madness","floor":36.0},{"not_picked":["Replay:BasicMightCard","ReplayTheSpireMod:Trickstab"],"picked":"Flash of Steel","floor":36.0},{"not_picked":["Forethought","Crow Ritual"],"picked":"Finesse","floor":36.0},{"not_picked":["champ:ShieldSlam","champ:DefensiveShout+1"],"picked":"champ:CrownThrow+1","floor":37},{"not_picked":["champ:BladeFlurry","champ:IronFortress"],"picked":"champ:RisingSlash","floor":38}],"player_experience":737308,"relics_obtained":[{"floor":1.0,"key":"LetterFromLob"},{"floor":6.0,"key":"Akabeko"},{"floor":8.0,"key":"Gremlin Horn"},{"floor":9.0,"key":"Shuriken"},{"floor":11.0,"key":"Meat on the Bone"},{"floor":26.0,"key":"Letter Opener"},{"floor":27.0,"key":"aspiration:Stabinomicon"}],"event_choices":[{"damage_healed":30.0,"max_hp_gain":0.0,"max_hp_loss":0.0,"gold_gain":0.0,"event_name":"Big Fish","player_choice":"Banana","floor":2.0,"gold_loss":0.0,"damage_taken":0.0},{"cards_removed":["Decay"],"damage_healed":0.0,"max_hp_gain":0.0,"max_hp_loss":0.0,"gold_gain":0.0,"event_name":"The Cleric","player_choice":"Card Removal","floor":3.0,"gold_loss":50.0,"damage_taken":0.0},{"damage_healed":0.0,"max_hp_gain":0.0,"max_hp_loss":0.0,"gold_gain":0.0,"event_name":"betterThird:BetterGoop","player_choice":"Slimed","floor":13.0,"gold_loss":28.0,"damage_taken":11.0},{"damage_healed":0.0,"max_hp_gain":0.0,"max_hp_loss":0.0,"gold_gain":0.0,"event_name":"Beggar","player_choice":"Ignored","floor":19.0,"gold_loss":0.0,"damage_taken":0.0},{"damage_healed":0.0,"max_hp_gain":0.0,"max_hp_loss":0.0,"gold_gain":0.0,"event_name":"betterThird:BetterNest","player_choice":"Madness","floor":21.0,"gold_loss":0.0,"damage_taken":0.0,"relics_obtained":["betterThird:NestCultRelic"]},{"damage_healed":0.0,"max_hp_gain":0.0,"max_hp_loss":0.0,"gold_gain":0.0,"event_name":"Lab","player_choice":"Got Potions","floor":22.0,"gold_loss":0.0,"damage_taken":0.0},{"damage_healed":0.0,"max_hp_gain":0.0,"max_hp_loss":0.0,"gold_gain":0.0,"event_name":"SensoryStone","player_choice":"Memory 3","floor":36.0,"gold_loss":0.0,"damage_taken":10.0}],"is_beta":false,"boss_relics":[{"not_picked":["Abe\u0027s Treasure","Pandora\u0027s Box"],"picked":"bronze:MakeshiftBattery"},{"not_picked":["Tiny House","conspire:SeveredTorchhead"],"picked":"aspiration:PoetsPen_weak"}],"items_purged_floors":[],"is_endless":false,"potions_floor_spawned":[1,4,5,6,8,10,11,14,16,18,24,27,29,31,33,35,37,38],"ascension_level":2}}