{"host":"37uvkxgs6qebn1sk","time":1613283108,"event":{"mods":["BaseMod","Better Third Choice","Minty Spire (QoL Compilation)","Replay The Spire","StSLib"],"gold_per_floor":[113,38,49,68,4,4,32,43,43,43,61,61,73,86,86,164,164,184,184,17,32,47,47,60,23,23,23,51,51,51],"floor_reached":29,"language":"ZHS","playtime":945,"items_purged":["Strike_P"],"score":579,"play_id":"eefda805-d031-4920-8ff7-5b4b70b210d0","local_time":"20210214141148","is_ascension_mode":true,"campfire_choices":[{"data":"Eruption","floor":6.0,"key":"SMITH"},{"data":"CrushJoints","floor":10.0,"key":"SMITH"},{"floor":15.0,"key":"REST"},{"floor":23.0,"key":"REST"},{"floor":27,"key":"REST"}],"circlet_count":0,"master_deck":["AscendersBane","Strike_P","Strike_P","Defend_P","Defend_P","Defend_P","Eruption+1","Vigilance","FearNoEvil","Evaluate","CrushJoints+1","Replay:BluntJabs","CarveReality+1","ThirdEye","MasterReality","Alpha+1","Vault","FollowUp+1"],"relics":["PureWater","Toy Ornithopter","Singing Bowl","ChewingGum","Omamori","Oddly Smooth Stone","Replay:Mystery Machine"],"acts_visited":["Exordium","TheCity"],"potions_floor_usage":[],"damage_taken":[{"damage":0.0,"enemies":"Cultist","floor":1.0,"turns":4.0},{"damage":0.0,"enemies":"2 Louse","floor":3.0,"turns":3.0},{"damage":2.0,"enemies":"Jaw Worm","floor":4.0,"turns":3.0},{"damage":21.0,"enemies":"Lagavulin","floor":7.0,"turns":4.0},{"damage":0.0,"enemies":"Lots of Slimes","floor":8.0,"turns":3.0},{"damage":0.0,"enemies":"Red Slaver","floor":11.0,"turns":1.0},{"damage":0.0,"enemies":"Looter","floor":13.0,"turns":2.0},{"damage":9.0,"enemies":"Exordium Wildlife","floor":14.0,"turns":3.0},{"damage":0.0,"enemies":"Fading Forest","floor":16.0,"turns":13.0},{"damage":14.0,"enemies":"3 Byrds","floor":18.0,"turns":6.0},{"damage":15.0,"enemies":"Shell Parasite","floor":21.0,"turns":4.0},{"damage":42.0,"enemies":"Shelled Parasite and Fungi","floor":22.0,"turns":4.0},{"damage":25,"enemies":"Chosen and Byrds","floor":24,"turns":5},{"damage":31,"enemies":"Book of Stabbing","floor":28,"turns":5},{"damage":0,"enemies":"Snake Plant","floor":29,"turns":1}],"seed_played":"9077693643760948018","potions_obtained":[{"floor":1.0,"key":"Swift Potion"},{"floor":7.0,"key":"Languid Potion"},{"floor":8.0,"key":"Strength Potion"},{"floor":18.0,"key":"Swift Potion"},{"floor":28,"key":"BlessingOfTheForge"}],"is_trial":false,"path_per_floor":["M","$","M","M","$","R","E","M","T","R","M","?","M","M","R","B",null,"M","?","$","M","M","R","M","$","T","R","E","M"],"character_chosen":"WATCHER","items_purchased":["CarveReality+1","Omamori","FollowUp+1"],"campfire_rested":3,"item_purchase_floors":[5,20,25],"current_hp_per_floor":[43,43,43,41,41,41,20,20,20,20,20,20,22,15,36,65,70,63,63,63,50,15,38,15,15,15,39,10,10,10],"gold":51,"neow_bonus":"TRANSFORM_TWO_CARDS","is_daily":false,"chose_seed":false,"campfire_upgraded":2,"win_rate":0.0,"timestamp":1613283108,"path_taken":["M","$","?","M","$","R","E","M","T","R","M","?","M","M","R","BOSS","M","?","$","M","?","R","M","?","T","R","E","M"],"items_purchased_type":["Card","Relic","Card"],"build_version":"2020-12-22","purchased_purges":1,"victory":false,"max_hp_per_floor":[68,68,68,68,68,68,68,68,68,68,68,68,70,72,72,72,72,74,74,74,76,78,78,80,80,80,80,82,82,82],"card_choices":[{"not_picked":["Replay:Hum","FlurryOfBlows","BowlingBash"],"picked":"SKIP","floor":1.0},{"not_picked":["ReachHeaven","Replay:AtTheReady"],"picked":"CrushJoints","floor":3.0},{"not_picked":["Replay:ManipulateFuture","Replay:Vibes"],"picked":"Replay:BluntJabs","floor":4.0},{"not_picked":["CrushJoints","MentalFortress"],"picked":"Judgement","floor":7.0},{"not_picked":["Replay:Anticipation","EmptyBody"],"picked":"ThirdEye","floor":8.0},{"not_picked":["Protect","DeceiveReality"],"picked":"MasterReality","floor":11.0},{"not_picked":["Tantrum","ReachHeaven","Halt"],"picked":"Singing Bowl","floor":13.0},{"not_picked":["EmptyBody","EmptyFist","Replay:ManipulateFuture"],"picked":"Singing Bowl","floor":14.0},{"not_picked":["Wish","Omniscience"],"picked":"Vault","floor":16.0},{"not_picked":["SashWhip","Consecrate","Weave"],"picked":"Singing Bowl","floor":18.0},{"not_picked":["Pray","FollowUp","Replay:DivineShield"],"picked":"Singing Bowl","floor":21.0},{"not_picked":["Nirvana","ReachHeaven","Replay:AtTheReady"],"picked":"Singing Bowl","floor":22.0},{"not_picked":["MentalFortress+1","DeceiveReality","Indignation"],"picked":"Singing Bowl","floor":24},{"not_picked":["Replay:DivineShield","FollowUp","FlyingSleeves"],"picked":"Singing Bowl","floor":28}],"player_experience":978570,"relics_obtained":[{"floor":7.0,"key":"Toy Ornithopter"},{"floor":9.0,"key":"Singing Bowl"},{"floor":26,"key":"Oddly Smooth Stone"},{"floor":28,"key":"Replay:Mystery Machine"}],"event_choices":[{"damage_healed":0.0,"max_hp_gain":0.0,"max_hp_loss":0.0,"gold_gain":0.0,"event_name":"N\u0027loth","player_choice":"Ignored","floor":19.0,"gold_loss":0.0,"damage_taken":0.0}],"is_beta":false,"boss_relics":[{"not_picked":["Pandora\u0027s Box","Black Star"],"picked":"ChewingGum"}],"items_purged_floors":[2],"is_endless":false,"potions_floor_spawned":[1,7,8,13,18,21,28],"killed_by":"Snake Plant","ascension_level":19}}