{"host":"8vqkh0x3c7vpgzzm","time":1613314619,"event":{"mods":["AchievementEnabler","BaseMod","Colored Map","Colored Powertips","Curses Come First","DeckTracker","Highlight Path","Minty Spire (QoL Compilation)","Permanent Neow","Quick Restart","Random Character Mod","Rare Cards Sparkle","Relic Sorter","Relic Stats","StSLib","SuperFastMode","Unceasing Turn Reminder","egg","everything is the same but u backflip on backflip"],"gold_per_floor":[113,113,126,34,34,34,34,48,74,74,90,90,115,150,150,150,150],"floor_reached":16,"language":"ENG","playtime":308,"items_purged":[],"score":100,"play_id":"87fef090-9cdb-440c-8df1-62f5f411b5f2","local_time":"20210214155659","is_ascension_mode":false,"campfire_choices":[{"data":"1","floor":7,"key":"LIFT"},{"data":"2","floor":12,"key":"LIFT"},{"data":"3","floor":15,"key":"LIFT"}],"circlet_count":0,"master_deck":["Strike_R","Strike_R","Strike_R","Strike_R","Strike_R","Defend_R","Defend_R","Defend_R","Defend_R","Bash+1","Flash of Steel"],"relics":["Burning Blood","Girya","Golden Idol","Potion Belt","Letter Opener"],"acts_visited":["Exordium"],"potions_floor_usage":[14,16],"damage_taken":[{"damage":1,"enemies":"Jaw Worm","floor":1,"turns":5},{"damage":1,"enemies":"Cultist","floor":3,"turns":3},{"damage":2,"enemies":"Small Slimes","floor":8,"turns":3},{"damage":12,"enemies":"3 Louse","floor":11,"turns":3},{"damage":5,"enemies":"Looter","floor":13,"turns":3},{"damage":18,"enemies":"Lagavulin","floor":14,"turns":3},{"damage":48,"enemies":"Hexaghost","floor":16,"turns":9}],"seed_played":"-3175121512119916071","potions_obtained":[{"floor":1,"key":"AttackPotion"},{"floor":3,"key":"Block Potion"},{"floor":14,"key":"SteroidPotion"}],"is_trial":false,"path_per_floor":["M","?","M","$","?","?","R","M","T","$","M","R","M","E","R","B"],"character_chosen":"IRONCLAD","items_purchased":["Flash of Steel"],"campfire_rested":0,"item_purchase_floors":[4],"current_hp_per_floor":[61,53,58,58,58,58,58,62,62,62,56,56,57,45,45,0,0],"gold":150,"neow_bonus":"ONE_RARE_RELIC","is_daily":false,"chose_seed":false,"campfire_upgraded":0,"win_rate":0.0,"timestamp":1613314619,"path_taken":["M","?","?","$","?","?","R","M","T","$","M","R","M","E","R","BOSS"],"items_purchased_type":["Card"],"build_version":"2020-12-22","purchased_purges":0,"victory":false,"max_hp_per_floor":[80,80,80,80,74,74,74,74,74,74,74,74,74,74,74,74,74],"relic_stats":{"counters":[7,29],"Golden Idol":18,"Letter Opener":[0],"obtain_stats":[{"Potion Belt":9,"Girya":0,"Golden Idol":5,"Letter Opener":14,"Burning Blood":0},{"Potion Belt":3,"Girya":0,"Golden Idol":2,"Letter Opener":6,"Burning Blood":0},{"Potion Belt":11,"Girya":0,"Golden Idol":8,"Letter Opener":20,"Burning Blood":0}],"Burning Blood":36},"card_choices":[{"not_picked":["Rampage","Armaments","Bloodletting"],"picked":"SKIP","floor":1},{"not_picked":["Anger","Entrench","Clash"],"picked":"SKIP","floor":3},{"not_picked":["Shrug It Off","Havoc","Reckless Charge"],"picked":"SKIP","floor":8},{"not_picked":["Reckless Charge","Warcry","Clothesline"],"picked":"SKIP","floor":11},{"not_picked":["Clash","Warcry","Flame Barrier"],"picked":"SKIP","floor":13},{"not_picked":["Burning Pact","Reckless Charge","Battle Trance"],"picked":"SKIP","floor":14}],"player_experience":561646,"relics_obtained":[{"floor":9,"key":"Potion Belt"},{"floor":14,"key":"Letter Opener"}],"event_choices":[{"damage_healed":0,"gold_gain":0,"player_choice":"Damaged","damage_taken":8,"max_hp_gain":0,"max_hp_loss":0,"event_name":"Wheel of Change","floor":2,"gold_loss":0},{"damage_healed":0,"gold_gain":0,"player_choice":"Lose Max HP","damage_taken":0,"relics_obtained":["Golden Idol"],"max_hp_gain":0,"max_hp_loss":6,"event_name":"Golden Idol","floor":5,"gold_loss":0},{"damage_healed":0,"gold_gain":0,"player_choice":"Upgraded","damage_taken":0,"max_hp_gain":0,"max_hp_loss":0,"event_name":"Upgrade Shrine","floor":6,"gold_loss":0,"cards_upgraded":["Bash"]}],"is_beta":false,"boss_relics":[],"items_purged_floors":[],"is_endless":false,"potions_floor_spawned":[1,3,14],"killed_by":"Hexaghost","ascension_level":0}}