{"host":"kh6fvhxn285ncg0o","time":1613296458,"event":{"mods":["Act Like it!","BaseMod","Colored Map","Friendly Minions","Keyboard Shortcuts","Minty Spire (QoL Compilation)","Quick Restart","Relic Stats","StSLib","SuperFastMode","UnlockEverythingMod"],"gold_per_floor":[115,133,21,21,33,61,61,91,91,91,119,119,119,151,151,228,228,248,258,258,268,225,256,256,256,256],"floor_reached":25,"language":"KOR","playtime":560,"items_purged":["Strike_R"],"score":544,"play_id":"1c509243-810d-4e39-a41e-3b0b810d0ca9","local_time":"20210214185418","is_ascension_mode":true,"campfire_choices":[{"data":"Immolate","floor":7,"key":"SMITH"},{"data":"Flame Barrier","floor":10,"key":"SMITH"},{"data":"Feel No Pain","floor":15,"key":"SMITH"}],"circlet_count":0,"master_deck":["AscendersBane","Defend_R","Defend_R","Defend_R","Defend_R","Bash","Feel No Pain+1","Rampage","Spot Weakness","Immolate+1","Flame Barrier+1","Barricade","Ghostly Armor","Offering","Fire Breathing+1","Dark Embrace"],"relics":["Burning Blood","Self Forming Clay","Mummified Hand","Pantograph","Mango","Regal Pillow","Runic Dome","Happy Flower"],"acts_visited":["Exordium","TheCity"],"potions_floor_usage":[6,14,16,21,23,25,25],"damage_taken":[{"damage":12,"enemies":"Cultist","floor":1,"turns":4},{"damage":11,"enemies":"2 Louse","floor":2,"turns":4},{"damage":9,"enemies":"Jaw Worm","floor":5,"turns":4},{"damage":15,"enemies":"Lagavulin","floor":6,"turns":7},{"damage":15,"enemies":"3 Sentries","floor":8,"turns":5},{"damage":32,"enemies":"Lagavulin","floor":11,"turns":7},{"damage":0,"enemies":"3 Sentries","floor":14,"turns":2},{"damage":4,"enemies":"The Guardian","floor":16,"turns":15},{"damage":10,"enemies":"2 Thieves","floor":18,"turns":4},{"damage":15,"enemies":"Shell Parasite","floor":19,"turns":3},{"damage":30,"enemies":"Snake Plant","floor":21,"turns":3},{"damage":11,"enemies":"Book of Stabbing","floor":23,"turns":5},{"damage":10,"enemies":"Slavers","floor":25,"turns":1}],"seed_played":"-8979654937919043922","potions_obtained":[{"floor":2,"key":"DistilledChaos"},{"floor":11,"key":"LiquidMemories"},{"floor":14,"key":"AttackPotion"},{"floor":16,"key":"GamblersBrew"},{"floor":19,"key":"Explosive Potion"},{"floor":20,"key":"ColorlessPotion"},{"floor":21,"key":"Weak Potion"},{"floor":23,"key":"Dexterity Potion"}],"is_trial":false,"path_per_floor":["M","M","$","?","M","E","R","E","T","R","E","?","?","E","R","B",null,"M","M","?","M","$","E","?","E"],"character_chosen":"IRONCLAD","items_purchased":["Rampage","Dark Embrace"],"campfire_rested":0,"item_purchase_floors":[3,22],"current_hp_per_floor":[62,57,57,57,54,45,45,36,36,36,24,24,17,23,23,50,74,70,61,61,37,37,32,8,0,0],"gold":256,"neow_bonus":"REMOVE_TWO","is_daily":false,"chose_seed":false,"campfire_upgraded":3,"win_rate":0.0,"timestamp":1613296458,"path_taken":["M","?","?","?","M","E","R","E","T","R","E","?","?","E","R","BOSS","M","M","?","?","$","E","?","E"],"items_purchased_type":["Card","Card"],"build_version":"2020-12-22","purchased_purges":1,"victory":false,"max_hp_per_floor":[68,68,68,68,68,68,68,68,68,68,82,82,82,82,82,82,82,82,82,82,82,82,82,87,87,87],"relic_stats":{"Regal Pillow":0,"Happy Flower":[0],"counters":[13,64],"Self Forming Clay":[54],"Mummified Hand":[21],"Pantograph":25,"obtain_stats":[{"Runic Dome":17,"Regal Pillow":14,"Happy Flower":23,"Self Forming Clay":6,"Mummified Hand":8,"Pantograph":9,"Mango":11,"Burning Blood":0},{"Runic Dome":8,"Regal Pillow":7,"Happy Flower":12,"Self Forming Clay":4,"Mummified Hand":5,"Pantograph":5,"Mango":6,"Burning Blood":0},{"Runic Dome":48,"Regal Pillow":33,"Happy Flower":63,"Self Forming Clay":19,"Mummified Hand":24,"Pantograph":24,"Mango":31,"Burning Blood":0}],"Burning Blood":72},"card_choices":[{"not_picked":["Combust","Warcry"],"picked":"Feel No Pain","floor":2},{"not_picked":["Sword Boomerang","Flex"],"picked":"Spot Weakness","floor":5},{"not_picked":["Sword Boomerang","Pommel Strike"],"picked":"Immolate","floor":6},{"not_picked":["Hemokinesis","Dropkick"],"picked":"Flame Barrier","floor":8},{"not_picked":["Iron Wave","Armaments"],"picked":"Barricade","floor":11},{"not_picked":["Flex","Bludgeon"],"picked":"Ghostly Armor","floor":14},{"not_picked":["Limit Break","Bludgeon"],"picked":"Offering","floor":16},{"not_picked":["Cleave","Havoc","Armaments"],"picked":"SKIP","floor":18},{"not_picked":["Sever Soul","Anger","Heavy Blade"],"picked":"SKIP","floor":19},{"not_picked":["Pommel Strike","Sentinel+1"],"picked":"Fire Breathing+1","floor":21},{"not_picked":["Twin Strike","Havoc","Combust"],"picked":"SKIP","floor":23}],"player_experience":1403606,"relics_obtained":[{"floor":6,"key":"Self Forming Clay"},{"floor":8,"key":"Mummified Hand"},{"floor":9,"key":"Pantograph"},{"floor":11,"key":"Mango"},{"floor":14,"key":"Regal Pillow"},{"floor":23,"key":"Happy Flower"}],"event_choices":[{"cards_removed":["Strike_R"],"damage_healed":0,"gold_gain":0,"player_choice":"Forget","damage_taken":0,"max_hp_gain":0,"max_hp_loss":0,"event_name":"Living Wall","floor":4,"gold_loss":0},{"damage_healed":0,"gold_gain":0,"player_choice":"Ignored","damage_taken":0,"max_hp_gain":0,"max_hp_loss":0,"event_name":"Shining Light","floor":12,"gold_loss":0},{"cards_removed":["Strike_R"],"damage_healed":0,"gold_gain":0,"player_choice":"Card Removal","damage_taken":7,"max_hp_gain":0,"max_hp_loss":0,"event_name":"Golden Wing","floor":13,"gold_loss":0},{"damage_healed":0,"gold_gain":0,"player_choice":"Got Potions","damage_taken":0,"max_hp_gain":0,"max_hp_loss":0,"event_name":"Lab","floor":20,"gold_loss":0},{"damage_healed":0,"gold_gain":0,"player_choice":"Shed Blood","damage_taken":29,"max_hp_gain":5,"max_hp_loss":0,"event_name":"Forgotten Altar","floor":24,"gold_loss":0}],"is_beta":false,"boss_relics":[{"not_picked":["Snecko Eye","Busted Crown"],"picked":"Runic Dome"}],"items_purged_floors":[3],"is_endless":false,"potions_floor_spawned":[2,11,14,16,19,21,23],"killed_by":"Slavers","ascension_level":20}}