{"host":"c83fcgyuu74iknko","time":1613269220,"event":{"mods":["BaseMod","Colored Map","Colored Powertips","Minty Spire (QoL Compilation)","Quick Restart","StSLib","The Animator","The Senshi"],"gold_per_floor":[114,114,214,50,69,69,82,115,142,142,142],"floor_reached":10,"language":"ENG","playtime":438,"items_purged":[],"score":69,"play_id":"c67e9e63-c10b-425b-949b-ca67bedc7255","local_time":"20210213182020","is_ascension_mode":true,"campfire_choices":[{"data":"Mayhem","floor":6,"key":"SMITH"}],"circlet_count":0,"master_deck":["theSenshi:SailorKick","theSenshi:SailorKick","theSenshi:SailorKick","theSenshi:SailorKick","theSenshi:SailorBlock","theSenshi:SailorBlock","theSenshi:SailorBlock","theSenshi:SailorBlock","theSenshi:MoonPrismPowerMakeUp","Mayhem+1","theSenshi:MoonPunch","Deep Breath","theSenshi:MoonTwilightFlash","theSenshi:RainbowMoonHeartAche","theSenshi:MoonTiaraMagic"],"relics":["theSenshi:TransformationBroochRelic","MealTicket","PreservedInsect"],"acts_visited":["Exordium"],"potions_floor_usage":[8,10],"damage_taken":[{"damage":6,"enemies":"Jaw Worm","floor":1,"turns":5},{"damage":10,"enemies":"2 Louse","floor":5,"turns":5},{"damage":6,"enemies":"Cultist","floor":7,"turns":4},{"damage":12,"enemies":"Lagavulin","floor":8,"turns":6},{"damage":21,"enemies":"3 Sentries","floor":10,"turns":4}],"seed_played":"1928611408100259748","potions_obtained":[{"floor":5,"key":"SpeedPotion"},{"floor":7,"key":"Energy Potion"},{"floor":8,"key":"SteroidPotion"}],"is_trial":false,"path_per_floor":["M","?","?","$","M","R","M","E","T","E"],"character_chosen":"THE_SENSHI","items_purchased":["Deep Breath","theSenshi:MoonTwilightFlash"],"campfire_rested":0,"item_purchase_floors":[4,4],"current_hp_per_floor":[48,41,41,41,31,31,25,13,13,0,0],"gold":142,"neow_bonus":"RANDOM_COLORLESS_2","is_daily":false,"chose_seed":false,"campfire_upgraded":1,"win_rate":0.0,"timestamp":1613269220,"path_taken":["M","?","?","$","M","R","?","E","T","E"],"items_purchased_type":["Card","Card"],"build_version":"2020-12-22","purchased_purges":0,"victory":false,"max_hp_per_floor":[75,75,75,75,75,75,75,75,75,75,75],"card_choices":[{"not_picked":["HandOfGreed","Magnetism"],"picked":"Mayhem","floor":0},{"not_picked":["theSenshi:GatheringStrength","theSenshi:MoonKick"],"picked":"theSenshi:MoonPunch","floor":1},{"not_picked":["theSenshi:TallSilhouette","theSenshi:LateForSchool"],"picked":"theSenshi:RainbowMoonHeartAche","floor":5},{"not_picked":["theSenshi:NeptunesGrace","theSenshi:SailorJupiterAssists"],"picked":"theSenshi:MoonTiaraMagic","floor":7},{"not_picked":["theSenshi:SailorVenusAssists","theSenshi:SailorPlanetPower","theSenshi:FatedKiss"],"picked":"SKIP","floor":8}],"player_experience":251604,"relics_obtained":[{"floor":8,"key":"MealTicket"},{"floor":9,"key":"PreservedInsect"}],"event_choices":[{"cards_removed":["theSenshi:RoseThrow"],"damage_healed":0,"gold_gain":0,"player_choice":"Card Removal","damage_taken":7,"max_hp_gain":0,"max_hp_loss":0,"event_name":"Golden Wing","floor":2,"gold_loss":0},{"damage_healed":0,"gold_gain":100,"player_choice":"Pray","damage_taken":0,"max_hp_gain":0,"max_hp_loss":0,"event_name":"Golden Shrine","floor":3,"gold_loss":0}],"is_beta":false,"boss_relics":[],"items_purged_floors":[],"is_endless":false,"potions_floor_spawned":[5,7,8],"killed_by":"3 Sentries","ascension_level":1}}