{"host":"y76clbnovzmw9ubx","time":1613344363,"event":{"mods":["AchievementEnabler","BaseMod","Minty Spire (QoL Compilation)","Permanent Neow","Relic Stats"],"gold_per_floor":[10,10,10,10,25,55,55,55,55],"floor_reached":8,"language":"ENG","playtime":634,"items_purged":[],"score":108,"play_id":"e618d115-ea60-436b-adb3-ae0f250d8598","local_time":"20210214181243","is_ascension_mode":true,"campfire_choices":[{"floor":7,"key":"REST"}],"circlet_count":0,"master_deck":["AscendersBane","Strike_G","Strike_G","Strike_G","Defend_G","Defend_G","Defend_G","Defend_G","Defend_G","Survivor","Neutralize","Master of Strategy","Dagger Spray","Setup","Slice","Predator","Bouncing Flask"],"relics":["Ring of the Snake","Calipers","Mercury Hourglass"],"acts_visited":["Exordium"],"potions_floor_usage":[],"damage_taken":[{"damage":3,"enemies":"Small Slimes","floor":1,"turns":7},{"damage":0,"enemies":"2 Louse","floor":5,"turns":3},{"damage":40,"enemies":"Lagavulin","floor":6,"turns":9},{"damage":35,"enemies":"Gremlin Nob","floor":8,"turns":3}],"seed_played":"-1921432185824935162","potions_obtained":[],"is_trial":false,"path_per_floor":["M","?","?","?","M","E","R","E"],"character_chosen":"THE_SILENT","items_purchased":[],"campfire_rested":1,"item_purchase_floors":[],"current_hp_per_floor":[56,56,45,45,45,5,24,0,0],"gold":55,"neow_bonus":"RANDOM_COLORLESS_2","is_daily":false,"chose_seed":false,"campfire_upgraded":0,"win_rate":0.0,"timestamp":1613344363,"path_taken":["M","?","?","?","M","E","R","E"],"items_purchased_type":[],"build_version":"2020-12-22","purchased_purges":0,"victory":false,"max_hp_per_floor":[66,66,66,66,66,66,66,66,66],"relic_stats":{"counters":[4,22],"obtain_stats":[{"Calipers":3,"Ring of the Snake":0,"Mercury Hourglass":6},{"Calipers":1,"Ring of the Snake":0,"Mercury Hourglass":3},{"Calipers":7,"Ring of the Snake":0,"Mercury Hourglass":19}],"Ring of the Snake":[8],"Mercury Hourglass":[9]},"card_choices":[{"not_picked":["Chrysalis","Transmutation"],"picked":"Master of Strategy","floor":0},{"not_picked":["Sucker Punch","Slice"],"picked":"Dagger Spray","floor":1},{"not_picked":["Slice","Flechettes"],"picked":"Predator","floor":5},{"not_picked":["Accuracy","Flechettes"],"picked":"Bouncing Flask","floor":6}],"player_experience":3240123,"relics_obtained":[{"floor":6,"key":"Mercury Hourglass"}],"event_choices":[{"damage_healed":0,"gold_gain":0,"cards_transformed":["Strike_G"],"player_choice":"Change","damage_taken":0,"max_hp_gain":0,"max_hp_loss":0,"event_name":"Living Wall","floor":2,"gold_loss":0,"cards_obtained":["Setup"]},{"damage_healed":0,"gold_gain":0,"player_choice":"Success","damage_taken":11,"relics_obtained":["Calipers"],"max_hp_gain":0,"max_hp_loss":0,"event_name":"Scrap Ooze","floor":3,"gold_loss":0},{"damage_healed":0,"gold_gain":0,"cards_transformed":["Strike_G"],"player_choice":"Transformed","damage_taken":0,"max_hp_gain":0,"max_hp_loss":0,"event_name":"Transmorgrifier","floor":4,"gold_loss":0,"cards_obtained":["Slice"]}],"is_beta":false,"boss_relics":[],"items_purged_floors":[],"is_endless":false,"potions_floor_spawned":[],"killed_by":"Gremlin Nob","ascension_level":20}}