{"host":"c9m2z2wmcavfgdp8","time":1613337792,"event":{"mods":["2.2 Compatiblity","Act Like it!","Aspiration","BaseMod","Better Third Choice","Conspire","Downfall","Ekko","Elementarium","Energized Spire","Friendly Minions","GifTheSpireLib","Hallownest","Hermit","Hubris","Infinite Spire","Jorbs\u0027s Wanderer Trilogy","Koishi","Luminous","Marisa????????","Menagerie","Minty Spire (QoL Compilation)","Pale of the Ancients","Permanent Neow","Potionbrewer","Prisma Mod","READ ME - Guardian Mod","Remilia??????","Replay The Spire","SCP261 Mod","Shop Mod","StSLib","The Animator","The Blackbeard","The Bug Knight","The Cursed","The Death Knight","The Disciple","The Exalted","The Hierophant","The Necromancer","The Servant 0.9.4","TheBandit","TheFirefly"],"gold_per_floor":[99,114,128,128,228,243,270,285,285,302,312,312,312,312,312,329,346,443,443,443,462,462,462,473,473,500,90,90,104,104,104],"floor_reached":30,"language":"ENG","playtime":1692,"items_purged":[],"score":249,"play_id":"bf41d894-96de-4102-bbc6-84f58170ceda","local_time":"20210214222312","is_ascension_mode":false,"campfire_choices":[{"data":"Bromod:ToxicFlight","floor":1,"key":"SMITH"},{"data":"Bromod:ToxicBarrage","floor":9,"key":"SMITH"},{"data":"Bromod:Stormbringer","floor":12,"key":"SMITH"},{"data":"Bromod:BodyCount","floor":15,"key":"SMITH"},{"floor":20,"key":"DIG"},{"data":"Bromod:DriftingContact","floor":25,"key":"SMITH"}],"circlet_count":0,"master_deck":["Bromod:Strike_Bro","Bromod:Strike_Bro","Bromod:Strike_Bro","Bromod:Defend_Bro","Bromod:Defend_Bro","Bromod:Defend_Bro","Bromod:Defend_Bro","Bromod:SlashDash","Bromod:SlashDash","Bromod:SlashDash","Bromod:ToxicFlight+1","Bromod:BodyCount+1","Bromod:SlashDash","Bromod:ToxicBarrage+1","Bromod:Stormbringer+1","Bromod:SlashDash","Bromod:Stormbringer","Bromod:SlashDash","Bromod:DriftingContact+1","Bromod:Vitality","Bromod:ContagiousSpread","Bromod:SlashDash","Bromod:HeatedCharge","Bromod:ChillingReload"],"relics":["Chronometer","Bromod:AscarisDevice","infinitespire:Cubic Diamond","Anchor","conspire:RoyalGoblet","ReplayFunnel","Bromod:ExtinguishedDragonKey","hubris:Icosahedron","SCP261:SadistsTumblerRelic","Bromod:ArcaneNullifier"],"acts_visited":["Exordium","TheCity"],"potions_floor_usage":[8,11,18,24,28],"damage_taken":[{"damage":0,"enemies":"Small Slimes","floor":2,"turns":4},{"damage":2,"enemies":"2 Louse","floor":3,"turns":4},{"damage":0,"enemies":"Cultist","floor":6,"turns":4},{"damage":8,"enemies":"2 Fungi Beasts","floor":8,"turns":3},{"damage":9,"enemies":"Exordium Wildlife","floor":10,"turns":3},{"damage":8,"enemies":"Lots of Slimes","floor":11,"turns":3},{"damage":0,"enemies":"downfall:LooterAlt","floor":16,"turns":3},{"damage":0,"enemies":"3 Louse","floor":17,"turns":2},{"damage":13,"enemies":"SI_SHIV_ARCHETYPE","floor":18,"turns":6},{"damage":20,"enemies":"Chosen","floor":21,"turns":6},{"damage":2,"enemies":"3 Byrds","floor":24,"turns":9},{"damage":0,"enemies":"downfall:FleeingMerchant","floor":27,"turns":4},{"damage":9,"enemies":"3 Cultists","floor":28,"turns":4},{"damage":11,"enemies":"Snecko","floor":29,"turns":10},{"damage":35,"enemies":"Slavers","floor":30,"turns":4}],"seed_played":"-7269386204970752278","potions_obtained":[{"floor":6,"key":"Explosive Potion"},{"floor":10,"key":"LiquidBronze"},{"floor":11,"key":"Dexterity Potion"},{"floor":16,"key":"Dexterity Potion"},{"floor":21,"key":"SmokeBomb"}],"is_trial":false,"path_per_floor":["R","M","M","?","?","M","T","M","R","M","M","R","PTL","PTL","R","M","M","B",null,"R","M","?","?","M","R","T","$","M","M","E"],"character_chosen":"THE_EXALTED","items_purchased":["Bromod:HeatedCharge","SCP261:SadistsTumblerRelic","Bromod:ArcaneNullifier"],"campfire_rested":0,"item_purchase_floors":[27,27,27],"current_hp_per_floor":[75,75,73,73,73,73,73,65,65,56,48,48,48,48,48,48,48,35,75,75,55,55,55,53,53,53,53,44,33,0,0],"gold":104,"neow_bonus":"ONE_RANDOM_RARE_CARD","is_daily":false,"chose_seed":false,"campfire_upgraded":5,"win_rate":0.0,"timestamp":1613337792,"path_taken":["R","M","M","?","?","M","T","M","R","?","M","R","PTL","PTL","R","M","M","BOSS","R","M","?","?","M","R","T","$","M","M","E"],"items_purchased_type":["Card","Relic","Relic"],"build_version":"2020-12-22","purchased_purges":0,"victory":false,"max_hp_per_floor":[75,75,75,75,75,75,75,75,75,75,75,75,75,75,75,75,75,75,75,75,75,75,75,75,75,75,75,75,75,75,75],"card_choices":[{"not_picked":["Bromod:BulletJump","Bromod:PointStrike"],"picked":"Bromod:BodyCount","floor":2},{"not_picked":["Bromod:QuickDraw","Bromod:Fury","Bromod:Serration"],"picked":"SKIP","floor":3},{"not_picked":["Bromod:Vitality","Bromod:Redirection"],"picked":"Bromod:SlashDash","floor":6},{"not_picked":["Bromod:Foundry","Bromod:ContagiousSpread"],"picked":"Bromod:ToxicBarrage","floor":8},{"not_picked":["Bromod:Foundry","Bromod:QuickDraw"],"picked":"Bromod:Stormbringer","floor":10},{"not_picked":["Bromod:BriefRespite","Bromod:BodyCount"],"picked":"Bromod:SlashDash","floor":11},{"not_picked":["Bromod:Redirection","Bromod:BodyCount"],"picked":"Bromod:Stormbringer","floor":16},{"not_picked":["Bromod:Redirection","Bromod:BulletJump"],"picked":"Bromod:SlashDash","floor":17},{"not_picked":["Bromod:FashionFrame","Bromod:VoltaicStrike"],"picked":"Bromod:DriftingContact","floor":18},{"not_picked":["Bromod:EnergySiphon+1","Bromod:PressurePoint+1"],"picked":"Bromod:Vitality","floor":21},{"not_picked":["Bromod:BulletJump","Bromod:ArchwingLauncher"],"picked":"Bromod:ContagiousSpread","floor":24},{"not_picked":["Bromod:TargetCracker","Bromod:Foundry"],"picked":"Bromod:SlashDash","floor":27},{"not_picked":["Bromod:SteelFiber","Bromod:Foundry"],"picked":"Bromod:ChillingReload","floor":29}],"player_experience":1663780,"relics_obtained":[{"floor":7,"key":"Anchor"},{"floor":20,"key":"ReplayFunnel"}],"event_choices":[],"is_beta":false,"boss_relics":[{"not_picked":["ChewingGum","hubris:GrandSneckoEye"],"picked":"conspire:RoyalGoblet"}],"items_purged_floors":[],"is_endless":false,"potions_floor_spawned":[6,10,11,16,21,28],"killed_by":"Slavers","ascension_level":0}}