{"host":"tetq3wi5anb97imq","time":1613340538,"event":{"mods":["BaseMod","Block Reminder","Minty Spire (QoL Compilation)","Quick Restart","StSLib","SuperFastMode"],"gold_per_floor":[112,128,78,89,101,128,51,51,51],"floor_reached":8,"language":"ENG","playtime":141,"items_purged":[],"score":116,"play_id":"949ebc6a-65b1-472f-b722-2513e96590e2","local_time":"20210214200858","is_ascension_mode":true,"campfire_choices":[],"circlet_count":0,"master_deck":["AscendersBane","Strike_G","Strike_G","Strike_G","Strike_G+1","Strike_G","Defend_G","Defend_G","Defend_G","Defend_G","Defend_G","Survivor","Neutralize+1","Slice","Noxious Fumes","Poisoned Stab","Crippling Poison","Dodge and Roll","Dagger Throw","Footwork"],"relics":["Ring of the Snake","NeowsBlessing","Whetstone"],"acts_visited":["Exordium"],"potions_floor_usage":[8,8],"damage_taken":[{"damage":0,"enemies":"Cultist","floor":1,"turns":1},{"damage":0,"enemies":"Jaw Worm","floor":2,"turns":1},{"damage":0,"enemies":"Small Slimes","floor":4,"turns":1},{"damage":7,"enemies":"3 Louse","floor":5,"turns":3},{"damage":36,"enemies":"Lagavulin","floor":6,"turns":8},{"damage":6,"enemies":"Gremlin Nob","floor":8,"turns":3}],"seed_played":"-3801327531998725172","potions_obtained":[{"floor":2,"key":"DuplicationPotion"},{"floor":5,"key":"Explosive Potion"},{"floor":6,"key":"Strength Potion"}],"is_trial":false,"path_per_floor":["M","M","$","M","M","E","$","E"],"character_chosen":"THE_SILENT","items_purchased":["Poisoned Stab","Footwork"],"campfire_rested":0,"item_purchase_floors":[3,7],"current_hp_per_floor":[59,59,59,59,52,16,16,10,10],"gold":51,"neow_bonus":"THREE_ENEMY_KILL","is_daily":false,"chose_seed":false,"campfire_upgraded":0,"win_rate":0.0,"timestamp":1613340538,"path_taken":["M","?","$","?","M","E","$","E"],"items_purchased_type":["Card","Card"],"build_version":"2020-12-22","purchased_purges":0,"victory":false,"max_hp_per_floor":[66,66,66,66,66,66,66,66,66],"card_choices":[{"not_picked":["Acrobatics","PiercingWail"],"picked":"Slice","floor":1},{"not_picked":["Slice","Deflect"],"picked":"Noxious Fumes","floor":2},{"not_picked":["Distraction","Infinite Blades"],"picked":"Crippling Poison","floor":4},{"not_picked":["Slice","Setup"],"picked":"Dodge and Roll","floor":5},{"not_picked":["Grand Finale","Bullet Time"],"picked":"Dagger Throw","floor":6}],"player_experience":523638,"relics_obtained":[{"floor":6,"key":"Whetstone"}],"event_choices":[],"is_beta":false,"boss_relics":[],"items_purged_floors":[],"is_endless":false,"potions_floor_spawned":[2,5,6],"killed_by":"Gremlin Nob","ascension_level":20}}