{"host":"lg1lbglystyxcosi","time":1613269184,"event":{"mods":["AchievementEnabler","BaseMod","Better Third Choice","BetterRewards","Colored Powertips","Minty Spire (QoL Compilation)","Quick Restart","Shop Mod","StSLib","¡¾ÒÅÎï¿¨ÅÆ¡¿REMEMod"],"gold_per_floor":[117,117,117,129,129,129,142,142,168,187,187,204,216,246,246,341,341,281,281],"floor_reached":18,"language":"ZHS","playtime":986,"items_purged":["Strike_G"],"score":328,"play_id":"590cb4f1-8eb0-4a69-8261-b10dd0000cb3","local_time":"20210214101944","is_ascension_mode":true,"campfire_choices":[{"data":"DevaForm","floor":6.0,"key":"SMITH"},{"data":"Setup","floor":11.0,"key":"SMITH"},{"floor":15.0,"key":"REST"}],"circlet_count":0,"master_deck":["Strike_G","Strike_G","Strike_G","Defend_G","Defend_G","Defend_G","Defend_G","Defend_G","Survivor","Neutralize","DevaForm+1","Flying Knee","Transmutation","Setup+1","Well Laid Plans","Flying Knee","Doppelganger","Envenom"],"relics":["Ring of the Snake","REME_ComplimentaryCards","Letter Opener","FaceOfCleric","Regal Pillow"],"acts_visited":["Exordium","TheCity"],"potions_floor_usage":[16,16,16],"damage_taken":[{"damage":7.0,"enemies":"2 Louse","floor":1.0,"turns":5.0},{"damage":0.0,"enemies":"Small Slimes","floor":4.0,"turns":4.0},{"damage":1.0,"enemies":"Cultist","floor":7.0,"turns":3.0},{"damage":16.0,"enemies":"Exordium Thugs","floor":10.0,"turns":5.0},{"damage":15.0,"enemies":"Large Slime","floor":12.0,"turns":6.0},{"damage":0.0,"enemies":"Red Slaver","floor":13.0,"turns":6.0},{"damage":30,"enemies":"Hexaghost","floor":16,"turns":8},{"damage":31,"enemies":"2 Thieves","floor":18,"turns":3}],"seed_played":"-2008284881964267340","potions_obtained":[{"floor":4.0,"key":"Dexterity Potion"},{"floor":7.0,"key":"DuplicationPotion"},{"floor":13.0,"key":"Dexterity Potion"}],"is_trial":false,"path_per_floor":["M","?","?","M","T","R","M","?","T","M","R","M","M","?","R","B",null,"M"],"character_chosen":"THE_SILENT","items_purchased":["Flying Knee","Transmutation","Setup","Well Laid Plans"],"campfire_rested":1,"item_purchase_floors":[0,0,0,0],"current_hp_per_floor":[42,65,65,65,65,65,64,64,64,49,49,35,36,36,72,43,66,35,35],"gold":281,"neow_bonus":"","is_daily":false,"chose_seed":false,"campfire_upgraded":2,"win_rate":0.0,"timestamp":1613269184,"path_taken":["M","?","?","?","?","R","M","?","T","M","R","?","M","?","R","BOSS","M"],"items_purchased_type":["Card","Card","Card","Card"],"build_version":"2020-12-22","purchased_purges":1,"victory":false,"max_hp_per_floor":[70,70,70,70,70,70,70,70,70,71,71,72,73,73,73,74,74,74,74],"card_choices":[{"not_picked":["Heel Hook","Blade Dance","Acrobatics"],"picked":"SKIP","floor":1.0},{"not_picked":["Poisoned Stab","Setup","Sucker Punch"],"picked":"SKIP","floor":4.0},{"not_picked":["Acrobatics","REME_ShadowStrike"],"picked":"Flying Knee","floor":7.0},{"not_picked":["Poisoned Stab","Dagger Spray","Dodge and Roll"],"picked":"SKIP","floor":10.0},{"not_picked":["Sucker Punch","Bane"],"picked":"Doppelganger","floor":12.0},{"not_picked":["Dagger Spray","Acrobatics","Underhanded Strike"],"picked":"SKIP","floor":13.0},{"not_picked":["Malaise","Grand Finale"],"picked":"Envenom","floor":16}],"player_experience":132531,"relics_obtained":[{"floor":5.0,"key":"Letter Opener"},{"floor":9.0,"key":"Regal Pillow"}],"event_choices":[{"damage_healed":23.0,"max_hp_gain":0.0,"max_hp_loss":0.0,"gold_gain":0.0,"event_name":"Big Fish","player_choice":"Banana","floor":2.0,"gold_loss":0.0,"damage_taken":0.0},{"cards_removed":["Strike_G"],"damage_healed":0.0,"max_hp_gain":0.0,"max_hp_loss":0.0,"gold_gain":0.0,"event_name":"Bonfire Elementals","player_choice":"Offered Basic","floor":3.0,"gold_loss":0.0,"damage_taken":0.0},{"damage_healed":0.0,"max_hp_gain":0.0,"max_hp_loss":0.0,"gold_gain":0.0,"event_name":"FaceTrader","player_choice":"Trade","floor":8.0,"gold_loss":0.0,"damage_taken":0.0,"relics_obtained":["FaceOfCleric"]},{"damage_healed":0.0,"max_hp_gain":0.0,"max_hp_loss":0.0,"gold_gain":30.0,"event_name":"Dead Adventurer","player_choice":"Searched \u00271\u0027 times","floor":14.0,"gold_loss":0.0,"damage_taken":0.0}],"is_beta":false,"boss_relics":[{"not_picked":["Astrolabe","Snecko Eye","Coffee Dripper"]}],"items_purged_floors":[0],"is_endless":false,"potions_floor_spawned":[4,7,13],"killed_by":"2 Thieves","ascension_level":6}}