{"host":"8qpl9oe08dw5eaib","time":1613274391,"event":{"mods":["Act Like it!","BaseMod","Colored Map","Downfall","Minty Spire (QoL Compilation)","StSLib"],"gold_per_floor":[99,115,115,135,235,235,235,235,107,125,125,136,147,147,163,163,163,163],"floor_reached":16,"language":"ENG","playtime":762,"items_purged":["bronze:Strike"],"score":92,"play_id":"5eb00a67-674b-479f-b75e-3666686b8bc7","local_time":"20210213224631","is_ascension_mode":false,"campfire_choices":[{"data":"bronze:Goto","floor":1,"key":"SMITH"},{"floor":6,"key":"REST"},{"data":"bronze:BronzeOrb","floor":8,"key":"SMITH"},{"data":"bronze:Optimize","floor":11,"key":"SMITH"}],"circlet_count":0,"master_deck":["bronze:Strike","bronze:Defend","bronze:Defend","bronze:Defend","bronze:Defend","bronze:Replicate","bronze:Goto+1","bronze:Flail+1","bronze:Spike","bronze:DazingPulse","bronze:Explode","bronze:Branch","bronze:BronzeOrb+1","bronze:ThunderWave","bronze:Optimize+1","bronze:FineTuning","bronze:MaxOutput","bronze:BronzeArmor"],"relics":["bronze:BronzeCore"],"acts_visited":["Exordium"],"potions_floor_usage":[],"damage_taken":[{"damage":1,"enemies":"Jaw Worm","floor":2,"turns":4},{"damage":54,"enemies":"Jaw Worm","floor":3,"turns":6},{"damage":0,"enemies":"Small Slimes","floor":4,"turns":1},{"damage":9,"enemies":"downfall:Heads","floor":5,"turns":3},{"damage":4,"enemies":"downfall:FleeingMerchant","floor":9,"turns":4},{"damage":0,"enemies":"Cultist","floor":10,"turns":2},{"damage":0,"enemies":"2 Fungi Beasts","floor":12,"turns":1},{"damage":3,"enemies":"Exordium Thugs","floor":13,"turns":3},{"damage":0,"enemies":"3 Louse","floor":15,"turns":1},{"damage":29,"enemies":"SI_SHIV_ARCHETYPE","floor":16,"turns":7}],"seed_played":"-134097056757239201","potions_obtained":[{"floor":2,"key":"Strength Potion"},{"floor":4,"key":"SteroidPotion"},{"floor":12,"key":"Explosive Potion"}],"is_trial":false,"path_per_floor":["R","M","?","M","?","R","T","R","$","M","R","M","M","?","M","B"],"character_chosen":"THE_AUTOMATON","items_purchased":["bronze:Optimize"],"campfire_rested":1,"item_purchase_floors":[9],"current_hp_per_floor":[77,76,22,22,13,36,36,36,32,32,32,32,29,29,29,0,0,0],"gold":163,"neow_bonus":"TEN_PERCENT_HP_BONUS","is_daily":false,"chose_seed":false,"campfire_upgraded":3,"win_rate":0.0,"timestamp":1613274391,"path_taken":["R","M","?","M","?","R","T","R","$","M","R","M","?","?","M","BOSS"],"items_purchased_type":["Card"],"build_version":"2020-12-22","purchased_purges":1,"victory":false,"max_hp_per_floor":[77,77,77,77,77,77,77,77,77,77,77,77,77,77,77,77,77,77],"card_choices":[{"not_picked":["bronze:ForLoop","bronze:Overload"],"picked":"bronze:Flail","floor":2},{"not_picked":[],"picked":"bronze:Spike","floor":3},{"not_picked":[],"picked":"bronze:DazingPulse","floor":3},{"not_picked":[],"picked":"bronze:Explode","floor":3},{"not_picked":["bronze:Turbo","bronze:Fortify"],"picked":"bronze:Branch","floor":3},{"not_picked":["bronze:Branch","bronze:ThunderWave"],"picked":"bronze:BronzeOrb","floor":4},{"not_picked":["bronze:ChosenStrike","bronze:BugBarrage","bronze:Overheat"],"picked":"SKIP","floor":9},{"not_picked":["bronze:BugBarrage","bronze:CutThrough"],"picked":"bronze:FineTuning","floor":10},{"not_picked":["bronze:WildBeam","bronze:DelayedSlice"],"picked":"bronze:MaxOutput","floor":12},{"not_picked":["bronze:BugBarrage","bronze:BuggyMess","bronze:Overheat"],"picked":"SKIP","floor":13},{"not_picked":["bronze:CloningBeam","bronze:Repulsor"],"picked":"bronze:BronzeArmor","floor":15}],"player_experience":210612,"relics_obtained":[],"event_choices":[{"damage_healed":0,"gold_gain":0,"player_choice":"Fled","damage_taken":0,"max_hp_gain":0,"max_hp_loss":0,"event_name":"Scrap Ooze","floor":14,"gold_loss":0}],"is_beta":false,"boss_relics":[],"items_purged_floors":[9],"is_endless":false,"potions_floor_spawned":[2,4,12],"killed_by":"SI_SHIV_ARCHETYPE","ascension_level":0}}