{"host":"y76clbnovzmw9ubx","time":1613329523,"event":{"mods":["AchievementEnabler","BaseMod","Minty Spire (QoL Compilation)","Permanent Neow","Relic Stats"],"gold_per_floor":[109,126,141,152,202,236,236,265,334,368,383,8,19,34,34,108,108,118,134,148,198,14,44,44,44],"floor_reached":24,"language":"ENG","playtime":1319,"items_purged":["Strike_G","Masterful Stab"],"score":480,"play_id":"2c3d5a07-72b9-4a98-bd7d-2698dcbd6db7","local_time":"20210214140523","is_ascension_mode":true,"campfire_choices":[{"data":"Footwork","floor":7,"key":"SMITH"},{"floor":15,"key":"REST"}],"circlet_count":0,"master_deck":["AscendersBane","Strike_G","Strike_G","Strike_G","Strike_G","Defend_G","Defend_G","Defend_G","Defend_G","Defend_G","Survivor","Neutralize","Footwork+1","Poisoned Stab","Blade Dance","PiercingWail","Footwork","Cloak And Dagger","Panache","Infinite Blades","Blade Dance","Escape Plan","Caltrops","Adrenaline","Blur","Backflip","Deflect","PiercingWail","PiercingWail"],"relics":["Ring of the Snake","Lantern","Bag of Marbles","Mango","Matryoshka","Bag of Preparation","Sozu","Unceasing Top"],"acts_visited":["Exordium","TheCity"],"potions_floor_usage":[6,10,20],"damage_taken":[{"damage":3,"enemies":"2 Louse","floor":1,"turns":4},{"damage":0,"enemies":"Cultist","floor":2,"turns":4},{"damage":2,"enemies":"Small Slimes","floor":3,"turns":4},{"damage":0,"enemies":"2 Fungi Beasts","floor":4,"turns":4},{"damage":9,"enemies":"Lagavulin","floor":6,"turns":7},{"damage":15,"enemies":"3 Sentries","floor":8,"turns":11},{"damage":25,"enemies":"Lagavulin","floor":10,"turns":4},{"damage":2,"enemies":"Exordium Wildlife","floor":11,"turns":4},{"damage":0,"enemies":"Looter","floor":13,"turns":1},{"damage":0,"enemies":"Lots of Slimes","floor":14,"turns":4},{"damage":7,"enemies":"The Guardian","floor":16,"turns":12},{"damage":0,"enemies":"3 Byrds","floor":18,"turns":3},{"damage":4,"enemies":"Spheric Guardian","floor":19,"turns":3},{"damage":22,"enemies":"Shelled Parasite and Fungi","floor":20,"turns":5},{"damage":37,"enemies":"Book of Stabbing","floor":23,"turns":6},{"damage":22,"enemies":"Chosen and Byrds","floor":24,"turns":7}],"seed_played":"3577269657935833515","potions_obtained":[{"floor":1,"key":"SteroidPotion"},{"floor":3,"key":"Swift Potion"},{"floor":4,"key":"CultistPotion"},{"floor":13,"key":"Explosive Potion"},{"floor":14,"key":"Block Potion"}],"is_trial":false,"path_per_floor":["M","M","M","M","?","E","R","E","T","E","M","$","M","M","R","B",null,"M","M","M","?","$","E","M"],"character_chosen":"THE_SILENT","items_purchased":["Panache","Infinite Blades","Blade Dance","Deflect","PiercingWail"],"campfire_rested":1,"item_purchase_floors":[12,12,12,22,22],"current_hp_per_floor":[56,56,54,54,54,45,45,44,44,19,17,17,17,17,41,34,69,69,65,43,43,43,6,0,0],"gold":44,"neow_bonus":"RANDOM_COMMON_RELIC","is_daily":false,"chose_seed":false,"campfire_upgraded":1,"win_rate":0.0,"timestamp":1613329523,"path_taken":["M","M","M","M","?","E","R","E","T","E","M","$","M","M","R","BOSS","M","M","?","?","$","E","M"],"items_purchased_type":["Card","Card","Card","Card","Card"],"build_version":"2020-12-22","purchased_purges":2,"victory":false,"max_hp_per_floor":[66,66,66,66,66,66,66,80,80,80,80,80,80,80,80,80,80,80,80,80,80,80,80,80,80],"relic_stats":{"Sozu":1,"counters":[16,83],"Bag of Preparation":[18],"obtain_stats":[{"Sozu":17,"Lantern":0,"Matryoshka":9,"Mango":8,"Bag of Marbles":6,"Bag of Preparation":10,"Unceasing Top":23,"Ring of the Snake":0},{"Sozu":11,"Lantern":0,"Matryoshka":6,"Mango":6,"Bag of Marbles":5,"Bag of Preparation":7,"Unceasing Top":15,"Ring of the Snake":0},{"Sozu":59,"Lantern":0,"Matryoshka":34,"Mango":34,"Bag of Marbles":23,"Bag of Preparation":38,"Unceasing Top":76,"Ring of the Snake":0}],"Unceasing Top":[0],"Ring of the Snake":[32]},"card_choices":[{"not_picked":["Backstab","Well Laid Plans"],"picked":"Footwork","floor":1},{"not_picked":["Choke","Accuracy"],"picked":"Masterful Stab","floor":2},{"not_picked":["Deadly Poison","Underhanded Strike"],"picked":"Poisoned Stab","floor":3},{"not_picked":["Bane","Underhanded Strike","Tactician"],"picked":"SKIP","floor":4},{"not_picked":["Riddle With Holes","Sucker Punch"],"picked":"Blade Dance","floor":6},{"not_picked":["Choke","Terror"],"picked":"PiercingWail","floor":8},{"not_picked":["Dash","Wraith Form v2"],"picked":"Footwork","floor":10},{"not_picked":["Crippling Poison","Deflect"],"picked":"Cloak And Dagger","floor":11},{"not_picked":["Terror","Backflip"],"picked":"Escape Plan","floor":13},{"not_picked":["Sucker Punch","Flechettes"],"picked":"Caltrops","floor":14},{"not_picked":["Venomology","Die Die Die"],"picked":"Adrenaline","floor":16},{"not_picked":["Heel Hook+1","Underhanded Strike","Sucker Punch"],"picked":"SKIP","floor":18},{"not_picked":["Distraction","Bane"],"picked":"Blur","floor":19},{"not_picked":["Accuracy","Outmaneuver+1"],"picked":"Backflip","floor":20},{"not_picked":["Slice","Backflip"],"picked":"PiercingWail","floor":23}],"player_experience":3238804,"relics_obtained":[{"floor":6,"key":"Bag of Marbles"},{"floor":8,"key":"Mango"},{"floor":9,"key":"Matryoshka"},{"floor":10,"key":"Bag of Preparation"},{"floor":23,"key":"Unceasing Top"}],"event_choices":[{"damage_healed":0,"gold_gain":50,"player_choice":"Pray","damage_taken":0,"max_hp_gain":0,"max_hp_loss":0,"event_name":"Golden Shrine","floor":5,"gold_loss":0},{"damage_healed":0,"gold_gain":50,"player_choice":"Stole From Cult","damage_taken":0,"max_hp_gain":0,"max_hp_loss":0,"event_name":"Nest","floor":21,"gold_loss":0}],"is_beta":false,"boss_relics":[{"not_picked":["SacredBark","Velvet Choker"],"picked":"Sozu"}],"items_purged_floors":[12,22],"is_endless":false,"potions_floor_spawned":[1,3,4,13,14,19,20],"killed_by":"Chosen and Byrds","ascension_level":20}}