{"host":"3pgt7cyequ6zy3lm","time":1613296702,"event":{"mods":["Aspiration","BaseMod","Better Synergies","Bossed Relics","Colored Powertips","Conspire","Displayed Cursed Tome","Downfall","Energized Spire","Halation","Hubris","Infinite Spire","Minty Spire (QoL Compilation)","Quick Restart","Reliquary","Replay The Spire","Shop Mod","StSLib","SuperFastMode","The Construct","everything is the same but u backflip on backflip"],"gold_per_floor":[99,115,215,43,43,43,43,73,87,87,98,128,128,39,49,145,145,145,161,161,177,194,28,28,28,30,17,17,8,8,23,43,57,57,57],"floor_reached":33,"language":"RUS","playtime":2266,"items_purged":["downfall:Bewildered","hexamod:FifthSeal"],"score":253,"play_id":"60cc5d7f-bfae-4fec-9d57-14dc08ffaffe","local_time":"20210214125822","is_ascension_mode":false,"campfire_choices":[{"data":"hexamod:Sear","floor":1.0,"key":"SMITH"},{"data":"hexamod:Float","floor":10.0,"key":"SMITH"},{"floor":13.0,"key":"REST"},{"data":"hexamod:RecurringNightmare","floor":18.0,"key":"SMITH"},{"floor":28,"key":"REST"},{"floor":30,"key":"REST"}],"circlet_count":0,"master_deck":["hexamod:Strike","hexamod:Strike","hexamod:Strike","hexamod:Strike","hexamod:Defend","hexamod:Defend","hexamod:Defend","hexamod:Defend","hexamod:Sear+1","hexamod:Float+1","hexamod:GhostShield","hexamod:StepThrough","hexamod:Hexaguard+1","hexamod:SpectersWail+1","hexamod:RecurringNightmare+1","hexamod:VolcanoVisage","hexamod:GhostOfSpirePast+1","downfall:Bewildered"],"relics":["hexamod:SpiritBrand","reliquary:PorcupineQuills","halation:PinkSoulGem","reliquary:Sideboard","Pondfish Scales","ReplayTheSpireMod:CursedCoin","reliquary:RedPaperclip","infinitespire:Midas Blood","sneckomod:BabySnecko"],"acts_visited":["Exordium","TheCity"],"potions_floor_usage":[33],"damage_taken":[{"damage":0.0,"enemies":"2 Louse","floor":2.0,"turns":3.0},{"damage":0.0,"enemies":"downfall:FleeingMerchant","floor":4.0,"turns":4.0},{"damage":16.0,"enemies":"3 Sentries","floor":8.0,"turns":9.0},{"damage":0.0,"enemies":"Jaw Worm","floor":9.0,"turns":4.0},{"damage":0.0,"enemies":"Small Slimes","floor":11.0,"turns":3.0},{"damage":19.0,"enemies":"Gremlin Nob","floor":12.0,"turns":3.0},{"damage":0.0,"enemies":"downfall:FleeingMerchant","floor":14.0,"turns":4.0},{"damage":0.0,"enemies":"downfall:LooterAlt","floor":15.0,"turns":3.0},{"damage":59.0,"enemies":"WA_ARCHETYPE_RETAIN","floor":16.0,"turns":13.0},{"damage":4.0,"enemies":"Shell Parasite","floor":19.0,"turns":9.0},{"damage":15.0,"enemies":"Spheric Guardian","floor":21.0,"turns":6.0},{"damage":6.0,"enemies":"Centurion and Healer","floor":22.0,"turns":6.0},{"damage":0.0,"enemies":"downfall:FleeingMerchant","floor":23.0,"turns":4.0},{"damage":1,"enemies":"downfall:FleeingMerchant","floor":27,"turns":4},{"damage":13,"enemies":"downfall:FleeingMerchant","floor":29,"turns":4},{"damage":0,"enemies":"Shelled Parasite and Fungi","floor":31,"turns":5},{"damage":6,"enemies":"Snake Plant","floor":32,"turns":4},{"damage":44,"enemies":"DF_ARCHETYPE_CLAW","floor":33,"turns":8}],"seed_played":"6609373914935427885","potions_obtained":[{"floor":8.0,"key":"Flashbang"},{"floor":9.0,"key":"Strength Potion"},{"floor":15.0,"key":"hexamod:SoulburnPotion"},{"floor":16.0,"key":"Strength Potion"},{"floor":21.0,"key":"hexamod:SoulburnPotion"},{"floor":31,"key":"LifebloodPotion"}],"is_trial":false,"path_per_floor":["R","M","?","$","?","?","T","E","M","R","M","E","R","$","M","B",null,"R","M","?","M","M","$","T","?","?","$","R","$","R","M","M","B"],"character_chosen":"THE_SPIRIT","items_purchased":["reliquary:PorcupineQuills","ReplayTheSpireMod:CursedCoin","reliquary:Buckler","Dexterity Potion"],"campfire_rested":3,"item_purchase_floors":[4,14,14,23],"current_hp_per_floor":[77,77,77,77,77,77,77,61,61,61,61,42,65,65,65,6,77,77,73,73,58,52,52,52,52,13,12,35,22,45,45,39,0,0,0],"gold":57,"neow_bonus":"TEN_PERCENT_HP_BONUS","is_daily":false,"chose_seed":false,"campfire_upgraded":3,"win_rate":0.0,"timestamp":1613296702,"path_taken":["R","M","?","$","?","?","T","E","M","R","M","E","R","$","M","BOSS","R","M","?","M","M","$","T","?","?","?","R","$","R","?","M","BOSS"],"items_purchased_type":["Relic","Relic","Relic","Potion"],"build_version":"2020-12-22","purchased_purges":2,"victory":false,"max_hp_per_floor":[77,77,77,77,77,77,77,77,77,77,77,77,77,77,77,77,77,77,77,77,77,77,77,77,77,77,77,77,77,77,77,77,77,77,77],"card_choices":[{"not_picked":["hexamod:InspiringFlames","hexamod:BurningTouch"],"picked":"hexamod:GhostShield","floor":2.0},{"not_picked":["hexamod:ShieldOfDarkness","hexamod:BurningTouch"],"picked":"hexamod:StepThrough","floor":4.0},{"not_picked":["hexamod:GhostShield","hexamod:Hexaguard"],"picked":"hexamod:FifthSeal","floor":8.0},{"not_picked":["hexamod:GhostLash","hexamod:Firestarter"],"picked":"hexamod:RecurringNightmare","floor":9.0},{"not_picked":["hexamod:BacktrackSmack","hexamod:BurningTouch"],"picked":"hexamod:Hexaguard","floor":11.0},{"not_picked":["hexamod:HeatMetal","hexamod:RecurringNightmare"],"picked":"hexamod:SpectersWail","floor":12.0},{"not_picked":["hexamod:SecondSeal","hexamod:ThirdSeal"],"picked":"hexamod:SixthSeal","floor":14.0},{"not_picked":["hexamod:SpectersWail","hexamod:PhantomFireball"],"picked":"hexamod:FastForward","floor":14.0},{"not_picked":["hexamod:GhostflameBarrier","hexamod:AdvancingGuard","hexamod:StepThrough"],"picked":"SKIP","floor":15.0},{"not_picked":["hexamod:FourthSeal","hexamod:SixthSeal"],"picked":"hexamod:FirstSeal","floor":16.0},{"not_picked":["hexamod:ParanormalForm","hexamod:UnlimitedPower"],"picked":"hexamod:TurnItUp","floor":16.0},{"not_picked":["hexamod:SixthSeal","hexamod:FirstSeal"],"picked":"hexamod:FourthSeal","floor":19.0},{"not_picked":["hexamod:BacktrackSmack","hexamod:InspiringFlames"],"picked":"hexamod:Hexaguard","floor":19.0},{"not_picked":["hexamod:FirstSeal","hexamod:SixthSeal"],"picked":"hexamod:SecondSeal","floor":21.0},{"not_picked":["hexamod:HeatMetal","hexamod:SwordOfDarkness+1"],"picked":"hexamod:GhostOfSpirePast+1","floor":21.0},{"not_picked":["hexamod:FourthSeal","hexamod:SecondSeal"],"picked":"hexamod:SixthSeal","floor":22.0},{"not_picked":["hexamod:HauntingEcho","hexamod:GhostLash"],"picked":"hexamod:VolcanoVisage","floor":22.0},{"not_picked":["hexamod:Incineration","hexamod:FourthSeal","hexamod:BurningTouch"],"picked":"SKIP","floor":23.0},{"not_picked":["hexamod:BacktrackSmack","hexamod:NightmareGuise"],"picked":"hexamod:InspiringFlames","floor":27},{"not_picked":["hexamod:DynamicBlow","hexamod:SecondSeal"],"picked":"hexamod:Rewind","floor":29},{"not_picked":["hexamod:NecessarySacrifice","hexamod:SpectersWail"],"picked":"hexamod:BurningTouch+1","floor":31},{"not_picked":["hexamod:SpectersWail","hexamod:GhostShield"],"picked":"hexamod:ShieldOfDarkness","floor":32}],"player_experience":146732,"relics_obtained":[{"floor":7.0,"key":"reliquary:Sideboard"},{"floor":8.0,"key":"Pondfish Scales"},{"floor":12.0,"key":"reliquary:QuartzCube"},{"floor":24.0,"key":"infinitespire:Midas Blood"}],"event_choices":[],"is_beta":false,"boss_relics":[{"not_picked":["Replay:Drink Me","bronze:MakeshiftBattery"],"picked":"reliquary:RedPaperclip"}],"items_purged_floors":[14,23],"is_endless":false,"potions_floor_spawned":[8,9,15,16,21,31,32],"killed_by":"DF_ARCHETYPE_CLAW","ascension_level":0}}