{"host":"a5lz0e76zb3fcwkm","time":1613328808,"event":{"mods":["AchievementEnabler","BaseMod","Colored Map","Colored Powertips","Minty Spire (QoL Compilation)","StSLib","SuperFastMode"],"gold_per_floor":[109,129,54,129,129,129,159,159,185,202,216,233,158,158,158,251,251,271,271,284,284,284],"floor_reached":21,"language":"KOR","playtime":335,"items_purged":["Strike_G"],"score":508,"play_id":"1feaaf33-2577-4524-bb97-a1fc4ddbf328","local_time":"20210215035328","is_ascension_mode":true,"campfire_choices":[{"data":"Crippling Poison","floor":6,"key":"SMITH"},{"data":"Bouncing Flask","floor":8,"key":"SMITH"},{"data":"Well Laid Plans","floor":15,"key":"SMITH"}],"circlet_count":0,"master_deck":["AscendersBane","Strike_G","Strike_G+1","Strike_G","Strike_G","Defend_G","Defend_G","Defend_G","Defend_G","Survivor","Neutralize+1","PiercingWail","Crippling Poison+1","Bouncing Flask+1","Backflip","Well Laid Plans+1","Corpse Explosion","Blur"],"relics":["Ring of the Snake","NeowsBlessing","FossilizedHelix","Golden Idol","Black Star"],"acts_visited":["Exordium","TheCity"],"potions_floor_usage":[16,21],"damage_taken":[{"damage":0,"enemies":"Cultist","floor":1,"turns":1},{"damage":0,"enemies":"Small Slimes","floor":2,"turns":1},{"damage":0,"enemies":"Lagavulin","floor":7,"turns":1},{"damage":0,"enemies":"2 Louse","floor":10,"turns":3},{"damage":0,"enemies":"2 Fungi Beasts","floor":11,"turns":3},{"damage":1,"enemies":"3 Louse","floor":12,"turns":3},{"damage":0,"enemies":"Hexaghost","floor":16,"turns":7},{"damage":0,"enemies":"3 Byrds","floor":18,"turns":3},{"damage":13,"enemies":"Chosen","floor":20,"turns":6},{"damage":10,"enemies":"Masked Bandits","floor":21,"turns":3}],"seed_played":"-3860221347218783949","potions_obtained":[{"floor":7,"key":"Dexterity Potion"},{"floor":12,"key":"Poison Potion"},{"floor":16,"key":"SteroidPotion"},{"floor":20,"key":"SkillPotion"}],"is_trial":false,"path_per_floor":["M","M","$","?","?","R","E","R","T","M","M","M","?","?","R","B",null,"M","?","M","?"],"character_chosen":"THE_SILENT","items_purchased":[],"campfire_rested":0,"item_purchase_floors":[],"current_hp_per_floor":[59,59,59,48,28,28,28,28,28,28,28,27,27,27,27,27,52,52,52,39,29,29],"gold":284,"neow_bonus":"THREE_ENEMY_KILL","is_daily":false,"chose_seed":false,"campfire_upgraded":3,"win_rate":0.0,"timestamp":1613328808,"path_taken":["M","?","$","?","?","R","E","R","T","M","M","M","?","?","R","BOSS","M","?","M","?"],"items_purchased_type":[],"build_version":"2020-12-22","purchased_purges":1,"victory":false,"max_hp_per_floor":[66,66,66,66,66,66,66,66,66,66,66,66,66,60,60,60,60,60,60,60,60,60],"card_choices":[{"not_picked":["Expertise","Cloak And Dagger"],"picked":"PiercingWail","floor":1},{"not_picked":["Dagger Spray","Blade Dance"],"picked":"Crippling Poison","floor":2},{"not_picked":["Dagger Spray","Escape Plan"],"picked":"Bouncing Flask","floor":7},{"not_picked":["Finisher","Tactician"],"picked":"Backflip","floor":10},{"not_picked":["Grand Finale","Slice"],"picked":"Well Laid Plans","floor":11},{"not_picked":["Bane","Dagger Spray","Blade Dance"],"picked":"SKIP","floor":12},{"not_picked":["Die Die Die","Doppelganger"],"picked":"Corpse Explosion","floor":16},{"not_picked":["Backflip","Bane","Dagger Throw"],"picked":"SKIP","floor":18},{"not_picked":["Slice","Masterful Stab+1","Expertise"],"picked":"SKIP","floor":20}],"player_experience":1895073,"relics_obtained":[{"floor":7,"key":"FossilizedHelix"}],"event_choices":[{"damage_healed":0,"gold_gain":75,"player_choice":"Gather Gold","damage_taken":11,"max_hp_gain":0,"max_hp_loss":0,"event_name":"World of Goop","floor":4,"gold_loss":0},{"damage_healed":0,"gold_gain":0,"player_choice":"Entered Light","damage_taken":20,"max_hp_gain":0,"max_hp_loss":0,"event_name":"Shining Light","floor":5,"gold_loss":0,"cards_upgraded":["Neutralize","Strike_G"]},{"cards_removed":["Defend_G"],"damage_healed":0,"gold_gain":0,"player_choice":"Card Removal","damage_taken":0,"max_hp_gain":0,"max_hp_loss":0,"event_name":"The Cleric","floor":13,"gold_loss":75},{"damage_healed":0,"gold_gain":0,"player_choice":"Lose Max HP","damage_taken":0,"relics_obtained":["Golden Idol"],"max_hp_gain":0,"max_hp_loss":6,"event_name":"Golden Idol","floor":14,"gold_loss":0},{"damage_healed":0,"gold_gain":0,"player_choice":"Read","damage_taken":0,"max_hp_gain":0,"max_hp_loss":0,"event_name":"The Library","floor":19,"gold_loss":0,"cards_obtained":["Blur"]},{"damage_healed":0,"gold_gain":0,"player_choice":"Fought Bandits","damage_taken":0,"max_hp_gain":0,"max_hp_loss":0,"event_name":"Masked Bandits","floor":21,"gold_loss":0}],"is_beta":false,"boss_relics":[{"not_picked":["Velvet Choker","Ring of the Serpent"],"picked":"Black Star"}],"items_purged_floors":[3],"is_endless":false,"potions_floor_spawned":[7,12,16,20],"killed_by":"Masked Bandits","ascension_level":20}}