{"host":"owox7x4ngjt9htcc","time":1613284129,"event":{"mods":["BaseMod","Colored Map","DeckTracker","Keyboard Shortcuts","Minty Spire (QoL Compilation)","SuperFastMode"],"gold_per_floor":[144,189,1,46,221,221,311,356,356,401,476,426,471,561,561,861,861,906,561,606,651,199,244,319,409,459,504,549,549,594,639,639,939,939,984,490,580,45,90,180,225,315,390,402,414,426,528,585,597,609],"floor_reached":51,"language":"KOR","playtime":3689,"items_purged":["BowlingBash","BowlingBash","CrushJoints"],"score":946,"play_id":"45f4b201-26a8-4326-924a-7adfae43efb9","local_time":"20210214152849","daily_mods":["Draft","Diverse","Midas"],"is_ascension_mode":false,"campfire_choices":[{"floor":6.0,"key":"REST"},{"floor":15.0,"key":"REST"},{"floor":32,"key":"REST"},{"floor":44,"key":"REST"},{"floor":46,"key":"REST"},{"data":"Leap","floor":49,"key":"PURGE"}],"circlet_count":0,"master_deck":["Go for the Eyes","Terror","Ball Lightning","Dodge and Roll","White Noise","Capacitor","Stack","Escape Plan","Dodge and Roll","Turbo","CutThroughFate","Warcry","Barrage","Escape Plan","Sweeping Beam","Undo","PathToVictory","Ball Lightning","Berserk","CurseOfTheBell","Apotheosis","Capacitor+1","Crippling Poison+1","Backflip","Storm","Turbo+1","Shrug It Off+1","Gash+1","All For One","Infinite Blades","Defragment","TalkToTheHand","Chill","Prostrate","Envenom","Gash+1","True Grit+1"],"relics":["Burning Blood","Membership Card","Red Skull","Pear","Odd Mushroom","Bottled Tornado","Calling Bell","Art of War","Matryoshka","Thread and Needle","TungstenRod","Paper Frog","Self Forming Clay","OrangePellets","Orichalcum","Centennial Puzzle","Smiling Mask","MutagenicStrength","SlaversCollar","Sling","Singing Bowl","White Beast Statue","Peace Pipe","Toxic Egg 2","StoneCalendar","DollysMirror","Omamori","Vajra","MawBank","Frozen Egg 2","WarpedTongs","Sundial"],"acts_visited":["Exordium","TheCity","TheBeyond"],"potions_floor_usage":[38,38,50,50],"damage_taken":[{"damage":8.0,"enemies":"Jaw Worm","floor":1.0,"turns":3.0},{"damage":0.0,"enemies":"Cultist","floor":2.0,"turns":3.0},{"damage":5.0,"enemies":"2 Louse","floor":4.0,"turns":3.0},{"damage":6.0,"enemies":"Lagavulin","floor":7.0,"turns":8.0},{"damage":9.0,"enemies":"Red Slaver","floor":8.0,"turns":4.0},{"damage":3.0,"enemies":"Large Slime","floor":10.0,"turns":4.0},{"damage":18.0,"enemies":"The Mushroom Lair","floor":11.0,"turns":5.0},{"damage":2.0,"enemies":"Exordium Wildlife","floor":13.0,"turns":3.0},{"damage":9.0,"enemies":"3 Sentries","floor":14.0,"turns":6.0},{"damage":31.0,"enemies":"Hexaghost","floor":16.0,"turns":8.0},{"damage":11.0,"enemies":"2 Thieves","floor":18.0,"turns":5.0},{"damage":3.0,"enemies":"3 Byrds","floor":20.0,"turns":5.0},{"damage":24.0,"enemies":"Cultist and Chosen","floor":21.0,"turns":7.0},{"damage":5.0,"enemies":"Shelled Parasite and Fungi","floor":23.0,"turns":6.0},{"damage":20,"enemies":"Book of Stabbing","floor":25,"turns":6},{"damage":0,"enemies":"Centurion and Healer","floor":27,"turns":6},{"damage":0,"enemies":"Snecko","floor":28,"turns":5},{"damage":8,"enemies":"Shelled Parasite and Fungi","floor":30,"turns":4},{"damage":5,"enemies":"Cultist and Chosen","floor":31,"turns":7},{"damage":12,"enemies":"Automaton","floor":33,"turns":8},{"damage":16,"enemies":"3 Darklings","floor":35,"turns":5},{"damage":29,"enemies":"2 Orb Walkers","floor":37,"turns":7},{"damage":2,"enemies":"Orb Walker","floor":39,"turns":5},{"damage":0,"enemies":"Giant Head","floor":40,"turns":7},{"damage":0,"enemies":"Writhing Mass","floor":41,"turns":5},{"damage":61,"enemies":"Reptomancer","floor":42,"turns":7},{"damage":8,"enemies":"Nemesis","floor":47,"turns":6},{"damage":0,"enemies":"4 Shapes","floor":48,"turns":7},{"damage":55,"enemies":"Donu and Deca","floor":50,"turns":9}],"seed_played":"-463004689936713651","potions_obtained":[{"floor":1.0,"key":"Ancient Potion"},{"floor":2.0,"key":"Weak Potion"},{"floor":11.0,"key":"ElixirPotion"},{"floor":16.0,"key":"BloodPotion"},{"floor":18.0,"key":"Weak Potion"},{"floor":21.0,"key":"BlessingOfTheForge"},{"floor":40,"key":"CultistPotion"}],"is_trial":false,"path_per_floor":["M","M","$","M","?","R","E","M","T","M","?","?","M","E","R","B",null,"M","$","M","M","$","M","?","E","T","M","M","?","M","M","R","B",null,"M","$","?","$","M","E","M","E","T","R","?","R","E","M","R","B",null],"character_chosen":"IRONCLAD","items_purchased":["Membership Card","Apotheosis","TungstenRod","Fruit Juice","FairyPotion","Paper Frog","Self Forming Clay","OrangePellets","Backflip","CultistPotion","Sling","Singing Bowl","White Beast Statue","Defragment","TalkToTheHand","Chill","Prostrate","Envenom","Toxic Egg 2","StoneCalendar","DollysMirror","True Grit+1","Fruit Juice","EssenceOfSteel"],"campfire_rested":5,"item_purchase_floors":[3,19,19,19,19,22,22,22,22,22,36,36,36,36,36,36,36,38,38,38,38,38,38,38],"current_hp_per_floor":[78,80,80,80,80,80,80,77,87,90,78,78,82,79,90,65,90,85,90,93,75,75,76,68,54,54,60,66,66,64,65,93,87,95,85,85,64,88,94,102,108,55,55,88,88,110,110,114,114,65],"gold":621,"neow_bonus":"","is_daily":true,"chose_seed":false,"campfire_upgraded":0,"win_rate":0.0,"timestamp":1613284129,"path_taken":["M","M","$","M","?","R","E","M","T","M","?","?","?","E","R","BOSS","M","$","?","M","$","M","?","E","T","?","M","?","M","M","R","BOSS","M","$","?","$","M","E","M","E","T","R","?","R","E","M","R","BOSS"],"items_purchased_type":["Relic","Card","Relic","Potion","Potion","Relic","Relic","Relic","Card","Potion","Relic","Relic","Relic","Card","Card","Card","Card","Card","Relic","Relic","Relic","Card","Potion","Potion"],"build_version":"2020-12-22","purchased_purges":3,"victory":true,"max_hp_per_floor":[80,80,80,80,80,80,80,80,90,90,90,90,90,90,90,90,90,90,95,95,95,95,95,95,95,95,95,95,95,95,95,95,95,95,95,95,97,102,104,106,108,110,110,110,110,110,112,114,114,114],"card_choices":[{"not_picked":["Recycle","Consecrate"],"picked":"Go for the Eyes","floor":0.0},{"not_picked":["Shrug It Off","Conserve Battery"],"picked":"Terror","floor":0.0},{"not_picked":["Accuracy","SashWhip"],"picked":"Ball Lightning","floor":0.0},{"not_picked":["WindmillStrike","Collect"],"picked":"Dodge and Roll","floor":0.0},{"not_picked":["Cold Snap","Calculated Gamble"],"picked":"White Noise","floor":0.0},{"not_picked":["Study","Acrobatics"],"picked":"Capacitor","floor":0.0},{"not_picked":["Stack","Halt"],"picked":"CrushJoints","floor":0.0},{"not_picked":["Redo","BattleHymn"],"picked":"Stack","floor":0.0},{"not_picked":["CrushJoints","Clash"],"picked":"Leap","floor":0.0},{"not_picked":["Slice","Stack"],"picked":"Escape Plan","floor":0.0},{"not_picked":["Clothesline","ForeignInfluence"],"picked":"Dodge and Roll","floor":0.0},{"not_picked":["Hologram","Searing Blow"],"picked":"Turbo","floor":0.0},{"not_picked":["Cloak And Dagger","Searing Blow"],"picked":"BowlingBash","floor":0.0},{"not_picked":["Havoc","Thunderclap"],"picked":"CutThroughFate","floor":0.0},{"not_picked":["SashWhip","Reflex"],"picked":"Warcry","floor":0.0},{"not_picked":["Outmaneuver","Conclude"],"picked":"BowlingBash","floor":1.0},{"not_picked":["BootSequence","BowlingBash"],"picked":"Barrage","floor":2.0},{"not_picked":["Deflect","Protect","JustLucky"],"picked":"SKIP","floor":4.0},{"not_picked":["Deflect","Protect","JustLucky"],"picked":"SKIP","floor":4.0},{"not_picked":["InnerPeace","Seek"],"picked":"Escape Plan","floor":7.0},{"not_picked":["JustLucky","Deadly Poison"],"picked":"Sweeping Beam","floor":8.0},{"not_picked":["FollowUp","Flying Knee"],"picked":"Undo","floor":10.0},{"not_picked":["Inflame","Sweeping Beam"],"picked":"PathToVictory","floor":11.0},{"not_picked":["Weave","Dagger Throw"],"picked":"Ball Lightning","floor":13.0},{"not_picked":["Body Slam","Flame Barrier","Thunderclap"],"picked":"SKIP","floor":14.0},{"not_picked":["Burst","Storm of Steel"],"picked":"Berserk","floor":16.0},{"not_picked":["Deflect","Body Slam","Rebound"],"picked":"SKIP","floor":18.0},{"not_picked":["Underhanded Strike","Heatsinks"],"picked":"Capacitor+1","floor":20.0},{"not_picked":["Caltrops","Storm"],"picked":"Crippling Poison+1","floor":21.0},{"not_picked":["Steam Power","Dodge and Roll"],"picked":"Storm","floor":23.0},{"not_picked":["Dagger Throw","Venomology","Cleave"],"picked":"SKIP","floor":25},{"not_picked":["Steam","Thunderclap"],"picked":"Turbo+1","floor":27},{"not_picked":["SignatureMove+1","Doom and Gloom"],"picked":"Shrug It Off+1","floor":28},{"not_picked":["Quick Slash","Warcry+1","Clash"],"picked":"SKIP","floor":30},{"not_picked":["Ball Lightning","Fire Breathing"],"picked":"Gash+1","floor":31},{"not_picked":["Burst","Grand Finale"],"picked":"All For One","floor":33},{"not_picked":["Steam+1","Perfected Strike"],"picked":"Infinite Blades","floor":35},{"not_picked":["EmptyMind+1","Infernal Blade+1","Iron Wave"],"picked":"Singing Bowl","floor":37},{"not_picked":["JustLucky+1","Capacitor+1","Prepared+1"],"picked":"Singing Bowl","floor":39},{"not_picked":["BowlingBash+1","SandsOfTime+1","Eviscerate"],"picked":"Singing Bowl","floor":40},{"not_picked":["FollowUp+1","Sword Boomerang+1","Rampage+1"],"picked":"Singing Bowl","floor":41},{"not_picked":["Crescendo+1","Second Wind+1","Establishment"],"picked":"Singing Bowl","floor":42},{"not_picked":["Undo+1","Nirvana+1","PiercingWail+1"],"picked":"Singing Bowl","floor":47},{"not_picked":["Rage+1","ThirdEye+1","Bane"],"picked":"Singing Bowl","floor":48}],"player_experience":927093,"relics_obtained":[{"floor":7.0,"key":"Red Skull"},{"floor":9.0,"key":"Pear"},{"floor":11.0,"key":"Odd Mushroom"},{"floor":14.0,"key":"Bottled Tornado"},{"floor":17.0,"key":"Art of War"},{"floor":17.0,"key":"Matryoshka"},{"floor":17.0,"key":"Thread and Needle"},{"floor":25,"key":"Orichalcum"},{"floor":26,"key":"Centennial Puzzle"},{"floor":26,"key":"Smiling Mask"},{"floor":37,"key":"Peace Pipe"},{"floor":40,"key":"Omamori"},{"floor":42,"key":"Vajra"},{"floor":43,"key":"MawBank"},{"floor":43,"key":"Frozen Egg 2"},{"floor":47,"key":"Sundial"}],"event_choices":[{"damage_healed":0.0,"max_hp_gain":0.0,"max_hp_loss":0.0,"gold_gain":175.0,"event_name":"Liars Game","player_choice":"AGREE","floor":5.0,"gold_loss":0.0,"damage_taken":0.0,"cards_obtained":["Doubt"]},{"damage_healed":0.0,"max_hp_gain":0.0,"max_hp_loss":0.0,"gold_gain":0.0,"event_name":"Mushrooms","player_choice":"Fought Mushrooms","floor":11.0,"gold_loss":0.0,"damage_taken":0.0},{"cards_removed":["Doubt"],"damage_healed":0.0,"max_hp_gain":0.0,"max_hp_loss":0.0,"gold_gain":0.0,"event_name":"The Cleric","player_choice":"Card Removal","floor":12.0,"gold_loss":50.0,"damage_taken":0.0},{"damage_healed":0,"gold_gain":75,"player_choice":"Touch","damage_taken":9,"max_hp_gain":0,"max_hp_loss":0,"event_name":"FaceTrader","floor":24,"gold_loss":0},{"damage_healed":0,"gold_gain":0,"player_choice":"Inject Mutagens","damage_taken":0,"relics_obtained":["MutagenicStrength"],"max_hp_gain":0,"max_hp_loss":0,"event_name":"Drug Dealer","floor":29,"gold_loss":0},{"damage_healed":0,"gold_gain":0,"player_choice":"Fight","damage_taken":0,"max_hp_gain":0,"max_hp_loss":0,"event_name":"Mysterious Sphere","floor":37,"gold_loss":0},{"damage_healed":0,"gold_gain":0,"player_choice":"Rummage","damage_taken":0,"relics_obtained":["WarpedTongs"],"max_hp_gain":0,"max_hp_loss":0,"event_name":"Accursed Blacksmith","floor":45,"gold_loss":0,"cards_obtained":["Pain"]}],"is_beta":false,"boss_relics":[{"not_picked":["Empty Cage","Philosopher\u0027s Stone"],"picked":"Calling Bell"},{"not_picked":["Velvet Choker","Runic Pyramid"],"picked":"SlaversCollar"}],"items_purged_floors":[3,22,36],"is_endless":false,"potions_floor_spawned":[1,2,11,14,16,18,21,30,31,33,37,39,40,41,42,47,48],"ascension_level":0}}