{"host":"p7cjtxxrilhp4dw7","time":1613337216,"event":{"mods":["BaseMod","Block Reminder","Colored Map","Curses Come First","Highlight Path","Minty Spire (QoL Compilation)","Replay The Spire","StSLib"],"gold_per_floor":[115,115,115,28,28,28,54,54,78,112,126,41,41,56,56,156,156,136,136,147,247,267,300,300,331,331,344,344,344,364,31,31,130,130,140,190,190,209,287,215,215,234,234,272,284,310,76,93,93,93],"floor_reached":51,"language":"ENG","playtime":8334,"items_purged":["Writhe","Parasite"],"score":1292,"play_id":"bb0ab159-33de-47ba-b4c1-5e19b32a04d3","local_time":"20210214141336","is_ascension_mode":true,"campfire_choices":[{"floor":6,"key":"REST"},{"floor":8,"key":"REST"},{"data":"Eruption","floor":13,"key":"SMITH"},{"data":"Replay:DivineShield","floor":15,"key":"SMITH"},{"floor":24,"key":"REST"},{"data":"SashWhip","floor":29,"key":"SMITH"},{"data":"CrushJoints","floor":32,"key":"SMITH"},{"data":"MasterReality","floor":45,"key":"SMITH"},{"data":"Panacea","floor":49,"key":"SMITH"}],"circlet_count":0,"master_deck":["AscendersBane","Strike_P+1","Strike_P+1","Strike_P+1","Defend_P+1","Defend_P+1","Eruption+1","Vigilance","Replay:DivineShield+1","ForeignInfluence+1","Steam","Consecrate","EmptyMind","DeceiveReality","Panacea+1","FearNoEvil+1","Replay:AllIn","ReachHeaven","CrushJoints+1","SashWhip+1","FollowUp","Conclude+1","Perseverance+1","Evaluate+1","MasterReality+1","EmptyFist","CarveReality"],"relics":["PureWater","Replay:Bottled Eggs","Replay:Baseball","Pantograph","Black Star","ReplayTheSpireMod:TigerMarble","Dead Branch","Ancient Tea Set","Replay:Wax Seal","Matryoshka","Strawberry","Pear","Cursed Key","Replay:Multitool","Lantern","Bottled Flame","Pen Nib","ReplayTheSpireMod:Shallot","Orichalcum","MawBank","Yang","Gremlin Food","Nunchaku"],"acts_visited":["Exordium","TheCity","TheBeyond"],"potions_floor_usage":[7,7,7,10,23,27,33,33,33,40,50],"damage_taken":[{"damage":9,"enemies":"Cultist","floor":1,"turns":4},{"damage":0,"enemies":"Small Slimes","floor":4,"turns":4},{"damage":23,"enemies":"Lagavulin","floor":7,"turns":3},{"damage":0,"enemies":"3 Sentries","floor":10,"turns":1},{"damage":0,"enemies":"2 Louse","floor":11,"turns":1},{"damage":0,"enemies":"Large Slime","floor":14,"turns":3},{"damage":6,"enemies":"The Guardian","floor":16,"turns":11},{"damage":8,"enemies":"2 Thieves","floor":18,"turns":4},{"damage":2,"enemies":"3 Byrds","floor":20,"turns":5},{"damage":3,"enemies":"Cultist and Chosen","floor":22,"turns":6},{"damage":18,"enemies":"Book of Stabbing","floor":23,"turns":5},{"damage":0,"enemies":"Replay:Snechameleon","floor":25,"turns":4},{"damage":1,"enemies":"Snake Plant","floor":27,"turns":2},{"damage":0,"enemies":"Centurion and Healer","floor":30,"turns":3},{"damage":7,"enemies":"Automaton","floor":33,"turns":10},{"damage":7,"enemies":"Orb Walker","floor":35,"turns":4},{"damage":0,"enemies":"Mind Bloom Boss Battle","floor":36,"turns":6},{"damage":1,"enemies":"3 Darklings","floor":38,"turns":5},{"damage":26,"enemies":"Giant Head","floor":40,"turns":8},{"damage":14,"enemies":"Jaw Worm Horde","floor":42,"turns":4},{"damage":0,"enemies":"Reptomancer","floor":44,"turns":5},{"damage":0,"enemies":"Transient","floor":46,"turns":5},{"damage":11,"enemies":"Sphere and 2 Shapes","floor":48,"turns":3},{"damage":15,"enemies":"Awakened One","floor":50,"turns":11}],"seed_played":"-3053690095976349219","potions_obtained":[{"floor":1,"key":"EntropicBrew"},{"floor":4,"key":"SteroidPotion"},{"floor":10,"key":"Elixir"},{"floor":22,"key":"Fire Potion"},{"floor":25,"key":"BottledMiracle"},{"floor":27,"key":"Block Potion"},{"floor":33,"key":"BlessingOfTheForge"},{"floor":42,"key":"SteroidPotion"},{"floor":44,"key":"Adrenaline Potion"},{"floor":46,"key":"Fire Potion"}],"is_trial":false,"path_per_floor":["M","?","?","M","?","R","E","R","T","E","M","$","R","M","R","B",null,"M","?","M","?","M","E","R","E","T","M","?","R","M","$","R","B",null,"M","?","?","M","T","E","R","M","T","E","R","M","$","M","R","B",null],"character_chosen":"WATCHER","items_purchased":["Panacea","Pear","Nunchaku"],"campfire_rested":3,"item_purchase_floors":[12,31,47],"current_hp_per_floor":[70,53,53,53,53,78,55,80,80,80,80,80,80,80,80,80,85,77,77,75,75,72,54,79,79,79,78,85,85,85,95,95,96,101,94,103,103,102,102,76,103,89,89,89,89,89,89,78,78,85],"gold":93,"neow_bonus":"TWENTY_PERCENT_HP_BONUS","is_daily":false,"chose_seed":false,"campfire_upgraded":6,"win_rate":0.0,"timestamp":1613337216,"path_taken":["M","?","?","M","?","R","E","R","T","E","M","$","R","M","R","BOSS","M","?","M","?","?","E","R","E","T","M","?","R","M","$","R","BOSS","M","?","?","M","?","E","R","M","T","E","R","M","$","M","R","BOSS"],"items_purchased_type":["Card","Relic","Relic"],"build_version":"2020-12-22","purchased_purges":2,"victory":true,"max_hp_per_floor":[86,86,86,86,86,86,86,86,86,86,86,86,86,86,86,86,86,86,86,86,86,86,86,86,86,86,86,93,93,93,103,103,103,103,103,103,103,103,103,103,103,103,103,103,103,103,100,100,100,100],"card_choices":[{"not_picked":["FlyingSleeves","CrushJoints"],"picked":"Replay:DivineShield","floor":1},{"not_picked":["Nirvana","FlurryOfBlows"],"picked":"Consecrate","floor":4},{"not_picked":["SandsOfTime","Consecrate"],"picked":"EmptyMind","floor":7},{"not_picked":["CrushJoints","Crescendo"],"picked":"DeceiveReality","floor":10},{"not_picked":["FlurryOfBlows","Collect","Indignation"],"picked":"SKIP","floor":11},{"not_picked":["FlurryOfBlows","Replay:Cycle"],"picked":"FearNoEvil","floor":14},{"not_picked":["Omniscience","Blasphemy"],"picked":"Replay:AllIn","floor":16},{"not_picked":["Replay:AtTheReady","CutThroughFate"],"picked":"ReachHeaven","floor":18},{"not_picked":["Prostrate","Collect"],"picked":"CrushJoints","floor":20},{"not_picked":["SandsOfTime","ThirdEye"],"picked":"SashWhip","floor":22},{"not_picked":["CrushJoints+1","Replay:DivineShield"],"picked":"FollowUp","floor":23},{"not_picked":["SignatureMove","Evaluate"],"picked":"Conclude+1","floor":25},{"not_picked":["MentalFortress","Replay:Battleflow"],"picked":"Perseverance+1","floor":27},{"not_picked":["CutThroughFate","Replay:ManipulateFuture","Crescendo+1"],"picked":"SKIP","floor":30},{"not_picked":["FollowUp+1","WaveOfTheHand+1","FlurryOfBlows"],"picked":"SKIP","floor":35},{"not_picked":["Replay:AtTheReady","Perseverance"],"picked":"Evaluate+1","floor":36},{"not_picked":["Evaluate","Replay:ManipulateFuture","Crescendo+1"],"picked":"SKIP","floor":38},{"not_picked":["BowlingBash+1","EmptyFist+1"],"picked":"MasterReality","floor":40},{"not_picked":["Wallop","Crescendo","SandsOfTime+1"],"picked":"SKIP","floor":42},{"not_picked":["Alpha","Consecrate+1","SignatureMove"],"picked":"SKIP","floor":44},{"not_picked":["Replay:ManipulateFuture","ThirdEye+1"],"picked":"EmptyFist","floor":46},{"not_picked":["Protect+1","Sanctity"],"picked":"CarveReality","floor":48}],"player_experience":651754,"relics_obtained":[{"floor":7,"key":"Replay:Bottled Eggs"},{"floor":9,"key":"Replay:Baseball"},{"floor":10,"key":"Pantograph"},{"floor":23,"key":"ReplayTheSpireMod:TigerMarble"},{"floor":23,"key":"Dead Branch"},{"floor":25,"key":"Ancient Tea Set"},{"floor":25,"key":"Replay:Wax Seal"},{"floor":26,"key":"Matryoshka"},{"floor":36,"key":"Replay:Multitool"},{"floor":39,"key":"Lantern"},{"floor":39,"key":"Bottled Flame"},{"floor":40,"key":"Pen Nib"},{"floor":40,"key":"ReplayTheSpireMod:Shallot"},{"floor":43,"key":"Orichalcum"},{"floor":43,"key":"MawBank"},{"floor":44,"key":"Yang"},{"floor":44,"key":"Gremlin Food"}],"event_choices":[{"damage_healed":0,"gold_gain":0,"player_choice":"Entered Light","damage_taken":17,"max_hp_gain":0,"max_hp_loss":0,"event_name":"Shining Light","floor":2,"gold_loss":0,"cards_upgraded":["Strike_P","Strike_P"]},{"damage_healed":0,"gold_gain":0,"player_choice":"Simplicity","damage_taken":0,"max_hp_gain":0,"max_hp_loss":0,"event_name":"Back to Basics","floor":19,"gold_loss":0,"cards_upgraded":["Strike_P","Defend_P","Defend_P"]},{"damage_healed":0,"gold_gain":100,"player_choice":"Pray","damage_taken":0,"max_hp_gain":0,"max_hp_loss":0,"event_name":"Golden Shrine","floor":21,"gold_loss":0},{"damage_healed":0,"gold_gain":0,"player_choice":"Opened","damage_taken":0,"relics_obtained":["Strawberry"],"max_hp_gain":0,"max_hp_loss":0,"event_name":"The Mausoleum","floor":28,"gold_loss":0,"cards_obtained":["Writhe"]},{"damage_healed":0,"gold_gain":0,"player_choice":"Fight","damage_taken":0,"max_hp_gain":0,"max_hp_loss":0,"event_name":"MindBloom","floor":36,"gold_loss":0}],"is_beta":false,"boss_relics":[{"not_picked":["Philosopher\u0027s Stone","Astrolabe"],"picked":"Black Star"},{"not_picked":["Painkiller Herb","Replay:Ancient Bell"],"picked":"Cursed Key"}],"items_purged_floors":[31,47],"is_endless":false,"potions_floor_spawned":[1,4,10,22,25,27,30,33,42,44,46],"ascension_level":10}}