{"host":"0fd22hpf43j6tvvm","time":1613326257,"event":{"mods":["AchievementEnabler","BaseMod","Colored Map","Minty Spire (QoL Compilation)","Relic Stats"],"gold_per_floor":[109,109,124,124,142,172,172,172,195,212,212,225,225,253,253,329,329,345,260,260,350,52,80,97,97,97,113,142,162,162,162],"floor_reached":30,"language":"ENG","playtime":1465,"items_purged":[],"score":662,"play_id":"0effc5f8-345c-4c9a-bb72-82a426c180fc","local_time":"20210214131057","is_ascension_mode":true,"campfire_choices":[{"data":"Eruption","floor":7.0,"key":"SMITH"},{"data":"Protect","floor":11.0,"key":"SMITH"},{"floor":13.0,"key":"REST"},{"data":"CrushJoints","floor":15.0,"key":"SMITH"},{"data":"ThirdEye","floor":25.0,"key":"SMITH"}],"circlet_count":0,"master_deck":["AscendersBane","Strike_P","Strike_P","Defend_P","Defend_P","Eruption+1","Vigilance+1","Establishment+1","Brilliance+1","Adaptation+1","Prostrate","Vengeance","BowlingBash+1","Protect+1","FlurryOfBlows","CrushJoints+1","CarveReality","Wireheading+1","Devotion+1","Evaluate","ThirdEye+1","EmptyBody","Shame","Prostrate","LikeWater+1","LikeWater+1"],"relics":["Astrolabe","Vajra","Frozen Egg 2","Bronze Scales","Happy Flower","Cursed Key","MealTicket","Anchor","Oddly Smooth Stone","Sundial","Yang","Art of War"],"acts_visited":["Exordium","TheCity"],"potions_floor_usage":[],"damage_taken":[{"damage":12.0,"enemies":"Jaw Worm","floor":1.0,"turns":3.0},{"damage":10.0,"enemies":"2 Louse","floor":3.0,"turns":3.0},{"damage":0.0,"enemies":"Small Slimes","floor":5.0,"turns":3.0},{"damage":0.0,"enemies":"Lagavulin","floor":6.0,"turns":4.0},{"damage":0.0,"enemies":"3 Louse","floor":10.0,"turns":2.0},{"damage":0.0,"enemies":"Large Slime","floor":12.0,"turns":2.0},{"damage":5.0,"enemies":"3 Sentries","floor":14.0,"turns":4.0},{"damage":0.0,"enemies":"Slime Boss","floor":16.0,"turns":4.0},{"damage":12.0,"enemies":"Chosen","floor":18.0,"turns":4.0},{"damage":0.0,"enemies":"Gremlin Leader","floor":23.0,"turns":4.0},{"damage":0.0,"enemies":"Spheric Guardian","floor":24.0,"turns":3.0},{"damage":10.0,"enemies":"Shelled Parasite and Fungi","floor":27.0,"turns":4.0},{"damage":7.0,"enemies":"Book of Stabbing","floor":28.0,"turns":4.0},{"damage":2.0,"enemies":"Sentry and Sphere","floor":29.0,"turns":4.0},{"damage":12,"enemies":"Gremlin Leader","floor":30,"turns":1}],"seed_played":"1473410399375572414","potions_obtained":[{"floor":3.0,"key":"SteroidPotion"},{"floor":5.0,"key":"Dexterity Potion"}],"is_trial":false,"path_per_floor":["M","?","M","?","M","E","R","?","T","M","R","M","R","E","R","B",null,"M","?","?","?","$","E","M","R","T","M","E","M","E"],"character_chosen":"WATCHER","items_purchased":["Anchor","Oddly Smooth Stone"],"campfire_rested":1,"item_purchase_floors":[22,22],"current_hp_per_floor":[49,49,39,28,28,28,28,8,8,8,8,8,28,23,23,23,57,45,45,26,14,29,29,29,29,29,19,12,10,0,0],"gold":162,"neow_bonus":"BOSS_RELIC","is_daily":false,"chose_seed":false,"campfire_upgraded":4,"win_rate":0.0,"timestamp":1613326257,"path_taken":["M","?","M","?","M","E","R","?","T","M","R","M","R","E","R","BOSS","M","?","?","?","$","E","M","R","T","?","E","M","E"],"items_purchased_type":["Relic","Relic"],"build_version":"2020-12-22","purchased_purges":0,"victory":false,"max_hp_per_floor":[68,68,68,68,68,68,68,68,68,68,68,68,68,68,68,68,68,68,68,73,73,73,73,73,73,73,73,73,73,73,73],"relic_stats":{"Happy Flower":[9],"counters":[15,49],"Sundial":[2],"Astrolabe":["Establishment","Brilliance","Adaptation"],"Bronze Scales":[66],"MealTicket":15,"Yang":[30],"Art of War":[1],"Cursed Key":1,"obtain_stats":[{"Happy Flower":14,"Astrolabe":0,"Vajra":4,"Oddly Smooth Stone":22,"Yang":26,"Frozen Egg 2":6,"Cursed Key":17,"Anchor":22,"Sundial":23,"Bronze Scales":9,"MealTicket":19,"Art of War":28,"PureWater":0},{"Happy Flower":7,"Astrolabe":0,"Vajra":2,"Oddly Smooth Stone":9,"Yang":11,"Frozen Egg 2":4,"Cursed Key":8,"Anchor":9,"Sundial":10,"Bronze Scales":4,"MealTicket":9,"Art of War":13,"PureWater":0},{"Happy Flower":21,"Astrolabe":0,"Vajra":6,"Oddly Smooth Stone":29,"Yang":36,"Frozen Egg 2":13,"Cursed Key":25,"Anchor":29,"Sundial":33,"Bronze Scales":13,"MealTicket":29,"Art of War":44,"PureWater":0}]},"card_choices":[{"not_picked":["EmptyBody","BattleHymn"],"picked":"Prostrate","floor":1.0},{"not_picked":["Prostrate","Weave"],"picked":"BowlingBash","floor":3.0},{"not_picked":["CarveReality","WindmillStrike"],"picked":"Protect","floor":5.0},{"not_picked":["WreathOfFlame","Halt"],"picked":"FlurryOfBlows","floor":6.0},{"not_picked":["Crescendo","Indignation"],"picked":"CrushJoints","floor":10.0},{"not_picked":["Vengeance","BowlingBash"],"picked":"CarveReality","floor":12.0},{"not_picked":["Omniscience","Swivel"],"picked":"Wireheading+1","floor":14.0},{"not_picked":["Establishment+1","Omniscience"],"picked":"Devotion+1","floor":16.0},{"not_picked":["FollowUp","EmptyFist"],"picked":"Evaluate","floor":18.0},{"not_picked":["ClearTheMind","CutThroughFate"],"picked":"ThirdEye","floor":23.0},{"not_picked":["WaveOfTheHand","Consecrate"],"picked":"EmptyBody","floor":24.0},{"not_picked":["ThirdEye","EmptyBody"],"picked":"Prostrate","floor":27.0},{"not_picked":["InnerPeace","BowlingBash"],"picked":"LikeWater+1","floor":28.0},{"not_picked":["PathToVictory","CutThroughFate"],"picked":"LikeWater+1","floor":29.0}],"player_experience":562864,"relics_obtained":[{"floor":6.0,"key":"Frozen Egg 2"},{"floor":9.0,"key":"Bronze Scales"},{"floor":14.0,"key":"Happy Flower"},{"floor":23.0,"key":"Sundial"},{"floor":26.0,"key":"Yang"},{"floor":28.0,"key":"Art of War"}],"event_choices":[{"damage_healed":0.0,"max_hp_gain":0.0,"max_hp_loss":0.0,"gold_gain":0.0,"cards_transformed":["Strike_P"],"event_name":"Living Wall","player_choice":"Change","floor":2.0,"gold_loss":0.0,"damage_taken":0.0,"cards_obtained":["Vengeance"]},{"damage_healed":0.0,"max_hp_gain":0.0,"max_hp_loss":0.0,"gold_gain":0.0,"event_name":"Scrap Ooze","player_choice":"Success","floor":4.0,"gold_loss":0.0,"damage_taken":11.0,"relics_obtained":["Vajra"]},{"damage_healed":0.0,"max_hp_gain":0.0,"max_hp_loss":0.0,"gold_gain":0.0,"event_name":"Shining Light","player_choice":"Entered Light","floor":8.0,"gold_loss":0.0,"damage_taken":20.0,"cards_upgraded":["Vigilance","BowlingBash"]},{"damage_healed":0.0,"max_hp_gain":0.0,"max_hp_loss":0.0,"gold_gain":0.0,"event_name":"Addict","player_choice":"Obtained Relic","floor":19.0,"gold_loss":85.0,"damage_taken":0.0,"relics_obtained":["MealTicket"]},{"damage_healed":0.0,"max_hp_gain":5.0,"max_hp_loss":0.0,"gold_gain":0.0,"event_name":"Forgotten Altar","player_choice":"Shed Blood","floor":20.0,"gold_loss":0.0,"damage_taken":24.0},{"damage_healed":0.0,"max_hp_gain":0.0,"max_hp_loss":0.0,"gold_gain":90.0,"event_name":"Knowing Skull","player_choice":"GOLD ","floor":21.0,"potions_obtained":[],"gold_loss":0.0,"damage_taken":12.0,"cards_obtained":[]}],"is_beta":false,"boss_relics":[{"not_picked":["Velvet Choker","Snecko Eye"],"picked":"Cursed Key"}],"items_purged_floors":[],"is_endless":false,"potions_floor_spawned":[3,5,14,16,24],"killed_by":"Gremlin Leader","ascension_level":15}}