{"host":"67z713vnjolu4670","time":1613298188,"event":{"mods":["Act Like it!","Arknights","BaseMod","BetterRewards","Colored Map","Colored Powertips","Downfall","Gensokyo","Minty Spire (QoL Compilation)","Quick Restart","Rare Cards Sparkle","Replay The Spire","StSLib","The Jungle","[IsaacMod]ÒÔÈö¼âËþ"],"gold_per_floor":[112,130,148,148,160,160,160],"floor_reached":6,"language":"ZHS","playtime":859,"items_purged":[],"score":38,"play_id":"729f243d-330e-4d95-89b8-883fc5edf47b","local_time":"20210214182308","is_ascension_mode":false,"campfire_choices":[],"circlet_count":0,"master_deck":["ats:Strike C","ats:Strike S","ats:Strike V","ats:Armor Crushing Shot","ats:Defend","ats:Defend","ats:Defend","ats:Defend","ats:Emotion Absorption","ats:Thorns","ats:Phantom","ats:Chain Hook","ats:Flexible Camouflage"],"relics":["ats:Sanity","HushsDoor","DoctorsRemote"],"acts_visited":["Exordium"],"potions_floor_usage":[],"damage_taken":[{"damage":12.0,"enemies":"Small Slimes","floor":1.0,"turns":4.0},{"damage":12.0,"enemies":"Jaw Worm","floor":2.0,"turns":6.0},{"damage":3.0,"enemies":"Cultist","floor":3.0,"turns":5.0},{"damage":15,"enemies":"3 Louse","floor":5,"turns":3},{"damage":32,"enemies":"Lagavulin","floor":6,"turns":8}],"seed_played":"-8685546107781833882","potions_obtained":[{"floor":1.0,"key":"Explosive Potion"},{"floor":5,"key":"Dexterity Potion"}],"is_trial":false,"path_per_floor":["M","M","M","?","M","E"],"character_chosen":"DOCTOR_CLASS","items_purchased":[],"campfire_rested":0,"item_purchase_floors":[],"current_hp_per_floor":[67,55,52,52,37,5,5],"gold":160,"neow_bonus":"TEN_PERCENT_HP_BONUS","is_daily":false,"chose_seed":false,"campfire_upgraded":0,"win_rate":0.0,"timestamp":1613298188,"path_taken":["M","M","M","?","M","E"],"items_purchased_type":[],"build_version":"2020-12-22","purchased_purges":0,"victory":false,"max_hp_per_floor":[79,79,79,79,79,79,79],"card_choices":[{"not_picked":[],"picked":"ChaosCard","floor":0.0},{"not_picked":["ats:Revitalization","ats:Ignite"],"picked":"ats:Thorns","floor":1.0},{"not_picked":["ats:Ignite","ats:Chain Hook"],"picked":"ats:Phantom","floor":2.0},{"not_picked":["ats:Overload","ats:Sword Rain"],"picked":"ats:Chain Hook","floor":3.0},{"not_picked":["ats:Cat Scratch","ats:Demon Strength"],"picked":"ats:Flexible Camouflage","floor":5}],"player_experience":11913,"relics_obtained":[],"event_choices":[{"cards_removed":["ats:Strike G"],"damage_healed":0.0,"max_hp_gain":0.0,"max_hp_loss":0.0,"gold_gain":0.0,"event_name":"Living Wall","player_choice":"Forget","floor":4.0,"gold_loss":0.0,"damage_taken":0.0}],"is_beta":false,"boss_relics":[],"items_purged_floors":[],"is_endless":false,"potions_floor_spawned":[1,5],"killed_by":"Lagavulin","ascension_level":0}}