{"host":"pbf6u3tyx46snqc7","time":1613333015,"event":{"mods":["AchievementEnabler","BaseMod","Colored Map","Minty Spire (QoL Compilation)","Rare Cards Sparkle","SuperFastMode"],"gold_per_floor":[368,0,16,16,33,33,33,33,33,45,45,59,59,88,88,189,189,203,213,213,40,139,139,171,171,248,276,276,201,201,201,201,305,305,315,330,330,348,248,248,123,123,123,123,123,135,148,148,148,148],"floor_reached":51,"language":"KOR","playtime":1139,"items_purged":["Strike_R","Power Through","Defend_R"],"score":1134,"play_id":"4cca812c-ca84-4874-b2dd-755050a0cf7e","local_time":"20210215050335","is_ascension_mode":true,"campfire_choices":[{"data":"Searing Blow+1","floor":6.0,"key":"SMITH"},{"data":"Searing Blow+2","floor":8.0,"key":"SMITH"},{"data":"Searing Blow+3","floor":13.0,"key":"SMITH"},{"data":"Searing Blow+4","floor":15.0,"key":"SMITH"},{"data":"Searing Blow+5","floor":23.0,"key":"SMITH"},{"data":"Searing Blow+6","floor":25.0,"key":"SMITH"},{"data":"Searing Blow+7","floor":32.0,"key":"SMITH"},{"data":"Searing Blow+8","floor":40,"key":"SMITH"},{"data":"Searing Blow+9","floor":42,"key":"SMITH"},{"data":"Searing Blow+10","floor":49,"key":"SMITH"}],"circlet_count":0,"master_deck":["AscendersBane","Defend_R","Bash","Shrug It Off","Searing Blow+11","Pommel Strike+1","Impervious","Flash of Steel+1","Pummel+1"],"relics":["Burning Blood","Molten Egg 2","Gremlin Horn","Turnip","Sozu","StoneCalendar","Letter Opener","Dream Catcher","Runic Pyramid","Question Card"],"acts_visited":["Exordium","TheCity","TheBeyond"],"potions_floor_usage":[48],"damage_taken":[{"damage":1.0,"enemies":"Cultist","floor":1.0,"turns":3.0},{"damage":13.0,"enemies":"Small Slimes","floor":3.0,"turns":5.0},{"damage":2.0,"enemies":"2 Louse","floor":5.0,"turns":3.0},{"damage":0.0,"enemies":"2 Fungi Beasts","floor":10.0,"turns":3.0},{"damage":4.0,"enemies":"3 Louse","floor":12.0,"turns":4.0},{"damage":7.0,"enemies":"3 Sentries","floor":14.0,"turns":4.0},{"damage":48.0,"enemies":"Slime Boss","floor":16.0,"turns":12.0},{"damage":21.0,"enemies":"Shell Parasite","floor":18.0,"turns":4.0},{"damage":1.0,"enemies":"Spheric Guardian","floor":19.0,"turns":3.0},{"damage":25.0,"enemies":"Book of Stabbing","floor":24.0,"turns":4.0},{"damage":10.0,"enemies":"Gremlin Leader","floor":27.0,"turns":5.0},{"damage":26,"enemies":"Champ","floor":33,"turns":5},{"damage":0,"enemies":"3 Shapes","floor":35,"turns":2},{"damage":1,"enemies":"Orb Walker","floor":36,"turns":2},{"damage":0,"enemies":"Transient","floor":38,"turns":5},{"damage":0,"enemies":"3 Darklings","floor":46,"turns":2},{"damage":0,"enemies":"Maw","floor":47,"turns":4},{"damage":0,"enemies":"Jaw Worm Horde","floor":48,"turns":1},{"damage":38,"enemies":"Time Eater","floor":50,"turns":4}],"seed_played":"-2504468396987457353","potions_obtained":[{"floor":5.0,"key":"SmokeBomb"},{"floor":10.0,"key":"Explosive Potion"},{"floor":14.0,"key":"Weak Potion"},{"floor":16.0,"key":"SneckoOil"}],"is_trial":false,"path_per_floor":["M","$","M","?","M","R","$","R","T","M","?","M","R","E","R","B",null,"M","M","?","$","?","R","E","R","T","E","?","?","?","?","R","B",null,"M","M","?","M","$","R","$","R","T","?","?","M","M","M","R","B",null],"character_chosen":"IRONCLAD","items_purchased":["Molten Egg 2","Shrug It Off","Power Through","Flash of Steel+1"],"campfire_rested":0,"item_purchase_floors":[2,2,2,21],"current_hp_per_floor":[72,72,65,58,62,62,62,62,62,68,68,70,70,69,69,27,61,46,51,51,51,51,51,32,32,32,28,28,28,28,28,28,8,56,62,67,67,72,72,72,72,72,72,72,72,72,72,72,72,40],"gold":148,"neow_bonus":"TWO_FIFTY_GOLD","is_daily":false,"chose_seed":false,"campfire_upgraded":10,"win_rate":0.0,"timestamp":1613333015,"path_taken":["M","$","?","?","M","R","$","R","T","M","?","M","R","E","R","BOSS","M","M","?","$","?","R","E","R","T","E","?","?","?","?","R","BOSS","M","?","?","M","$","R","?","R","T","?","?","M","M","M","R","BOSS"],"items_purchased_type":["Relic","Card","Card","Card"],"build_version":"2020-12-22","purchased_purges":3,"victory":true,"max_hp_per_floor":[72,72,72,72,72,72,72,72,72,72,72,72,72,72,72,72,72,72,72,72,72,72,72,72,72,72,72,72,72,72,72,72,72,72,72,72,72,72,72,72,72,72,72,72,72,72,72,72,72,72],"card_choices":[{"not_picked":["Headbutt","Pommel Strike","Wild Strike"],"picked":"SKIP","floor":1.0},{"not_picked":["Infernal Blade","Flex"],"picked":"Searing Blow+1","floor":3.0},{"not_picked":["Clash+1","Intimidate"],"picked":"Pommel Strike+1","floor":5.0},{"not_picked":["Dark Embrace","Spot Weakness","Havoc"],"picked":"SKIP","floor":10.0},{"not_picked":["Heavy Blade+1","Clash+1","Anger+1"],"picked":"SKIP","floor":12.0},{"not_picked":["Havoc","Disarm","Limit Break"],"picked":"SKIP","floor":14.0},{"not_picked":["Headbutt+1","Havoc","Twin Strike+1"],"picked":"SKIP","floor":18.0},{"not_picked":["Disarm","Wild Strike+1"],"picked":"Impervious","floor":19.0},{"not_picked":["Havoc+1","Cleave+1","Pommel Strike+1"],"picked":"SKIP","floor":24.0},{"not_picked":["Bloodletting","Flex","Juggernaut"],"picked":"SKIP","floor":27.0},{"not_picked":["Uppercut+1","Reckless Charge+1","Shockwave+1"],"picked":"SKIP","floor":35},{"not_picked":["Dual Wield","Havoc","Perfected Strike+1"],"picked":"SKIP","floor":36},{"not_picked":["Headbutt+1","Blood for Blood+1","Havoc+1"],"picked":"SKIP","floor":38},{"not_picked":["Clash+1","True Grit+1","Perfected Strike+1","Clothesline+1"],"picked":"SKIP","floor":46},{"not_picked":["Hemokinesis+1","Thunderclap+1","Sentinel","Clothesline+1"],"picked":"SKIP","floor":47}],"player_experience":427774,"relics_obtained":[{"floor":9.0,"key":"Gremlin Horn"},{"floor":14.0,"key":"Turnip"},{"floor":24.0,"key":"StoneCalendar"},{"floor":26.0,"key":"Letter Opener"},{"floor":27.0,"key":"Dream Catcher"},{"floor":43,"key":"Question Card"}],"event_choices":[{"cards_removed":["Strike_R"],"damage_healed":0.0,"max_hp_gain":0.0,"max_hp_loss":0.0,"gold_gain":0.0,"event_name":"Golden Wing","player_choice":"Card Removal","floor":4.0,"gold_loss":0.0,"damage_taken":7.0},{"cards_removed":["Strike_R"],"damage_healed":0.0,"max_hp_gain":0.0,"max_hp_loss":0.0,"gold_gain":0.0,"event_name":"Living Wall","player_choice":"Forget","floor":11.0,"gold_loss":0.0,"damage_taken":0.0},{"damage_healed":0.0,"max_hp_gain":0.0,"max_hp_loss":0.0,"gold_gain":99.0,"event_name":"Nest","player_choice":"Stole From Cult","floor":22.0,"gold_loss":0.0,"damage_taken":0.0},{"damage_healed":0.0,"max_hp_gain":0.0,"max_hp_loss":0.0,"gold_gain":0.0,"cards_transformed":["Strike_R","Strike_R"],"event_name":"Drug Dealer","player_choice":"Became Test Subject","floor":28.0,"gold_loss":0.0,"damage_taken":0.0,"cards_obtained":["Pummel","Disarm"]},{"cards_removed":["Defend_R"],"damage_healed":0.0,"max_hp_gain":0.0,"max_hp_loss":0.0,"gold_gain":0.0,"event_name":"Beggar","player_choice":"Gave Gold","floor":29.0,"gold_loss":75.0,"damage_taken":0.0},{"damage_healed":0.0,"max_hp_gain":0.0,"max_hp_loss":0.0,"gold_gain":0.0,"event_name":"The Mausoleum","player_choice":"Ignored","floor":30.0,"gold_loss":0.0,"damage_taken":0.0},{"cards_removed":["Defend_R"],"damage_healed":0.0,"max_hp_gain":0.0,"max_hp_loss":0.0,"gold_gain":0.0,"event_name":"Wheel of Change","player_choice":"Card Removal","floor":31.0,"gold_loss":0.0,"damage_taken":0.0},{"damage_healed":0,"gold_gain":0,"player_choice":"Ignored","damage_taken":0,"max_hp_gain":0,"max_hp_loss":0,"event_name":"Tomb of Lord Red Mask","floor":37,"gold_loss":0},{"damage_healed":0,"gold_gain":0,"player_choice":"Ignored","damage_taken":0,"max_hp_gain":0,"max_hp_loss":0,"event_name":"Mysterious Sphere","floor":44,"gold_loss":0},{"cards_removed":["Disarm"],"damage_healed":0,"gold_gain":0,"player_choice":"Removed Skill","damage_taken":0,"max_hp_gain":0,"max_hp_loss":0,"event_name":"Falling","floor":45,"gold_loss":0}],"is_beta":false,"boss_relics":[{"not_picked":["Pandora\u0027s Box","Mark of Pain"],"picked":"Sozu"},{"not_picked":["Philosopher\u0027s Stone","SlaversCollar"],"picked":"Runic Pyramid"}],"items_purged_floors":[21,39,41],"is_endless":false,"potions_floor_spawned":[5,10,14,16,18,33,46,47],"ascension_level":10}}