{"host":"9ndbo4kgsfoemf7y","time":1613311115,"event":{"mods":["AchievementEnabler","BaseMod","Colored Map","DeckTracker","Keyboard Shortcuts","Minty Spire (QoL Compilation)","Permanent Neow","Quick Restart","Relic Stats","StSLib","SuperFastMode"],"gold_per_floor":[110,124,142,63,80,80,80,80,80,80,5,39,39,53,53,150,150,162,87,87,97,97,97,115,115,115,115,115],"floor_reached":27,"language":"KOR","playtime":1041,"items_purged":["Strike_B"],"score":306,"play_id":"915d5fbc-f8b3-4d70-807b-7f07ebe83921","local_time":"20210214225835","is_ascension_mode":true,"campfire_choices":[{"data":"Buffer","floor":6.0,"key":"SMITH"},{"data":"Coolheaded","floor":8.0,"key":"SMITH"},{"floor":10.0,"key":"DIG"},{"floor":13.0,"key":"REST"},{"floor":15.0,"key":"DIG"},{"data":"1","floor":23.0,"key":"LIFT"},{"floor":25.0,"key":"REST"}],"circlet_count":0,"master_deck":["Strike_B","Strike_B","Defend_B","Defend_B","Defend_B","Zap","Dualcast","Buffer+1","Coolheaded+1","Cold Snap","Loop","Skim","Defragment","Conserve Battery","Meteor Strike","Leap+1","Streamline","Writhe","Coolheaded+1"],"relics":["Cracked Core","Shovel","Ice Cream","Lantern","Girya","Cursed Key","Potion Belt"],"acts_visited":["Exordium","TheCity"],"potions_floor_usage":[],"damage_taken":[{"damage":5.0,"enemies":"Cultist","floor":1.0,"turns":4.0},{"damage":0.0,"enemies":"2 Louse","floor":2.0,"turns":3.0},{"damage":13.0,"enemies":"Small Slimes","floor":3.0,"turns":4.0},{"damage":14.0,"enemies":"3 Louse","floor":5.0,"turns":5.0},{"damage":17.0,"enemies":"3 Sentries","floor":12.0,"turns":13.0},{"damage":0.0,"enemies":"Looter","floor":14.0,"turns":3.0},{"damage":34.0,"enemies":"Slime Boss","floor":16.0,"turns":14.0},{"damage":34.0,"enemies":"3 Byrds","floor":18.0,"turns":7.0},{"damage":0.0,"enemies":"Spheric Guardian","floor":21.0,"turns":6.0},{"damage":11.0,"enemies":"Snake Plant","floor":24.0,"turns":6.0},{"damage":34,"enemies":"Slavers","floor":27,"turns":2}],"seed_played":"541588906774626989","potions_obtained":[{"floor":2.0,"key":"BlessingOfTheForge"},{"floor":12.0,"key":"CultistPotion"},{"floor":16.0,"key":"Weak Potion"},{"floor":21.0,"key":"ColorlessPotion"}],"is_trial":false,"path_per_floor":["M","M","M","$","M","R","?","R","T","R","$","E","R","M","R","B",null,"M","?","$","M","?","R","M","R","T","E"],"character_chosen":"DEFECT","items_purchased":["Loop"],"campfire_rested":2,"item_purchase_floors":[4],"current_hp_per_floor":[63,63,50,50,36,36,36,36,36,36,36,19,39,39,39,5,52,18,18,18,18,18,18,7,27,27,0,0],"gold":115,"neow_bonus":"THREE_RARE_CARDS","is_daily":false,"chose_seed":false,"campfire_upgraded":2,"win_rate":0.0,"timestamp":1613311115,"path_taken":["M","?","M","$","M","R","?","R","T","R","$","E","R","?","R","BOSS","M","?","$","M","?","R","M","R","T","E"],"items_purchased_type":["Card"],"build_version":"2020-12-22","purchased_purges":1,"victory":false,"max_hp_per_floor":[68,68,68,68,68,68,68,68,68,68,68,68,68,68,68,68,68,68,68,68,68,68,68,68,68,68,68,68],"relic_stats":{"Shovel":2,"counters":[11,67],"Cursed Key":0,"obtain_stats":[{"Ice Cream":10,"Potion Belt":22,"Girya":15,"Lantern":12,"Shovel":9,"Cracked Core":0,"Cursed Key":17},{"Ice Cream":4,"Potion Belt":9,"Girya":6,"Lantern":5,"Shovel":4,"Cracked Core":0,"Cursed Key":7},{"Ice Cream":16,"Potion Belt":59,"Girya":32,"Lantern":29,"Shovel":16,"Cracked Core":0,"Cursed Key":46}]},"card_choices":[{"not_picked":["Multi-Cast","Rainbow"],"picked":"Buffer","floor":0.0},{"not_picked":["Hello World","Streamline"],"picked":"Coolheaded","floor":1.0},{"not_picked":["Sunder","Static Discharge"],"picked":"Cold Snap","floor":2.0},{"not_picked":["Barrage","Go for the Eyes","Hello World"],"picked":"SKIP","floor":3.0},{"not_picked":["Stack","Reinforced Body"],"picked":"Skim","floor":5.0},{"not_picked":["Sweeping Beam","Hello World"],"picked":"Defragment","floor":12.0},{"not_picked":["FTL","Meteor Strike"],"picked":"Conserve Battery","floor":14.0},{"not_picked":["Fission","Amplify"],"picked":"Meteor Strike","floor":16.0},{"not_picked":["Hello World+1","Turbo"],"picked":"Leap+1","floor":18.0},{"not_picked":["Turbo","Leap"],"picked":"Streamline","floor":21.0},{"not_picked":["Leap+1","Steam"],"picked":"Coolheaded+1","floor":24.0}],"player_experience":866429,"relics_obtained":[{"floor":9.0,"key":"Shovel"},{"floor":10.0,"key":"Ice Cream"},{"floor":12.0,"key":"Lantern"},{"floor":15.0,"key":"Girya"}],"event_choices":[{"cards_removed":["Strike_B"],"damage_healed":0.0,"max_hp_gain":0.0,"max_hp_loss":0.0,"gold_gain":0.0,"event_name":"Purifier","player_choice":"Purged","floor":7.0,"gold_loss":0.0,"damage_taken":0.0},{"cards_removed":["Defend_B"],"damage_healed":0.0,"max_hp_gain":0.0,"max_hp_loss":0.0,"gold_gain":0.0,"event_name":"Beggar","player_choice":"Gave Gold","floor":19.0,"gold_loss":75.0,"damage_taken":0.0},{"damage_healed":0.0,"max_hp_gain":0.0,"max_hp_loss":0.0,"gold_gain":0.0,"event_name":"The Mausoleum","player_choice":"Opened","floor":22.0,"gold_loss":0.0,"damage_taken":0.0,"relics_obtained":["Potion Belt"],"cards_obtained":["Writhe"]}],"is_beta":false,"boss_relics":[{"not_picked":["Calling Bell","Sozu"],"picked":"Cursed Key"}],"items_purged_floors":[11],"is_endless":false,"potions_floor_spawned":[2,12,16,21],"killed_by":"Slavers","ascension_level":9}}