{"host":"sc0o2qwpf9j16a4i","time":1613319914,"event":{"mods":["AchievementEnabler","BaseMod","BetterRewards","Block Reminder","Colored Map","Colored Powertips","Custom Start","Highlight Path","Jorbs\u0027s Wanderer Trilogy","Minty Spire (QoL Compilation)","Relic Stats","StSLib"],"gold_per_floor":[109,124,124,23,80,109,109,134,157,186,206,218,232,243,243,343,343,356,356,135,155,175,175,200,200,200,225,225,254,254,266,266,366,366,381,405,405,422,20,46,46,80,80,115,115,131,145,155,155,155],"floor_reached":51,"language":"ENG","playtime":1629,"items_purged":["stsjorbsmod:Amnesia","Strike_R"],"score":1115,"play_id":"d2d8d4bd-8706-463d-9854-0265b647e85e","local_time":"20210214182514","daily_mods":["Cursed Run","Uncertain Future","Elite Swarm"],"is_ascension_mode":false,"campfire_choices":[{"data":"Bash","floor":7,"key":"SMITH"},{"data":"Limit Break","floor":15,"key":"SMITH"},{"data":"Feed","floor":23,"key":"SMITH"},{"data":"True Grit","floor":28,"key":"SMITH"},{"data":"True Grit","floor":32,"key":"SMITH"},{"data":"Limit Break","floor":41,"key":"SMITH"},{"data":"Demon Form","floor":45,"key":"SMITH"},{"data":"Offering","floor":49,"key":"SMITH"}],"circlet_count":0,"master_deck":["Strike_R","Strike_R","Strike_R","Strike_R","Defend_R","Defend_R","Defend_R","Defend_R","Bash+1","Heavy Blade","Pommel Strike+1","Regret","Burning Pact","Rampage","Bludgeon","Demon Form+1","Normality","Limit Break+1","Reaper+1","Immolate","Evolve","Disarm+1","True Grit+1","Offering+1","Feed+1","True Grit+1","Reaper","Decay","Regret","Impervious","Corruption","Clothesline+1","Pain","Limit Break+1","Pommel Strike","Parasite","True Grit+1","Reaper","Reaper","Decay","Exhume","Burning Pact+1","Dark Embrace","Parasite"],"relics":["Cursed Key","Darkstone Periapt","Du-Vu Doll","Potion Belt","Bottled Lightning","Bronze Scales","Bag of Marbles","Tiny Chest","Velvet Choker","Mummified Hand","Orrery","Peace Pipe","Letter Opener","Strawberry","Matryoshka","MutagenicStrength","Coffee Dripper","Happy Flower","Whetstone","DollysMirror","Lantern","CaptainsWheel","Gremlin Horn","Toy Ornithopter","Boot","Calipers"],"acts_visited":["Exordium","TheCity","TheBeyond"],"potions_floor_usage":[10,24,31,33,33,48,50,50,50],"damage_taken":[{"damage":3,"enemies":"2 Louse","floor":1,"turns":2},{"damage":0,"enemies":"Cultist","floor":2,"turns":2},{"damage":13,"enemies":"Lagavulin","floor":6,"turns":4},{"damage":14,"enemies":"Gremlin Nob","floor":8,"turns":3},{"damage":16,"enemies":"3 Sentries","floor":10,"turns":4},{"damage":0,"enemies":"Small Slimes","floor":11,"turns":2},{"damage":0,"enemies":"Blue Slaver","floor":12,"turns":1},{"damage":0,"enemies":"Looter","floor":13,"turns":1},{"damage":5,"enemies":"Gremlin Gang","floor":14,"turns":2},{"damage":3,"enemies":"Slime Boss","floor":16,"turns":4},{"damage":0,"enemies":"3 Byrds","floor":18,"turns":2},{"damage":0,"enemies":"Chosen","floor":21,"turns":2},{"damage":20,"enemies":"Snake Plant","floor":22,"turns":2},{"damage":70,"enemies":"Book of Stabbing","floor":24,"turns":6},{"damage":16,"enemies":"Gremlin Leader","floor":27,"turns":6},{"damage":9,"enemies":"Slavers","floor":29,"turns":4},{"damage":16,"enemies":"Centurion and Healer","floor":31,"turns":3},{"damage":46,"enemies":"Collector","floor":33,"turns":9},{"damage":36,"enemies":"Orb Walker","floor":35,"turns":4},{"damage":6,"enemies":"3 Darklings","floor":38,"turns":2},{"damage":45,"enemies":"Giant Head","floor":40,"turns":8},{"damage":48,"enemies":"Reptomancer","floor":42,"turns":9},{"damage":102,"enemies":"Giant Head","floor":44,"turns":8},{"damage":40,"enemies":"Sphere and 2 Shapes","floor":46,"turns":6},{"damage":8,"enemies":"Writhing Mass","floor":47,"turns":4},{"damage":5,"enemies":"Transient","floor":48,"turns":5},{"damage":77,"enemies":"Time Eater","floor":50,"turns":9}],"seed_played":"2126875570204828339","potions_obtained":[{"floor":2,"key":"ColorlessPotion"},{"floor":11,"key":"AttackPotion"},{"floor":12,"key":"SkillPotion"},{"floor":14,"key":"BlessingOfTheForge"},{"floor":22,"key":"Block Potion"},{"floor":24,"key":"Dexterity Potion"},{"floor":29,"key":"Explosive Potion"},{"floor":31,"key":"HeartOfIron"},{"floor":35,"key":"SmokeBomb"},{"floor":38,"key":"Weak Potion"}],"is_trial":true,"path_per_floor":["M","M","?","$","?","E","R","E","T","E","M","M","M","M","R","B",null,"M","?","$","M","M","R","E","?","T","E","R","E","?","M","R","B",null,"M","T","?","M","$","E","R","E","T","E","R","M","M","M","R","B",null],"character_chosen":"IRONCLAD","items_purchased":["Burning Pact","Rampage","Orrery","DollysMirror","Lantern"],"campfire_rested":0,"item_purchase_floors":[4,4,20,39,39],"current_hp_per_floor":[77,77,83,83,83,70,70,56,62,46,46,46,46,77,77,92,98,98,98,98,101,84,84,20,26,32,67,67,94,94,94,94,110,141,125,131,131,151,151,110,110,117,123,115,115,148,165,172,172,170],"gold":155,"neow_bonus":"","is_daily":false,"chose_seed":false,"campfire_upgraded":8,"win_rate":0.0,"timestamp":1613319914,"path_taken":["M","?","?","$","?","E","R","E","T","E","M","M","M","M","R","BOSS","M","?","$","M","M","R","E","?","T","E","R","E","?","M","R","BOSS","M","?","?","M","$","E","R","E","T","E","R","M","?","M","R","BOSS"],"items_purchased_type":["Card","Card","Relic","Relic","Relic"],"build_version":"2020-12-22","purchased_purges":2,"victory":true,"max_hp_per_floor":[80,80,86,86,86,86,86,86,92,92,92,92,92,92,92,98,98,98,98,98,101,104,104,104,110,116,127,127,127,127,131,131,141,141,141,147,147,151,151,155,155,159,165,169,169,173,177,177,177,187],"relic_stats":{"Darkstone Periapt":54,"Happy Flower":[17],"Gremlin Horn":[2,2],"counters":[27,114],"Letter Opener":[75],"Whetstone":["Pommel Strike","Reaper"],"Cursed Key":4,"Boot":[2],"Peace Pipe":0,"Mummified Hand":[29],"Bronze Scales":[239],"Tiny Chest":1,"obtain_stats":[{"Darkstone Periapt":0,"Lantern":39,"Calipers":44,"Gremlin Horn":42,"Whetstone":36,"Cursed Key":0,"Boot":43,"Matryoshka":29,"Mummified Hand":19,"DollysMirror":39,"Strawberry":27,"Tiny Chest":10,"Potion Belt":3,"Happy Flower":36,"Velvet Choker":17,"Letter Opener":26,"Du-Vu Doll":0,"Peace Pipe":24,"CaptainsWheel":40,"Bronze Scales":8,"MutagenicStrength":30,"Orrery":20,"Bag of Marbles":9,"Coffee Dripper":34,"Bottled Lightning":6,"Toy Ornithopter":43},{"Darkstone Periapt":0,"Lantern":20,"Calipers":23,"Gremlin Horn":22,"Whetstone":19,"Cursed Key":0,"Boot":22,"Matryoshka":16,"Mummified Hand":11,"DollysMirror":20,"Strawberry":15,"Tiny Chest":5,"Potion Belt":2,"Happy Flower":19,"Velvet Choker":10,"Letter Opener":14,"Du-Vu Doll":0,"Peace Pipe":14,"CaptainsWheel":21,"Bronze Scales":4,"MutagenicStrength":16,"Orrery":11,"Bag of Marbles":4,"Coffee Dripper":18,"Bottled Lightning":3,"Toy Ornithopter":22},{"Darkstone Periapt":0,"Lantern":65,"Calipers":90,"Gremlin Horn":82,"Whetstone":63,"Cursed Key":0,"Boot":82,"Matryoshka":47,"Mummified Hand":27,"DollysMirror":65,"Strawberry":43,"Tiny Chest":15,"Potion Belt":4,"Happy Flower":63,"Velvet Choker":25,"Letter Opener":37,"Du-Vu Doll":0,"Peace Pipe":37,"CaptainsWheel":73,"Bronze Scales":11,"MutagenicStrength":47,"Orrery":27,"Bag of Marbles":11,"Coffee Dripper":59,"Bottled Lightning":8,"Toy Ornithopter":82}],"Toy Ornithopter":15},"card_choices":[{"not_picked":["Sword Boomerang","Entrench"],"picked":"Heavy Blade","floor":1},{"not_picked":["Ghostly Armor","Flex"],"picked":"Pommel Strike","floor":2},{"not_picked":["Barricade","Berserk"],"picked":"Bludgeon","floor":6},{"not_picked":["Brutality","Fiend Fire"],"picked":"Demon Form","floor":8},{"not_picked":["Immolate","Juggernaut"],"picked":"Limit Break","floor":10},{"not_picked":["Havoc","Anger","Cleave"],"picked":"SKIP","floor":11},{"not_picked":["Intimidate","Twin Strike","Searing Blow"],"picked":"SKIP","floor":12},{"not_picked":["Feel No Pain","Shrug It Off"],"picked":"Reaper","floor":13},{"not_picked":["Intimidate","Body Slam","Iron Wave"],"picked":"SKIP","floor":14},{"not_picked":["Brutality","Juggernaut"],"picked":"Immolate","floor":16},{"not_picked":["Inflame","Iron Wave"],"picked":"Evolve","floor":18},{"not_picked":["Armaments","Anger"],"picked":"Disarm+1","floor":20},{"not_picked":["Warcry","Perfected Strike"],"picked":"True Grit","floor":20},{"not_picked":["Twin Strike+1","Flex"],"picked":"Offering","floor":20},{"not_picked":["Twin Strike","Blood for Blood+1"],"picked":"Feed","floor":20},{"not_picked":["Pommel Strike","Warcry"],"picked":"True Grit","floor":21},{"not_picked":["Inflame","Clash","Thunderclap"],"picked":"SKIP","floor":22},{"not_picked":["Feed","Fiend Fire"],"picked":"Reaper","floor":24},{"not_picked":["Berserk","Immolate"],"picked":"Impervious","floor":27},{"not_picked":["Feed","Juggernaut"],"picked":"Corruption","floor":29},{"not_picked":["Thunderclap","Clash+1"],"picked":"Clothesline+1","floor":31},{"not_picked":["Double Tap","Berserk"],"picked":"Limit Break","floor":33},{"not_picked":["Thunderclap+1","Wild Strike+1"],"picked":"Pommel Strike","floor":35},{"not_picked":["Heavy Blade+1","Dark Embrace","Headbutt"],"picked":"SKIP","floor":38},{"not_picked":["Feed","Limit Break"],"picked":"Reaper","floor":40},{"not_picked":["Fiend Fire","Immolate"],"picked":"Reaper","floor":42},{"not_picked":["Bludgeon","Demon Form"],"picked":"Exhume","floor":44},{"not_picked":["Flex","Second Wind"],"picked":"Burning Pact+1","floor":46},{"not_picked":["Anger","Fire Breathing"],"picked":"Dark Embrace","floor":47},{"not_picked":["Anger+1","Wild Strike","Fire Breathing"],"picked":"SKIP","floor":48}],"player_experience":1425282,"relics_obtained":[{"floor":6,"key":"Bottled Lightning"},{"floor":8,"key":"Bronze Scales"},{"floor":9,"key":"Bag of Marbles"},{"floor":10,"key":"Tiny Chest"},{"floor":24,"key":"Peace Pipe"},{"floor":26,"key":"Letter Opener"},{"floor":27,"key":"Strawberry"},{"floor":29,"key":"Matryoshka"},{"floor":36,"key":"Happy Flower"},{"floor":36,"key":"Whetstone"},{"floor":40,"key":"CaptainsWheel"},{"floor":42,"key":"Gremlin Horn"},{"floor":43,"key":"Toy Ornithopter"},{"floor":43,"key":"Boot"},{"floor":44,"key":"Calipers"}],"event_choices":[{"damage_healed":0,"gold_gain":0,"player_choice":"Box","damage_taken":0,"relics_obtained":["Potion Belt"],"max_hp_gain":0,"max_hp_loss":0,"event_name":"Big Fish","floor":3,"gold_loss":0,"cards_obtained":["Regret"]},{"damage_healed":0,"gold_gain":57,"player_choice":"Gained Gold","damage_taken":0,"max_hp_gain":0,"max_hp_loss":0,"event_name":"Golden Wing","floor":5,"gold_loss":0},{"damage_healed":0,"gold_gain":0,"player_choice":"Opened","damage_taken":0,"relics_obtained":["Mummified Hand"],"max_hp_gain":0,"max_hp_loss":0,"event_name":"The Mausoleum","floor":19,"gold_loss":0},{"damage_healed":0,"gold_gain":0,"player_choice":"Smashed Altar","damage_taken":0,"max_hp_gain":0,"max_hp_loss":0,"event_name":"Forgotten Altar","floor":25,"gold_loss":0,"cards_obtained":["Decay"]},{"damage_healed":0,"gold_gain":0,"player_choice":"Inject Mutagens","damage_taken":0,"relics_obtained":["MutagenicStrength"],"max_hp_gain":0,"max_hp_loss":0,"event_name":"Drug Dealer","floor":30,"gold_loss":0},{"damage_healed":0,"gold_gain":0,"player_choice":"Ignored","damage_taken":0,"max_hp_gain":0,"max_hp_loss":0,"event_name":"SecretPortal","floor":37,"gold_loss":0}],"is_beta":false,"boss_relics":[{"not_picked":["Mark of Pain","Runic Pyramid"],"picked":"Velvet Choker"},{"not_picked":["Sozu","Busted Crown"],"picked":"Coffee Dripper"}],"items_purged_floors":[20,39],"is_endless":false,"potions_floor_spawned":[2,11,12,14,22,24,29,31,35,38],"ascension_level":0}}