{"host":"jou5gy8et5i77wvo","time":1613286560,"event":{"mods":["AchievementEnabler","BaseMod","Colored Map","Colored Powertips","Downfall","Highlight Path","Minty Spire (QoL Compilation)","Quick Restart","StSLib"],"gold_per_floor":[110,128,144,144,144,179,196,196,196,224,42,53,73,73,73,204,204,204,204],"floor_reached":18,"language":"ENG","playtime":2006,"items_purged":[],"score":172,"play_id":"4284f72c-63b2-4bfb-b428-b3b59a85fba3","local_time":"20210213230920","is_ascension_mode":false,"campfire_choices":[{"floor":8,"key":"REST"},{"floor":15,"key":"REST"}],"circlet_count":0,"master_deck":["Strike_R","Strike_R","Strike_R","Strike_R","Strike_R","Defend_R","Defend_R","Defend_R","Defend_R","Bash","Dramatic Entrance","Shrug It Off","Shrug It Off","Heavy Blade+1","Flex","Clothesline","Heavy Blade","Clothesline","Searing Blow","Armaments","Bloodletting","Shockwave","Injury"],"relics":["Burning Blood","Prayer Wheel","Mummified Hand","Shuriken","Membership Card","Golden Idol","SlaversCollar"],"acts_visited":["Exordium","TheCity"],"potions_floor_usage":[15,15],"damage_taken":[{"damage":1,"enemies":"Jaw Worm","floor":1,"turns":3},{"damage":0,"enemies":"2 Louse","floor":2,"turns":3},{"damage":0,"enemies":"Small Slimes","floor":3,"turns":3},{"damage":26,"enemies":"3 Sentries","floor":6,"turns":11},{"damage":12,"enemies":"Exordium Wildlife","floor":7,"turns":3},{"damage":44,"enemies":"Gremlin Nob","floor":10,"turns":6},{"damage":23,"enemies":"Large Slime","floor":12,"turns":9},{"damage":4,"enemies":"Blue Slaver","floor":13,"turns":3},{"damage":70,"enemies":"The Guardian","floor":16,"turns":15},{"damage":18,"enemies":"3 Byrds","floor":18,"turns":3}],"seed_played":"2999381462196527913","potions_obtained":[{"floor":1,"key":"BloodPotion"},{"floor":7,"key":"GamblersBrew"},{"floor":12,"key":"BloodPotion"},{"floor":16,"key":"BlessingOfTheForge"}],"is_trial":false,"path_per_floor":["M","M","M","?","$","E","M","R","T","E","$","M","M","?","R","B",null,"M"],"character_chosen":"IRONCLAD","items_purchased":["Membership Card","Searing Blow"],"campfire_rested":2,"item_purchase_floors":[11,11],"current_hp_per_floor":[80,80,80,80,80,60,54,78,78,40,40,23,25,25,80,16,80,62,62],"gold":204,"neow_bonus":"RANDOM_COLORLESS","is_daily":false,"chose_seed":false,"campfire_upgraded":0,"win_rate":0.0,"timestamp":1613286560,"path_taken":["M","M","M","?","$","E","M","R","T","E","$","M","M","?","R","BOSS","M"],"items_purchased_type":["Relic","Card"],"build_version":"2020-12-22","purchased_purges":0,"victory":false,"max_hp_per_floor":[80,80,80,80,80,80,80,80,80,80,80,80,80,80,80,80,80,80,80],"card_choices":[{"not_picked":["Purity","Deep Breath"],"picked":"Dramatic Entrance","floor":0},{"not_picked":["Infernal Blade","Headbutt"],"picked":"Shrug It Off","floor":1},{"not_picked":["Headbutt","Iron Wave"],"picked":"Shrug It Off","floor":2},{"not_picked":["True Grit","Clothesline"],"picked":"Heavy Blade","floor":3},{"not_picked":["Bloodletting","Dark Embrace"],"picked":"Flex","floor":6},{"not_picked":["True Grit","Sword Boomerang"],"picked":"Clothesline","floor":7},{"not_picked":["Armaments","Dark Embrace"],"picked":"Heavy Blade","floor":7},{"not_picked":["Thunderclap","Bludgeon"],"picked":"Clothesline","floor":10},{"not_picked":["Ghostly Armor","Searing Blow"],"picked":"Armaments","floor":12},{"not_picked":["Metallicize","Searing Blow","True Grit"],"picked":"SKIP","floor":12},{"not_picked":["True Grit","Wild Strike"],"picked":"Bloodletting","floor":13},{"not_picked":["Carnage","Whirlwind"],"picked":"Shockwave","floor":13}],"player_experience":53672,"relics_obtained":[{"floor":6,"key":"Prayer Wheel"},{"floor":9,"key":"Mummified Hand"},{"floor":10,"key":"Shuriken"}],"event_choices":[{"damage_healed":0,"gold_gain":0,"player_choice":"Grow","damage_taken":0,"max_hp_gain":0,"max_hp_loss":0,"event_name":"Living Wall","floor":4,"gold_loss":0,"cards_upgraded":["Heavy Blade"]},{"damage_healed":0,"gold_gain":0,"player_choice":"Take Wound","damage_taken":0,"relics_obtained":["Golden Idol"],"max_hp_gain":0,"max_hp_loss":0,"event_name":"Golden Idol","floor":14,"gold_loss":0,"cards_obtained":["Injury"]}],"is_beta":false,"boss_relics":[{"not_picked":["Astrolabe","Mark of Pain"],"picked":"SlaversCollar"}],"items_purged_floors":[],"is_endless":false,"potions_floor_spawned":[1,7,12,16],"killed_by":"3 Byrds","ascension_level":0}}