{"host":"08xvxt5w1s7zc7e5","time":1613297890,"event":{"mods":["AchievementEnabler","BaseMod","DeckTracker","Minty Spire (QoL Compilation)","Quick Restart","StSLib","SuperFastMode"],"gold_per_floor":[111,126,126,136,91,91,108,108,108,128,128,128,155,170,170,275,275,292,39,51,71,71,106,118,118,118,18,18,38,38,50,50,147,147,161,161,161,171,26,26,57,57,83,132,143,70,81,131,131,131,131],"floor_reached":50,"language":"KOR","playtime":2133,"items_purged":[],"score":646,"play_id":"979312a0-e666-42ba-9b36-9d4ffd15684e","local_time":"20210214191810","is_ascension_mode":true,"campfire_choices":[{"data":"Neutralize","floor":6.0,"key":"SMITH"},{"data":"Malaise","floor":8.0,"key":"SMITH"},{"data":"Dash","floor":12.0,"key":"SMITH"},{"data":"Caltrops","floor":15.0,"key":"SMITH"},{"floor":25,"key":"REST"},{"floor":30,"key":"REST"},{"data":"Cloak And Dagger","floor":32,"key":"SMITH"},{"data":"Burst","floor":40,"key":"SMITH"},{"floor":49,"key":"REST"}],"circlet_count":0,"master_deck":["Strike_G","Strike_G","Strike_G","Strike_G","Defend_G","Defend_G","Defend_G","Defend_G","Defend_G","Survivor","Neutralize+1","Malaise+1","Escape Plan","Backstab","Dash+1","Cloak And Dagger+1","Corpse Explosion","Terror+1","Concentrate+1","Blur+1","Burst+1","CurseOfTheBell","Acrobatics","Deflect+1","Acrobatics","Venomology","Cloak And Dagger+1","Calculated Gamble+1"],"relics":["Ring of the Snake","Lantern","Gremlin Horn","SlaversCollar","Matryoshka","Pen Nib","Toy Ornithopter","Eternal Feather","Nilry\u0027s Codex","Calling Bell","Potion Belt","HornCleat","Turnip","Orrery","Regal Pillow","Singing Bowl","Ancient Tea Set","Lizard Tail"],"acts_visited":["Exordium","TheCity","TheBeyond"],"potions_floor_usage":[23,31,33,33,47,47,48,50,50,50,50],"damage_taken":[{"damage":4.0,"enemies":"Cultist","floor":1.0,"turns":5.0},{"damage":1.0,"enemies":"Small Slimes","floor":2.0,"turns":4.0},{"damage":7.0,"enemies":"Jaw Worm","floor":4.0,"turns":8.0},{"damage":13.0,"enemies":"Looter","floor":5.0,"turns":5.0},{"damage":1.0,"enemies":"Large Slime","floor":7.0,"turns":8.0},{"damage":2.0,"enemies":"3 Louse","floor":10.0,"turns":5.0},{"damage":4.0,"enemies":"3 Sentries","floor":13.0,"turns":12.0},{"damage":0.0,"enemies":"2 Fungi Beasts","floor":14.0,"turns":3.0},{"damage":22.0,"enemies":"Hexaghost","floor":16.0,"turns":16.0},{"damage":21.0,"enemies":"2 Thieves","floor":18.0,"turns":3.0},{"damage":16.0,"enemies":"Spheric Guardian","floor":20.0,"turns":5.0},{"damage":4.0,"enemies":"3 Cultists","floor":21.0,"turns":3.0},{"damage":6,"enemies":"Gremlin Leader","floor":23,"turns":10},{"damage":0,"enemies":"Cultist and Chosen","floor":24,"turns":6},{"damage":5,"enemies":"Centurion and Healer","floor":29,"turns":4},{"damage":27,"enemies":"Sentry and Sphere","floor":31,"turns":5},{"damage":21,"enemies":"Collector","floor":33,"turns":16},{"damage":0,"enemies":"3 Shapes","floor":35,"turns":6},{"damage":18,"enemies":"Orb Walker","floor":38,"turns":4},{"damage":57,"enemies":"Nemesis","floor":41,"turns":13},{"damage":0,"enemies":"3 Darklings","floor":45,"turns":3},{"damage":29,"enemies":"Spire Growth","floor":47,"turns":8},{"damage":0,"enemies":"Mind Bloom Boss Battle","floor":48,"turns":8},{"damage":138,"enemies":"Donu and Deca","floor":50,"turns":16}],"seed_played":"-70560652467066490","potions_obtained":[{"floor":1.0,"key":"LiquidBronze"},{"floor":4.0,"key":"Energy Potion"},{"floor":10.0,"key":"Poison Potion"},{"floor":14.0,"key":"Dexterity Potion"},{"floor":21.0,"key":"GamblersBrew"},{"floor":23,"key":"Dexterity Potion"},{"floor":35,"key":"FairyPotion"},{"floor":38,"key":"Ancient Potion"},{"floor":45,"key":"Block Potion"},{"floor":47,"key":"SpeedPotion"}],"is_trial":false,"path_per_floor":["M","M","?","M","M","R","M","R","T","M","?","R","E","M","R","B",null,"M","$","M","M","$","E","M","R","T","$","?","M","R","M","R","B",null,"M","?","?","M","$","R","E","?","T","T","M","$","M","?","R","B"],"character_chosen":"THE_SILENT","items_purchased":["Matryoshka","Fruit Juice","Orrery","Venomology"],"campfire_rested":3,"item_purchase_floors":[19,27,39,46],"current_hp_per_floor":[66,65,70,63,50,50,49,49,49,47,40,40,36,36,36,14,60,39,39,23,19,19,13,13,35,35,35,19,14,48,31,43,32,68,68,68,68,50,50,65,8,8,8,8,10,10,15,20,73,0,0],"gold":131,"neow_bonus":"ONE_RANDOM_RARE_CARD","is_daily":false,"chose_seed":false,"campfire_upgraded":6,"win_rate":0.0,"timestamp":1613297890,"path_taken":["M","M","?","M","M","R","M","R","T","M","?","R","E","M","R","BOSS","M","$","M","M","$","E","M","R","T","$","?","M","R","M","R","BOSS","M","?","?","M","$","R","E","?","T","?","M","?","M","?","R","BOSS"],"items_purchased_type":["Relic","Potion","Relic","Card"],"build_version":"2020-12-22","purchased_purges":0,"victory":false,"max_hp_per_floor":[70,70,75,75,75,75,75,75,75,75,75,75,75,75,75,75,75,75,75,75,75,75,75,75,75,75,75,75,75,75,80,80,80,80,80,76,76,76,76,76,76,76,76,76,78,78,78,78,78,78,78],"card_choices":[{"not_picked":["Prepared","Flying Knee","Setup"],"picked":"SKIP","floor":1.0},{"not_picked":["Eviscerate","Crippling Poison"],"picked":"Escape Plan","floor":2.0},{"not_picked":["Crippling Poison","Slice","Accuracy"],"picked":"SKIP","floor":4.0},{"not_picked":["Endless Agony","Deflect"],"picked":"Backstab","floor":5.0},{"not_picked":["Predator","Slice"],"picked":"Dash","floor":7.0},{"not_picked":["Sucker Punch","Prepared"],"picked":"Cloak And Dagger","floor":10.0},{"not_picked":["Deflect","Endless Agony"],"picked":"Caltrops","floor":13.0},{"not_picked":["Underhanded Strike","Quick Slash","Sucker Punch"],"picked":"SKIP","floor":14.0},{"not_picked":["Bullet Time","Night Terror"],"picked":"Corpse Explosion","floor":16.0},{"not_picked":["Dodge and Roll","Backstab","Dagger Spray+1"],"picked":"SKIP","floor":18.0},{"not_picked":["Bane","Quick Slash+1","Blade Dance"],"picked":"SKIP","floor":20.0},{"not_picked":["Underhanded Strike","Endless Agony","Masterful Stab+1"],"picked":"SKIP","floor":21.0},{"not_picked":["Deadly Poison+1","PiercingWail"],"picked":"Terror+1","floor":23},{"not_picked":["Dagger Throw","Choke","Prepared"],"picked":"SKIP","floor":24},{"not_picked":["Flying Knee","Dodge and Roll+1"],"picked":"Concentrate+1","floor":29},{"not_picked":["Slice","All Out Attack"],"picked":"Blur+1","floor":31},{"not_picked":["Tools of the Trade","Doppelganger"],"picked":"Burst","floor":33},{"not_picked":["Eviscerate+1","Masterful Stab","Expertise"],"picked":"SKIP","floor":35},{"not_picked":["Blade Dance","Flechettes"],"picked":"Acrobatics","floor":38},{"not_picked":["Underhanded Strike+1","Quick Slash"],"picked":"Deflect+1","floor":39},{"not_picked":["Masterful Stab","Poisoned Stab"],"picked":"Acrobatics","floor":39},{"not_picked":["Accuracy","Glass Knife","Sucker Punch+1"],"picked":"SKIP","floor":41},{"not_picked":["Quick Slash+1","Dodge and Roll+1","Acrobatics"],"picked":"Singing Bowl","floor":45},{"not_picked":["Sucker Punch+1","Blade Dance"],"picked":"Cloak And Dagger+1","floor":47},{"not_picked":["Backstab+1","Dash+1"],"picked":"Calculated Gamble+1","floor":48}],"player_experience":369330,"relics_obtained":[{"floor":9.0,"key":"Lantern"},{"floor":13.0,"key":"Gremlin Horn"},{"floor":23,"key":"Pen Nib"},{"floor":26,"key":"Toy Ornithopter"},{"floor":26,"key":"Eternal Feather"},{"floor":28,"key":"Nilry\u0027s Codex"},{"floor":34,"key":"Potion Belt"},{"floor":34,"key":"HornCleat"},{"floor":34,"key":"Turnip"},{"floor":41,"key":"Regal Pillow"},{"floor":43,"key":"Singing Bowl"},{"floor":43,"key":"Ancient Tea Set"},{"floor":48,"key":"Lizard Tail"}],"event_choices":[{"damage_healed":0.0,"max_hp_gain":5.0,"max_hp_loss":0.0,"gold_gain":0.0,"event_name":"Big Fish","player_choice":"Donut","floor":3.0,"gold_loss":0.0,"damage_taken":0.0},{"cards_removed":["Strike_G"],"damage_healed":0.0,"max_hp_gain":0.0,"max_hp_loss":0.0,"gold_gain":0.0,"event_name":"Golden Wing","player_choice":"Card Removal","floor":11.0,"gold_loss":0.0,"damage_taken":7.0},{"damage_healed":0,"gold_gain":0,"player_choice":"Obtained Book","damage_taken":16,"max_hp_gain":0,"max_hp_loss":0,"event_name":"Cursed Tome","floor":28,"gold_loss":0},{"damage_healed":0,"gold_gain":0,"player_choice":"Max HP","damage_taken":0,"max_hp_gain":0,"max_hp_loss":4,"event_name":"Winding Halls","floor":36,"gold_loss":0},{"damage_healed":0,"gold_gain":0,"player_choice":"Ignored","damage_taken":0,"max_hp_gain":0,"max_hp_loss":0,"event_name":"Tomb of Lord Red Mask","floor":37,"gold_loss":0},{"cards_removed":["Caltrops"],"damage_healed":0,"gold_gain":0,"player_choice":"Removed Power","damage_taken":0,"max_hp_gain":0,"max_hp_loss":0,"event_name":"Falling","floor":42,"gold_loss":0},{"damage_healed":0,"gold_gain":0,"player_choice":"Fight","damage_taken":0,"max_hp_gain":0,"max_hp_loss":0,"event_name":"MindBloom","floor":48,"gold_loss":0}],"is_beta":false,"boss_relics":[{"not_picked":["Tiny House","Ectoplasm"],"picked":"SlaversCollar"},{"not_picked":["WristBlade","Ring of the Serpent"],"picked":"Calling Bell"}],"items_purged_floors":[],"is_endless":false,"potions_floor_spawned":[1,4,10,14,21,23,35,38,45,47],"killed_by":"Donu and Deca","ascension_level":5}}