{"host":"sndfgesrkxbbj8ze","time":1613308315,"event":{"mods":["AchievementEnabler","BaseMod","Colored Powertips","Minty Spire (QoL Compilation)","StSLib","The Hierophant"],"gold_per_floor":[118,118,68,68,79,106,116,116,116,145,70,88,88,102,102,203,253,268,284,284,296,312,339,239,265,288,14,26,26,26,40,40,142,142,153,170,170,113,0,34,52,78,126,140,166,176,176,223,223,223,223],"floor_reached":50,"language":"ENG","playtime":2780,"items_purged":["Strike_G","Strike_G","Strike_G"],"score":607,"play_id":"9d4eb21b-f500-40af-8177-b8c0e03fe5a3","local_time":"20210214141155","is_ascension_mode":false,"campfire_choices":[{"data":"Poisoned Stab","floor":8,"key":"SMITH"},{"data":"Backflip","floor":13,"key":"SMITH"},{"data":"After Image","floor":15,"key":"SMITH"},{"floor":29,"key":"REST"},{"floor":32,"key":"RECALL"},{"data":"Noxious Fumes","floor":47,"key":"SMITH"},{"floor":49,"key":"REST"}],"circlet_count":0,"master_deck":["Defend_G","Defend_G+1","Survivor+1","Neutralize+1","Flying Knee+1","Prepared+1","Endless Agony+1","Deadly Poison","Poisoned Stab+1","After Image+1","Backflip+1","Corpse Explosion","Bane","Dodge and Roll+1","Crippling Poison+1","After Image","Noxious Fumes+1"],"relics":["Astrolabe","Pear","Eternal Feather","Tiny House","Anchor","Art of War","Snake Skull","Omamori","The Courier","Busted Crown","Red Mask","Lantern","Orichalcum","Strawberry","InkBottle","CaptainsWheel"],"acts_visited":["Exordium","TheCity","TheBeyond"],"potions_floor_usage":[23,25,33,36,41,46,46,50],"damage_taken":[{"damage":0,"enemies":"Cultist","floor":1,"turns":3},{"damage":0,"enemies":"2 Louse","floor":5,"turns":2},{"damage":24,"enemies":"Lagavulin","floor":6,"turns":6},{"damage":0,"enemies":"Small Slimes","floor":7,"turns":2},{"damage":14,"enemies":"Gremlin Nob","floor":10,"turns":4},{"damage":0,"enemies":"Blue Slaver","floor":12,"turns":2},{"damage":1,"enemies":"Gremlin Gang","floor":14,"turns":4},{"damage":7,"enemies":"The Guardian","floor":16,"turns":9},{"damage":16,"enemies":"2 Thieves","floor":18,"turns":4},{"damage":0,"enemies":"Chosen","floor":19,"turns":4},{"damage":1,"enemies":"Snecko","floor":21,"turns":6},{"damage":12,"enemies":"Sentry and Sphere","floor":22,"turns":7},{"damage":33,"enemies":"Slavers","floor":23,"turns":4},{"damage":7,"enemies":"Gremlin Leader","floor":25,"turns":7},{"damage":0,"enemies":"Centurion and Healer","floor":28,"turns":5},{"damage":7,"enemies":"Snake Plant","floor":31,"turns":5},{"damage":7,"enemies":"Champ","floor":33,"turns":15},{"damage":0,"enemies":"Orb Walker","floor":35,"turns":3},{"damage":17,"enemies":"3 Darklings","floor":36,"turns":3},{"damage":2,"enemies":"Giant Head","floor":40,"turns":9},{"damage":8,"enemies":"4 Shapes","floor":41,"turns":3},{"damage":6,"enemies":"Reptomancer","floor":42,"turns":8},{"damage":2,"enemies":"Maw","floor":44,"turns":8},{"damage":25,"enemies":"Nemesis","floor":45,"turns":9},{"damage":0,"enemies":"Transient","floor":46,"turns":5},{"damage":16,"enemies":"2 Orb Walkers","floor":48,"turns":4},{"damage":61,"enemies":"Time Eater","floor":50,"turns":14}],"seed_played":"-76518860485022312","potions_obtained":[{"floor":1,"key":"GhostInAJar"},{"floor":12,"key":"BlessingOfTheForge"},{"floor":16,"key":"Fire Potion"},{"floor":25,"key":"Weak Potion"},{"floor":28,"key":"Weak Potion"},{"floor":33,"key":"Ancient Potion"},{"floor":35,"key":"PowerPotion"},{"floor":41,"key":"Ancient Potion"},{"floor":42,"key":"Strength Potion"},{"floor":45,"key":"ColorlessPotion"},{"floor":46,"key":"DistilledChaos"}],"is_trial":false,"path_per_floor":["M","?","?","?","M","E","M","R","T","E","$","M","R","M","R","B",null,"M","M","?","M","M","E","$","E","T","$","M","R","?","M","R","B",null,"M","M","?","$","?","E","M","E","T","M","E","M","R","?","R","B"],"character_chosen":"THE_SILENT","items_purchased":["Omamori","Noxious Fumes"],"campfire_rested":2,"item_purchase_floors":[27,38],"current_hp_per_floor":[70,56,56,49,49,35,35,35,35,21,21,21,27,26,32,25,85,69,69,69,68,56,23,23,16,16,16,16,50,50,43,52,45,85,85,68,68,68,68,66,58,52,59,57,32,32,41,25,61,0,0],"gold":223,"neow_bonus":"BOSS_RELIC","is_daily":false,"chose_seed":false,"campfire_upgraded":4,"win_rate":0.0,"timestamp":1613308315,"path_taken":["M","?","?","?","M","E","M","R","T","E","?","?","R","M","R","BOSS","M","?","?","M","M","E","$","E","T","$","?","R","?","M","R","BOSS","M","?","?","$","?","E","M","E","T","M","E","M","R","?","R","BOSS"],"items_purchased_type":["Relic","Card"],"build_version":"2020-12-22","purchased_purges":3,"victory":false,"max_hp_per_floor":[70,70,70,70,70,80,80,80,80,80,80,80,80,80,80,80,85,85,85,85,85,85,85,85,85,85,85,85,85,85,85,85,85,85,85,85,85,85,85,85,85,85,92,92,92,92,92,92,92,92,92],"card_choices":[{"not_picked":["Distraction","PiercingWail","Flying Knee"],"picked":"SKIP","floor":1},{"not_picked":["Infinite Blades","Cloak And Dagger"],"picked":"Deadly Poison","floor":5},{"not_picked":["Slice","Reflex","Acrobatics"],"picked":"SKIP","floor":6},{"not_picked":["Terror","Deflect"],"picked":"Poisoned Stab","floor":7},{"not_picked":["Tools of the Trade","Eviscerate"],"picked":"After Image","floor":10},{"not_picked":["Slice","All Out Attack"],"picked":"Backflip","floor":12},{"not_picked":["Prepared","Flechettes","Leg Sweep"],"picked":"SKIP","floor":14},{"not_picked":["Doppelganger","Night Terror"],"picked":"Corpse Explosion","floor":16},{"not_picked":["Quick Slash","Dodge and Roll"],"picked":"Bane","floor":17},{"not_picked":["Dagger Spray","Backstab"],"picked":"Dodge and Roll+1","floor":18},{"not_picked":["PiercingWail+1","Well Laid Plans","Poisoned Stab"],"picked":"SKIP","floor":19},{"not_picked":["Deadly Poison","Poisoned Stab","Skewer+1"],"picked":"SKIP","floor":21},{"not_picked":["Underhanded Strike","Flechettes"],"picked":"Crippling Poison+1","floor":22},{"not_picked":["Dash","Venomology","Sucker Punch+1"],"picked":"SKIP","floor":23},{"not_picked":["Deadly Poison","Quick Slash","Dodge and Roll"],"picked":"SKIP","floor":25},{"not_picked":["Deadly Poison","Acrobatics","Poisoned Stab"],"picked":"SKIP","floor":28},{"not_picked":["Flying Knee","Blade Dance","Glass Knife"],"picked":"SKIP","floor":31},{"not_picked":["Envenom","Tools of the Trade"],"picked":"After Image","floor":33},{"not_picked":["Acrobatics"],"picked":"SKIP","floor":35},{"not_picked":["Infinite Blades"],"picked":"SKIP","floor":36},{"not_picked":["Choke+1"],"picked":"SKIP","floor":40},{"not_picked":["Deflect+1"],"picked":"SKIP","floor":41},{"not_picked":["Dagger Spray"],"picked":"SKIP","floor":42},{"not_picked":["PiercingWail"],"picked":"SKIP","floor":44},{"not_picked":["All Out Attack"],"picked":"SKIP","floor":45},{"not_picked":["PiercingWail"],"picked":"SKIP","floor":46}],"player_experience":257744,"relics_obtained":[{"floor":6,"key":"Pear"},{"floor":10,"key":"Eternal Feather"},{"floor":23,"key":"Anchor"},{"floor":25,"key":"Art of War"},{"floor":26,"key":"Snake Skull"},{"floor":40,"key":"Lantern"},{"floor":42,"key":"Orichalcum"},{"floor":43,"key":"Strawberry"},{"floor":45,"key":"InkBottle"},{"floor":48,"key":"CaptainsWheel"}],"event_choices":[{"damage_healed":0,"gold_gain":0,"player_choice":"Entered Light","damage_taken":14,"max_hp_gain":0,"max_hp_loss":0,"event_name":"Shining Light","floor":2,"gold_loss":0,"cards_upgraded":["Neutralize","Survivor"]},{"cards_removed":["Defend_G"],"damage_healed":0,"gold_gain":0,"player_choice":"Card Removal","damage_taken":0,"max_hp_gain":0,"max_hp_loss":0,"event_name":"The Cleric","floor":3,"gold_loss":50},{"cards_removed":["Strike_G"],"damage_healed":0,"gold_gain":0,"player_choice":"Card Removal","damage_taken":7,"max_hp_gain":0,"max_hp_loss":0,"event_name":"Golden Wing","floor":4,"gold_loss":0},{"damage_healed":0,"gold_gain":0,"player_choice":"Bought 0 Potions","damage_taken":0,"max_hp_gain":0,"max_hp_loss":0,"event_name":"The Woman in Blue","floor":20,"gold_loss":0},{"damage_healed":0,"gold_gain":0,"player_choice":"Gave Potion","damage_taken":0,"relics_obtained":["The Courier"],"max_hp_gain":0,"max_hp_loss":0,"event_name":"WeMeetAgain","floor":30,"gold_loss":0},{"damage_healed":0,"gold_gain":0,"player_choice":"Memory 1","damage_taken":0,"max_hp_gain":0,"max_hp_loss":0,"event_name":"SensoryStone","floor":37,"gold_loss":0},{"damage_healed":0,"gold_gain":0,"player_choice":"Paid","damage_taken":0,"relics_obtained":["Red Mask"],"max_hp_gain":0,"max_hp_loss":0,"event_name":"Tomb of Lord Red Mask","floor":39,"gold_loss":113},{"damage_healed":0,"gold_gain":0,"player_choice":"Fight","damage_taken":0,"max_hp_gain":0,"max_hp_loss":0,"event_name":"Mysterious Sphere","floor":48,"gold_loss":0}],"is_beta":false,"boss_relics":[{"not_picked":["Velvet Choker","Cursed Key"],"picked":"Tiny House"},{"not_picked":["Coffee Dripper","HoveringKite"],"picked":"Busted Crown"}],"items_purged_floors":[11,24,27],"is_endless":false,"potions_floor_spawned":[1,12,16,21,25,28,33,35,41,42,45,46],"killed_by":"Time Eater","ascension_level":0}}