{"host":"vxxgntm1odai56nh","time":1613321694,"event":{"mods":["AchievementEnabler","BaseMod","Colored Map","Colored Powertips","Highlight Path","Minty Spire (QoL Compilation)","Permanent Neow","Rare Cards Sparkle","Relic Stats","StSLib"],"gold_per_floor":[18,18,18,31,48,48,73,73,73,73,73,73,83,103,103,206,206,218,49,148,148,165,165,8,8,84,84,101,131,131,159,159,159,159],"floor_reached":33,"language":"ENG","playtime":1336,"items_purged":[],"score":362,"play_id":"d36ec2f7-c0f2-4711-8b11-33579e17f465","local_time":"20210214115454","is_ascension_mode":true,"campfire_choices":[{"data":"Prepared","floor":6,"key":"SMITH"},{"data":"Crippling Poison","floor":8,"key":"SMITH"},{"data":"Bane","floor":10,"key":"SMITH"},{"data":"Backstab","floor":15,"key":"SMITH"},{"data":"Corpse Explosion","floor":23,"key":"SMITH"},{"data":"Deadly Poison","floor":25,"key":"SMITH"},{"data":"Bouncing Flask","floor":30,"key":"SMITH"},{"data":"Backflip","floor":32,"key":"SMITH"}],"circlet_count":0,"master_deck":["Defend_G+1","Defend_G","Defend_G+1","Defend_G+1","Defend_G","Survivor","Neutralize+1","Bane+1","Reflex+1","Prepared+1","Backflip+1","Deadly Poison+1","Crippling Poison+1","PiercingWail","Backstab+1","Corpse Explosion+1","Acrobatics","Underhanded Strike","Bite","Bite","Bite","Bite","Bite","Bouncing Flask+1"],"relics":["Ring of the Snake","Meat on the Bone","Matryoshka","MealTicket","Paper Crane","HoveringKite","Omamori","Bag of Marbles","Akabeko","Ancient Tea Set","Blue Candle","War Paint","Ninja Scroll"],"acts_visited":["Exordium","TheCity"],"potions_floor_usage":[29,29,33,33],"damage_taken":[{"damage":2,"enemies":"Small Slimes","floor":1,"turns":4},{"damage":3,"enemies":"Jaw Worm","floor":4,"turns":6},{"damage":3,"enemies":"2 Louse","floor":5,"turns":4},{"damage":12,"enemies":"3 Sentries","floor":7,"turns":10},{"damage":0,"enemies":"Looter","floor":13,"turns":3},{"damage":1,"enemies":"Red Slaver","floor":14,"turns":4},{"damage":21,"enemies":"The Guardian","floor":16,"turns":11},{"damage":4,"enemies":"2 Thieves","floor":18,"turns":2},{"damage":8,"enemies":"Shell Parasite","floor":22,"turns":2},{"damage":3,"enemies":"Sentry and Sphere","floor":28,"turns":5},{"damage":2,"enemies":"Book of Stabbing","floor":29,"turns":4},{"damage":10,"enemies":"Slavers","floor":31,"turns":3},{"damage":56,"enemies":"Collector","floor":33,"turns":5}],"seed_played":"7540113225052833736","potions_obtained":[{"floor":7,"key":"ColorlessPotion"},{"floor":13,"key":"BlessingOfTheForge"},{"floor":16,"key":"SneckoOil"},{"floor":22,"key":"Block Potion"},{"floor":29,"key":"SteroidPotion"}],"is_trial":false,"path_per_floor":["M","?","?","M","M","R","E","R","T","R","?","T","M","M","R","B",null,"M","$","?","?","M","R","$","R","T","?","M","E","R","E","R","B"],"character_chosen":"THE_SILENT","items_purchased":["Omamori","Underhanded Strike","Akabeko"],"campfire_rested":0,"item_purchase_floors":[19,19,24],"current_hp_per_floor":[68,68,73,70,67,67,55,55,55,55,40,40,40,39,39,30,75,71,75,75,75,67,67,75,75,75,52,51,52,52,44,44,0,0],"gold":159,"neow_bonus":"TRANSFORM_TWO_CARDS","is_daily":false,"chose_seed":false,"campfire_upgraded":8,"win_rate":0.0,"timestamp":1613321694,"path_taken":["M","?","?","M","M","R","E","R","T","R","?","?","?","M","R","BOSS","M","$","?","?","M","R","$","R","T","?","M","E","R","E","R","BOSS"],"items_purchased_type":["Relic","Card","Relic"],"build_version":"2020-12-22","purchased_purges":0,"victory":false,"max_hp_per_floor":[70,70,75,75,75,75,75,75,75,75,75,75,75,75,75,75,75,75,75,75,75,75,75,75,75,75,52,52,52,52,52,52,52,52],"relic_stats":{"counters":[13,63],"Blue Candle":[0],"HoveringKite":[7],"MealTicket":12,"War Paint":["Defend_G","Defend_G"],"obtain_stats":[{"Blue Candle":26,"HoveringKite":17,"Omamori":19,"Paper Crane":12,"War Paint":29,"Ancient Tea Set":26,"Akabeko":24,"Matryoshka":9,"Ninja Scroll":31,"MealTicket":12,"Bag of Marbles":21,"Ring of the Snake":0,"Meat on the Bone":7},{"Blue Candle":9,"HoveringKite":7,"Omamori":8,"Paper Crane":4,"War Paint":11,"Ancient Tea Set":9,"Akabeko":9,"Matryoshka":4,"Ninja Scroll":12,"MealTicket":4,"Bag of Marbles":8,"Ring of the Snake":0,"Meat on the Bone":4},{"Blue Candle":46,"HoveringKite":42,"Omamori":44,"Paper Crane":24,"War Paint":55,"Ancient Tea Set":46,"Akabeko":46,"Matryoshka":24,"Ninja Scroll":58,"MealTicket":24,"Bag of Marbles":44,"Ring of the Snake":0,"Meat on the Bone":24}],"Ring of the Snake":[26],"Meat on the Bone":12},"card_choices":[{"not_picked":["Underhanded Strike","Dodge and Roll"],"picked":"Prepared","floor":1},{"not_picked":["Dagger Spray","Reflex"],"picked":"Backflip","floor":4},{"not_picked":["Deflect","Predator"],"picked":"Deadly Poison","floor":5},{"not_picked":["Well Laid Plans","Bouncing Flask"],"picked":"Crippling Poison","floor":7},{"not_picked":["Underhanded Strike","Prepared"],"picked":"PiercingWail","floor":13},{"not_picked":["Backflip","Flying Knee"],"picked":"Backstab","floor":14},{"not_picked":["Doppelganger","Night Terror"],"picked":"Corpse Explosion","floor":16},{"not_picked":["PiercingWail","Underhanded Strike+1"],"picked":"Acrobatics","floor":18},{"not_picked":["Flying Knee","Riddle With Holes","Underhanded Strike+1"],"picked":"SKIP","floor":22},{"not_picked":["Finisher","Riddle With Holes"],"picked":"Bouncing Flask","floor":28},{"not_picked":["Deadly Poison","Dagger Throw+1","Dodge and Roll"],"picked":"SKIP","floor":29},{"not_picked":["Expertise","Underhanded Strike","Storm of Steel"],"picked":"SKIP","floor":31}],"player_experience":145480,"relics_obtained":[{"floor":7,"key":"Meat on the Bone"},{"floor":9,"key":"Matryoshka"},{"floor":12,"key":"MealTicket"},{"floor":12,"key":"Paper Crane"},{"floor":26,"key":"Ancient Tea Set"},{"floor":26,"key":"Blue Candle"},{"floor":29,"key":"War Paint"},{"floor":31,"key":"Ninja Scroll"}],"event_choices":[{"damage_healed":0,"gold_gain":0,"player_choice":"Grow","damage_taken":0,"max_hp_gain":0,"max_hp_loss":0,"event_name":"Living Wall","floor":2,"gold_loss":0,"cards_upgraded":["Neutralize"]},{"damage_healed":0,"gold_gain":0,"player_choice":"Donut","damage_taken":0,"max_hp_gain":5,"max_hp_loss":0,"event_name":"Big Fish","floor":3,"gold_loss":0},{"damage_healed":0,"gold_gain":0,"player_choice":"Entered Light","damage_taken":15,"max_hp_gain":0,"max_hp_loss":0,"event_name":"Shining Light","floor":11,"gold_loss":0,"cards_upgraded":["Reflex","Defend_G"]},{"damage_healed":0,"gold_gain":99,"player_choice":"Stole From Cult","damage_taken":0,"max_hp_gain":0,"max_hp_loss":0,"event_name":"Nest","floor":20,"gold_loss":0},{"damage_healed":0,"gold_gain":0,"player_choice":"Stole Relic","damage_taken":0,"relics_obtained":["Bag of Marbles"],"max_hp_gain":0,"max_hp_loss":0,"event_name":"Addict","floor":21,"gold_loss":0,"cards_obtained":["Shame"]},{"damage_healed":0,"gold_gain":0,"player_choice":"Became a vampire","damage_taken":0,"max_hp_gain":0,"max_hp_loss":23,"event_name":"Vampires","floor":27,"gold_loss":0,"cards_obtained":["Bite","Bite","Bite","Bite","Bite"]}],"is_beta":false,"boss_relics":[{"not_picked":["Velvet Choker","Cursed Key"],"picked":"HoveringKite"}],"items_purged_floors":[],"is_endless":false,"potions_floor_spawned":[7,13,16,22,29],"killed_by":"Collector","ascension_level":4}}