{"host":"v9duy90nce28uent","time":1613285347,"event":{"mods":["BaseMod","Colored Map","Colored Powertips","Conspire","Downfall","Hermit","Highlight Path","Infinite Spire","Minty Spire (QoL Compilation)","Quick Restart","Rare Cards Sparkle","Replay The Spire","StSLib","The Cursed","The Disciple","The Hierophant","The Runesmith"],"gold_per_floor":[112,130,55,68,81,81,98,98,125,136,150,150,164,164,164,262,262,236,236,248,248,248,248],"floor_reached":21,"language":"ENG","playtime":3097,"items_purged":["sneckomod:SnekBite"],"score":175,"play_id":"3a88be72-cd73-461d-9260-46f33df95db3","local_time":"20210214014907","is_ascension_mode":false,"campfire_choices":[{"floor":6,"key":"REST"},{"floor":12,"key":"REST"},{"floor":15,"key":"REST"}],"circlet_count":0,"master_deck":["sneckomod:Strike","sneckomod:Strike","sneckomod:Strike","sneckomod:Defend","sneckomod:Defend","sneckomod:Defend","sneckomod:TailWhip","sneckomod:Unknown","sneckomod:Unknown","sneckomod:UnknownBlock","sneckomod:UnknownClassRUNESMITH_BEIGE","sneckomod:SerpentMind+1","sneckomod:UnknownClassRUNESMITH_BEIGE","sneckomod:UnknownDraw","sneckomod:UnknownClassGUARDIAN","sneckomod:CheapStock","sneckomod:UnknownBoss","Sickly","Survivor","sneckomod:MorePower","Purity","infinitespire:UltimateForm","sneckomod:UnknownClassSLIMEBOUND+1","sneckomod:UnknownClassHIEROPHANT_GOLD_COLOR+1","sneckomod:CheapStock","sneckomod:Unknown0Cost+1","sneckomod:UnknownCommonSkill+1"],"relics":["sneckomod:SneckoSoul","Bottled Tornado","Blood Vial","ReplayTheSpireMod:SealedPack"],"acts_visited":["Exordium","TheCity"],"potions_floor_usage":[5,16],"damage_taken":[{"damage":14,"enemies":"infinitespire:Voidling","floor":1,"turns":5},{"damage":0,"enemies":"Cultist","floor":2,"turns":3},{"damage":8,"enemies":"Small Slimes","floor":4,"turns":2},{"damage":29,"enemies":"Exordium Thugs","floor":5,"turns":9},{"damage":9,"enemies":"2 Fungi Beasts","floor":7,"turns":5},{"damage":2,"enemies":"Looter","floor":10,"turns":5},{"damage":20,"enemies":"conspire:2 RoseBushes","floor":11,"turns":8},{"damage":26,"enemies":"Gremlin Gang","floor":13,"turns":8},{"damage":28,"enemies":"Fading Forest","floor":16,"turns":11},{"damage":40,"enemies":"2 Thieves","floor":18,"turns":5},{"damage":41,"enemies":"Shell Parasite","floor":20,"turns":7},{"damage":26,"enemies":"Shelled Parasite and Fungi","floor":21,"turns":2}],"seed_played":"-6409282103965666761","potions_obtained":[{"floor":1,"key":"AttackPotion"},{"floor":4,"key":"SteroidPotion"},{"floor":11,"key":"SmokeBomb"},{"floor":13,"key":"GamblersBrew"}],"is_trial":false,"path_per_floor":["M","M","$","M","M","R","M","T","T","M","M","R","M","?","R","B",null,"M","?","M","M"],"character_chosen":"THE_SNECKO","items_purchased":[],"campfire_rested":3,"item_purchase_floors":[],"current_hp_per_floor":[85,85,85,77,48,77,68,68,68,68,50,79,55,55,84,68,99,59,59,20,0,0,0],"gold":248,"neow_bonus":"TEN_PERCENT_HP_BONUS","is_daily":false,"chose_seed":false,"campfire_upgraded":0,"win_rate":0.0,"timestamp":1613285347,"path_taken":["M","M","$","M","?","R","M","?","T","M","M","R","M","?","R","BOSS","M","?","M","M"],"items_purchased_type":[],"build_version":"2020-12-22","purchased_purges":1,"victory":false,"max_hp_per_floor":[99,99,99,99,99,99,99,99,99,99,99,99,99,99,99,99,99,99,99,99,99,99,99],"card_choices":[{"not_picked":["sneckomod:UnknownClassGUARDIAN","sneckomod:UnknownClassTHE_CURSED_PURPLE"],"picked":"sneckomod:UnknownBlock","floor":1},{"not_picked":["sneckomod:UnknownCommonSkill","sneckomod:ImprovisedGuard"],"picked":"sneckomod:UnknownClassRUNESMITH_BEIGE","floor":2},{"not_picked":["sneckomod:SoulDraw","sneckomod:UnknownClassGUARDIAN"],"picked":"sneckomod:SerpentMind","floor":4},{"not_picked":["sneckomod:UnknownClassGUARDIAN","sneckomod:DiceCrush"],"picked":"sneckomod:UnknownClassRUNESMITH_BEIGE","floor":5},{"not_picked":["sneckomod:DiceBoulder","sneckomod:RainOfDice","sneckomod:Nope"],"picked":"SKIP","floor":7},{"not_picked":["sneckomod:UnknownClassGUARDIAN","sneckomod:UnknownUncommonPower"],"picked":"sneckomod:UnknownDraw","floor":10},{"not_picked":["sneckomod:UnknownClassBLUE","sneckomod:SoulDraw"],"picked":"sneckomod:UnknownClassGUARDIAN","floor":11},{"not_picked":["sneckomod:DiceCrush","sneckomod:TrashToTreasure"],"picked":"sneckomod:CheapStock","floor":13},{"not_picked":["sneckomod:DangerNoodle","sneckomod:Mudshield"],"picked":"sneckomod:UnknownBoss","floor":16},{"not_picked":["Slimebound:CorrosiveSpit","champ:Execute"],"picked":"Survivor","floor":17},{"not_picked":["sneckomod:Unknown3Cost","sneckomod:DangerNoodle"],"picked":"sneckomod:MorePower","floor":17},{"not_picked":["Madness","Specialist"],"picked":"Purity","floor":17},{"not_picked":["infinitespire:SealOfDarkness+","infinitespire:Execution"],"picked":"infinitespire:UltimateForm","floor":17},{"not_picked":["sneckomod:UnknownClassINFINITE_BLACK+1","sneckomod:UnknownClassHEXA_GHOST_PURPLE+1"],"picked":"sneckomod:UnknownClassSLIMEBOUND+1","floor":18},{"not_picked":["sneckomod:Unknown2Cost","sneckomod:UnknownUncommonPower"],"picked":"sneckomod:UnknownClassHIEROPHANT_GOLD_COLOR+1","floor":18},{"not_picked":["sneckomod:UnknownUncommonAttack+1","sneckomod:UnknownClassGUARDIAN+1"],"picked":"sneckomod:Unknown0Cost+1","floor":20},{"not_picked":["sneckomod:UnendingSupply","sneckomod:UnknownClassCHRONO_GOLD+1"],"picked":"sneckomod:UnknownCommonSkill+1","floor":20}],"player_experience":98588,"relics_obtained":[{"floor":8,"key":"Bottled Tornado"},{"floor":9,"key":"Blood Vial"}],"event_choices":[{"damage_healed":0,"gold_gain":0,"player_choice":"Forge","damage_taken":0,"max_hp_gain":0,"max_hp_loss":0,"event_name":"Accursed Blacksmith","floor":14,"gold_loss":0,"cards_upgraded":["sneckomod:SerpentMind"]},{"damage_healed":0,"gold_gain":0,"player_choice":"Read","damage_taken":0,"max_hp_gain":0,"max_hp_loss":0,"event_name":"The Library","floor":19,"gold_loss":0,"cards_obtained":["sneckomod:CheapStock"]}],"is_beta":false,"boss_relics":[{"not_picked":["Painkiller Herb","Snecko Eye"],"picked":"ReplayTheSpireMod:SealedPack"}],"items_purged_floors":[3],"is_endless":false,"potions_floor_spawned":[1,4,11,13],"killed_by":"Shelled Parasite and Fungi","ascension_level":0}}