{"host":"4910ieaty0kopslr","time":1613269545,"event":{"mods":["BaseMod","BetterRewards","Challenge The Spire","Clawfect","Conspire","Googly Eyes","Marisa????????","Mimic Mod","Minty Spire (QoL Compilation)","Reworked Bosses"],"gold_per_floor":[115,115,67,99,99,147,172,203,248,282,312,312,340,369,369,473,473,498,304,304,348,367,411,443,469,469,469,490,490,405,459,459,582,582,620,658,271,107,107,107,116,190,190,224,247,247,352,418,418,418,418],"floor_reached":50,"language":"ENG","playtime":3642,"items_purged":["Defend_P"],"score":828,"play_id":"386d0b81-35fe-4920-8b4e-36625b4ffd68","local_time":"20210213202545","daily_mods":["Chimera","Allstar","DeadlyEvents","Uncertain Future"],"is_ascension_mode":true,"campfire_choices":[{"floor":12,"key":"REST"},{"data":"ManaRampage","floor":15,"key":"SMITH"},{"floor":27,"key":"REST"},{"floor":29,"key":"REST"},{"floor":32,"key":"REST"},{"floor":40,"key":"REST"},{"floor":46,"key":"REST"},{"floor":49,"key":"REST"}],"circlet_count":4,"master_deck":["Bash","Zap","Eruption","Chrysalis","Madness","Madness","DC","WitchOfGreed","ManaRampage+1","PowerUp","MillisecondPulsars","LuminesStrike","Singularity","GrandCross","LuminesStrike","MysteriousBeam","CasketOfStar","MysteriousBeam","WitchOfGreed","PowerUp","MysteriousBeam","Bite","Bite","Bite","Bite","Bite","UnstableBomb","PowerUp","LuminesStrike","SuperPerseids","PulseMagic","IllusionStar","IllusionStar+1","BigCrunch+1","MilkyWay+1","PulseMagic","Mayhem","IllusionStar+1","WitchOfGreed","DarkSpark","conspire:SpireCoStock","conspire:SpireCoStock","conspire:SpireCoStock","conspire:SpireCoStock","Pain","Acceleration","MagicChant+1","BlazeAway+1","WitchLeyline","IllusionStar"],"relics":["MiniHakkero","Circlet","Nunchaku","Empty Cage","Matryoshka","CeramicFish","Toy Ornithopter","Pandora\u0027s Box","The Courier","WarpedTongs","War Paint"],"acts_visited":["Exordium","TheCity","TheBeyond"],"potions_floor_usage":[8,10,16,21,22,22,24,25,28,31,35,36,37,42,44,44,44,44,48,48,50,50,50],"damage_taken":[{"damage":12.0,"enemies":"conspire:RoseBush","floor":1.0,"turns":2.0},{"damage":0.0,"enemies":"Jaw Worm","floor":4.0,"turns":3.0},{"damage":0.0,"enemies":"Gremlin Nob","floor":6.0,"turns":3.0},{"damage":0,"enemies":"2 Louse","floor":7,"turns":3},{"damage":10,"enemies":"conspire:2 RoseBushes","floor":8,"turns":2},{"damage":7,"enemies":"Exordium Wildlife","floor":9,"turns":4},{"damage":6,"enemies":"Exordium Wildlife","floor":10,"turns":3},{"damage":0,"enemies":"Replay:BlueRogue","floor":11,"turns":1},{"damage":12,"enemies":"Blue Slaver","floor":13,"turns":2},{"damage":0,"enemies":"3 Louse","floor":14,"turns":2},{"damage":0,"enemies":"Fading Forest","floor":16,"turns":1},{"damage":10,"enemies":"Chosen","floor":18,"turns":2},{"damage":8,"enemies":"conspire:FuzzyDice","floor":21,"turns":2},{"damage":20,"enemies":"Centurion and Healer","floor":22,"turns":3},{"damage":0,"enemies":"Gremlin Leader","floor":23,"turns":2},{"damage":15,"enemies":"Snecko","floor":24,"turns":3},{"damage":10,"enemies":"Sentry and Sphere","floor":25,"turns":3},{"damage":0,"enemies":"Centurion and Healer","floor":28,"turns":2},{"damage":26,"enemies":"Slavers","floor":31,"turns":3},{"damage":32,"enemies":"bossMod:newChamp","floor":33,"turns":6},{"damage":10,"enemies":"Orb Walker","floor":35,"turns":2},{"damage":43,"enemies":"3 Shapes","floor":36,"turns":3},{"damage":57,"enemies":"Maw","floor":42,"turns":6},{"damage":3,"enemies":"Writhing Mass","floor":44,"turns":2},{"damage":9,"enemies":"Jaw Worm Horde","floor":45,"turns":2},{"damage":20,"enemies":"Maw","floor":47,"turns":3},{"damage":0,"enemies":"Reptomancer","floor":48,"turns":2},{"damage":66,"enemies":"Time Eater","floor":50,"turns":3}],"seed_played":"-4621291369734783567","potions_obtained":[{"floor":1.0,"key":"Fire Potion"},{"floor":4.0,"key":"AttackPotion"},{"floor":6.0,"key":"Block Potion"},{"floor":8,"key":"ColorlessPotion"},{"floor":8,"key":"FairyPotion"},{"floor":9,"key":"Regen Potion"},{"floor":10,"key":"GamblersBrew"},{"floor":13,"key":"LiquidMemories"},{"floor":16,"key":"Fruit Juice"},{"floor":21,"key":"SpeedPotion"},{"floor":21,"key":"GamblersBrew"},{"floor":22,"key":"Strength Potion"},{"floor":23,"key":"EssenceOfSteel"},{"floor":23,"key":"BlessingOfTheForge"},{"floor":24,"key":"SpeedPotion"},{"floor":25,"key":"BottledSpark"},{"floor":25,"key":"Explosive Potion"},{"floor":33,"key":"LiquidBronze"},{"floor":33,"key":"Strength Potion"},{"floor":35,"key":"Swift Potion"},{"floor":36,"key":"Fire Potion"},{"floor":42,"key":"SkillPotion"},{"floor":42,"key":"EntropicBrew"},{"floor":42,"key":"Weak Potion"},{"floor":47,"key":"Energy Potion"},{"floor":47,"key":"DistilledChaos"},{"floor":48,"key":"LiquidBronze"},{"floor":48,"key":"BlessingOfTheForge"}],"is_trial":true,"path_per_floor":["M","?","$","M","$","E","M","M","MIM","M","E","R","M","M","R","B",null,"M","$","?","M","M","E","M","M","T","R","M","R","?","E","R","B",null,"M","M","$","?","T","R","?","M","T","M","M","R","M","E","R","B"],"character_chosen":"MARISA","items_purchased":["WitchOfGreed","WitchOfGreed","PowerUp","MysteriousBeam","Mayhem","Fruit Juice","IllusionStar","WitchOfGreed","DarkSpark"],"campfire_rested":7,"item_purchase_floors":[3,19,19,19,37,37,37,37,37],"current_hp_per_floor":[63,63,63,63,63,63,63,53,46,45,45,67,55,55,55,60,80,70,70,56,48,34,34,24,20,20,36,38,54,54,32,48,24,56,51,17,27,27,27,45,45,18,18,35,26,44,24,36,54,0,0],"gold":418,"neow_bonus":"","is_daily":false,"chose_seed":false,"campfire_upgraded":1,"win_rate":0.0,"timestamp":1613269545,"path_taken":["M","?","?","M","$","E","M","M","MIM","M","?","R","M","M","R","BOSS","M","$","?","M","M","E","M","M","T","R","M","R","?","?","R","BOSS","M","M","$","?","?","R","?","M","T","M","M","R","M","E","R","BOSS"],"items_purchased_type":["Card","Card","Card","Card","Card","Potion","Card","Card","Card"],"build_version":"2020-12-22","purchased_purges":1,"victory":false,"max_hp_per_floor":[75,75,75,75,75,75,75,75,75,75,75,75,75,75,75,80,80,80,80,56,56,56,56,56,56,56,56,56,56,56,56,56,56,56,56,56,61,61,61,61,61,61,61,61,61,61,61,61,61,61,61],"card_choices":[{"not_picked":["GrandCross","MysteriousBeam","SporeBomb"],"picked":"DC","floor":1.0},{"not_picked":["DoubleSpark","NonDirectionalLaser","UnstableBomb"],"picked":"FairyDestructionRay","floor":4.0},{"not_picked":["LuminesStrike","Occultation","AsteroidBelt"],"picked":"ManaRampage","floor":6.0},{"not_picked":["EventHorizon","WitchLeyline"],"picked":"PowerUp","floor":7},{"not_picked":["NonDirectionalLaser","ManaConvection"],"picked":"MillisecondPulsars","floor":8},{"not_picked":["GalacticHalo","SprinkleStarSeal"],"picked":"LuminesStrike","floor":9},{"not_picked":["WitchLeyline","PowerUp"],"picked":"Singularity","floor":10},{"not_picked":["Acceleration","Occultation"],"picked":"GrandCross","floor":11},{"not_picked":["MeteoricShower","MilkyWay"],"picked":"LuminesStrike","floor":13},{"not_picked":["GravityBeat","RefractionSpark"],"picked":"MysteriousBeam","floor":14},{"not_picked":["SuperNova","SatelliteIllusion"],"picked":"CasketOfStar","floor":16},{"not_picked":["EarthLightRay","DC"],"picked":"MysteriousBeam","floor":18},{"not_picked":["MachineGunSpark","DC"],"picked":"UnstableBomb","floor":21},{"not_picked":["SporeBomb","NonDirectionalLaser"],"picked":"PowerUp","floor":22},{"not_picked":["GalacticHalo","DoubleSpark+1"],"picked":"LuminesStrike","floor":23},{"not_picked":["OortCloud","6A"],"picked":"SuperPerseids","floor":24},{"not_picked":["NonDirectionalLaser","ShootingEcho"],"picked":"PulseMagic","floor":25},{"not_picked":["OpenUniverse","MillisecondPulsars"],"picked":"IllusionStar","floor":28},{"not_picked":["SporeBomb","OrrerysSun"],"picked":"IllusionStar+1","floor":31},{"not_picked":["BinaryStars","StarDustReverie"],"picked":"BigCrunch","floor":33},{"not_picked":["NonDirectionalLaser+1","ShootTheMoon"],"picked":"MilkyWay+1","floor":35},{"not_picked":["PowerUp","SprinkleStarSeal"],"picked":"PulseMagic","floor":36},{"not_picked":["NonDirectionalLaser+1","DoubleSpark+1"],"picked":"Acceleration","floor":42},{"not_picked":["DoubleSpark","AbsoluteMagnitude"],"picked":"MagicChant+1","floor":44},{"not_picked":["Acceleration","PowerUp"],"picked":"BlazeAway+1","floor":45},{"not_picked":["LuminesStrike","OpenUniverse"],"picked":"WitchLeyline","floor":47},{"not_picked":["RefractionSpark","ManaConvection+1"],"picked":"IllusionStar","floor":48}],"player_experience":382711,"relics_obtained":[{"floor":6.0,"key":"Nunchaku"},{"floor":11,"key":"Circlet"},{"floor":23,"key":"Matryoshka"},{"floor":26,"key":"CeramicFish"},{"floor":26,"key":"Circlet"},{"floor":31,"key":"Circlet"},{"floor":39,"key":"The Courier"},{"floor":39,"key":"Circlet"},{"floor":43,"key":"War Paint"},{"floor":48,"key":"Circlet"}],"event_choices":[{"cards_removed":["PlatinumSkin"],"damage_healed":0.0,"max_hp_gain":0.0,"max_hp_loss":0.0,"gold_gain":0.0,"event_name":"Purifier","player_choice":"Purged","floor":2.0,"gold_loss":0.0,"damage_taken":0.0},{"damage_healed":0,"gold_gain":0,"player_choice":"Became a vampire","damage_taken":0,"max_hp_gain":0,"max_hp_loss":24,"event_name":"Vampires","floor":20,"gold_loss":0,"cards_obtained":["Bite","Bite","Bite","Bite","Bite"]},{"damage_healed":0,"gold_gain":0,"player_choice":"Obtained Relic","damage_taken":0,"relics_obtained":["Toy Ornithopter"],"max_hp_gain":0,"max_hp_loss":0,"event_name":"Addict","floor":30,"gold_loss":85},{"damage_healed":0,"gold_gain":0,"player_choice":"Invest 4","damage_taken":0,"max_hp_gain":0,"max_hp_loss":0,"event_name":"conspire:Investor","floor":38,"gold_loss":0},{"damage_healed":0,"gold_gain":0,"player_choice":"Rummage","damage_taken":0,"relics_obtained":["WarpedTongs"],"max_hp_gain":0,"max_hp_loss":0,"event_name":"Accursed Blacksmith","floor":41,"gold_loss":0,"cards_obtained":["Pain"]}],"is_beta":false,"boss_relics":[{"not_picked":["Circlet","Circlet"],"picked":"Empty Cage"},{"not_picked":["Circlet","Circlet"],"picked":"Pandora\u0027s Box"}],"items_purged_floors":[19],"is_endless":true,"potions_floor_spawned":[1,8,13,14,16,22,23,25,33,35,36,42,48],"killed_by":"Time Eater","ascension_level":0}}