{"host":"x3688v8yj57o2b0e","time":1613328883,"event":{"mods":["BaseMod","Minty Spire (QoL Compilation)"],"gold_per_floor":[119,119,119,21,34,34,47,147,147,180,193,193,221,238,238,335,335,349,361,361,361,373,403,403,433,433,433,433,433,433,447,447,447,447],"floor_reached":33,"language":"ENG","playtime":2943,"items_purged":["Pain"],"score":362,"play_id":"1e2715d4-ff34-4378-bd0c-b0ee2ebba413","local_time":"20210214135443","is_ascension_mode":true,"campfire_choices":[{"data":"Bash","floor":6,"key":"SMITH"},{"data":"Spot Weakness","floor":12,"key":"SMITH"},{"floor":15,"key":"REST"},{"floor":24,"key":"REST"},{"data":"Whirlwind","floor":27,"key":"SMITH"},{"data":"Bite","floor":29,"key":"SMITH"},{"data":"True Grit","floor":32,"key":"SMITH"}],"circlet_count":0,"master_deck":["Defend_R+1","Defend_R+1","Defend_R+1","Bash+1","Cleave","Shrug It Off","Intimidate","Whirlwind+1","Spot Weakness+1","Headbutt","Offering+1","Sentinel","Corruption","Havoc+1","Rupture","Metallicize","Shockwave","Armaments+1","Bite+1","Bite","Bite","Bite","Bite","True Grit+1"],"relics":["Philosopher\u0027s Stone","WarpedTongs","Ice Cream","Bottled Lightning","Orichalcum","Black Star","Matryoshka","War Paint","Meat on the Bone","Question Card","Sundial","Oddly Smooth Stone","The Courier"],"acts_visited":["Exordium","TheCity"],"potions_floor_usage":[16,18,25,25,33],"damage_taken":[{"damage":2,"enemies":"Cultist","floor":1,"turns":3},{"damage":0,"enemies":"Jaw Worm","floor":5,"turns":3},{"damage":0,"enemies":"2 Louse","floor":7,"turns":2},{"damage":17,"enemies":"Gremlin Nob","floor":10,"turns":3},{"damage":2,"enemies":"Red Slaver","floor":11,"turns":3},{"damage":26,"enemies":"Lagavulin","floor":13,"turns":6},{"damage":6,"enemies":"Exordium Wildlife","floor":14,"turns":1},{"damage":14,"enemies":"The Guardian","floor":16,"turns":8},{"damage":21,"enemies":"Shell Parasite","floor":18,"turns":4},{"damage":0,"enemies":"3 Byrds","floor":19,"turns":3},{"damage":38,"enemies":"Snake Plant","floor":22,"turns":3},{"damage":31,"enemies":"Gremlin Leader","floor":23,"turns":6},{"damage":23,"enemies":"Book of Stabbing","floor":25,"turns":5},{"damage":6,"enemies":"Centurion and Healer","floor":31,"turns":5},{"damage":70,"enemies":"Automaton","floor":33,"turns":8}],"seed_played":"4721479206620787842","potions_obtained":[{"floor":10,"key":"Ancient Potion"},{"floor":11,"key":"Swift Potion"},{"floor":13,"key":"Fruit Juice"},{"floor":16,"key":"BloodPotion"},{"floor":18,"key":"HeartOfIron"},{"floor":31,"key":"LiquidBronze"}],"is_trial":false,"path_per_floor":["M","?","?","$","M","R","M","?","T","E","M","R","E","M","R","B",null,"M","M","T","?","M","E","R","E","T","R","?","R","?","M","R","B"],"character_chosen":"IRONCLAD","items_purchased":["Shrug It Off"],"campfire_rested":2,"item_purchase_floors":[4],"current_hp_per_floor":[78,62,62,62,62,62,62,62,62,45,43,43,17,11,35,26,85,81,81,81,81,43,12,37,26,26,26,26,26,26,43,43,0,0],"gold":447,"neow_bonus":"BOSS_RELIC","is_daily":false,"chose_seed":false,"campfire_upgraded":5,"win_rate":0.0,"timestamp":1613328883,"path_taken":["M","?","?","$","M","R","?","?","T","E","M","R","E","M","R","BOSS","M","M","?","?","?","E","R","E","T","R","?","R","?","M","R","BOSS"],"items_purchased_type":["Card"],"build_version":"2020-12-22","purchased_purges":1,"victory":false,"max_hp_per_floor":[80,80,80,80,80,80,80,80,80,80,80,80,80,80,80,85,85,85,85,85,85,85,85,85,85,85,85,59,59,59,59,59,59,59],"card_choices":[{"not_picked":["Twin Strike","Carnage"],"picked":"Cleave","floor":1},{"not_picked":["Warcry","Perfected Strike"],"picked":"Intimidate","floor":5},{"not_picked":["Disarm","Heavy Blade"],"picked":"Whirlwind","floor":7},{"not_picked":["Rage","Rupture"],"picked":"Spot Weakness","floor":10},{"not_picked":["Thunderclap","Blood for Blood"],"picked":"Headbutt","floor":11},{"not_picked":["Intimidate","Sever Soul"],"picked":"Offering","floor":13},{"not_picked":["Clash","Iron Wave"],"picked":"Sentinel","floor":14},{"not_picked":["Juggernaut","Immolate"],"picked":"Corruption","floor":16},{"not_picked":["Sword Boomerang+1","Uppercut"],"picked":"Havoc+1","floor":18},{"not_picked":["Disarm+1","Headbutt"],"picked":"Rupture","floor":19},{"not_picked":["Warcry","Carnage"],"picked":"Metallicize","floor":22},{"not_picked":["Wild Strike","Bloodletting"],"picked":"Shockwave","floor":23},{"not_picked":["Shockwave","Sword Boomerang"],"picked":"Armaments+1","floor":25},{"not_picked":["Anger","Pommel Strike","Sentinel"],"picked":"True Grit","floor":31}],"player_experience":235212,"relics_obtained":[{"floor":9,"key":"Ice Cream"},{"floor":10,"key":"Bottled Lightning"},{"floor":13,"key":"Orichalcum"},{"floor":20,"key":"Matryoshka"},{"floor":23,"key":"War Paint"},{"floor":23,"key":"Meat on the Bone"},{"floor":25,"key":"Question Card"},{"floor":25,"key":"Sundial"},{"floor":26,"key":"Oddly Smooth Stone"},{"floor":26,"key":"The Courier"}],"event_choices":[{"damage_healed":0,"gold_gain":0,"player_choice":"Entered Light","damage_taken":16,"max_hp_gain":0,"max_hp_loss":0,"event_name":"Shining Light","floor":2,"gold_loss":0,"cards_upgraded":["Defend_R","Defend_R"]},{"damage_healed":0,"gold_gain":0,"player_choice":"Rummage","damage_taken":0,"relics_obtained":["WarpedTongs"],"max_hp_gain":0,"max_hp_loss":0,"event_name":"Accursed Blacksmith","floor":3,"gold_loss":0,"cards_obtained":["Pain"]},{"damage_healed":0,"gold_gain":100,"player_choice":"Pray","damage_taken":0,"max_hp_gain":0,"max_hp_loss":0,"event_name":"Golden Shrine","floor":8,"gold_loss":0},{"damage_healed":0,"gold_gain":0,"player_choice":"Ignored","damage_taken":0,"max_hp_gain":0,"max_hp_loss":0,"event_name":"N\u0027loth","floor":21,"gold_loss":0},{"damage_healed":0,"gold_gain":0,"player_choice":"Became a vampire","damage_taken":0,"max_hp_gain":0,"max_hp_loss":26,"event_name":"Vampires","floor":28,"gold_loss":0,"cards_obtained":["Bite","Bite","Bite","Bite","Bite"]},{"cards_removed":["Defend_R"],"damage_healed":0,"gold_gain":0,"player_choice":"Purged","damage_taken":0,"max_hp_gain":0,"max_hp_loss":0,"event_name":"Purifier","floor":30,"gold_loss":0}],"is_beta":false,"boss_relics":[{"not_picked":["Runic Cube","Calling Bell"],"picked":"Black Star"}],"items_purged_floors":[4],"is_endless":false,"potions_floor_spawned":[10,11,13,14,16,18,19,22,31],"killed_by":"Automaton","ascension_level":3}}