{"host":"6xnetdfutjfdr70g","time":1613345108,"event":{"mods":["BaseMod","Colored Powertips","Highlight Path","Minty Spire (QoL Compilation)","Relic Stats"],"gold_per_floor":[16,35,335,335,435,435,451,451,523,554,578,578,621,646,646,646,646],"floor_reached":16,"language":"ENG","playtime":415,"items_purged":[],"score":187,"play_id":"515bcbd3-9de0-4dd0-b62b-37717e8d254c","local_time":"20210214172508","is_ascension_mode":true,"campfire_choices":[{"floor":6.0,"key":"REST"},{"data":"Zap","floor":8.0,"key":"SMITH"},{"floor":12.0,"key":"REST"},{"floor":15.0,"key":"REST"}],"circlet_count":0,"master_deck":["AscendersBane","Strike_B","Strike_B","Strike_B","Strike_B","Defend_B","Defend_B","Defend_B","Defend_B","Zap+1","Dualcast","The Bomb","Hologram","Capacitor","Creative AI+1","Loop+1","Chill","FTL"],"relics":["Cracked Core","Old Coin","Golden Idol","Frozen Egg 2","Kunai","StoneCalendar"],"acts_visited":["Exordium"],"potions_floor_usage":[],"damage_taken":[{"damage":7.0,"enemies":"Jaw Worm","floor":1.0,"turns":3.0},{"damage":7.0,"enemies":"2 Louse","floor":2.0,"turns":3.0},{"damage":0.0,"enemies":"Cultist","floor":7.0,"turns":3.0},{"damage":35.0,"enemies":"3 Sentries","floor":10.0,"turns":5.0},{"damage":12.0,"enemies":"Large Slime","floor":11.0,"turns":4.0},{"damage":32.0,"enemies":"Lagavulin","floor":13.0,"turns":5.0},{"damage":16.0,"enemies":"Exordium Thugs","floor":14.0,"turns":3.0},{"damage":23,"enemies":"The Guardian","floor":16,"turns":4}],"seed_played":"-420332675544983011","potions_obtained":[{"floor":2.0,"key":"FairyPotion"},{"floor":7.0,"key":"SmokeBomb"}],"is_trial":false,"path_per_floor":["M","M","?","?","?","R","M","R","T","E","M","R","E","M","R","B"],"character_chosen":"DEFECT","items_purchased":[],"campfire_rested":3,"item_purchase_floors":[],"current_hp_per_floor":[57,50,38,38,38,57,57,57,57,22,10,29,19,3,22,0,0],"gold":646,"neow_bonus":"RANDOM_COLORLESS_2","is_daily":false,"chose_seed":false,"campfire_upgraded":1,"win_rate":0.0,"timestamp":1613345108,"path_taken":["M","M","?","?","?","R","M","R","T","E","M","R","E","?","R","BOSS"],"items_purchased_type":[],"build_version":"2020-12-22","purchased_purges":0,"victory":false,"max_hp_per_floor":[71,71,71,66,66,66,66,66,66,66,66,66,66,66,66,66,66],"relic_stats":{"counters":[8,30],"Golden Idol":28,"StoneCalendar":[0],"Kunai":[1],"obtain_stats":[{"Golden Idol":4,"StoneCalendar":13,"Kunai":10,"Frozen Egg 2":9,"Cracked Core":0,"Old Coin":3},{"Golden Idol":2,"StoneCalendar":6,"Kunai":4,"Frozen Egg 2":3,"Cracked Core":0,"Old Coin":2},{"Golden Idol":6,"StoneCalendar":23,"Kunai":14,"Frozen Egg 2":9,"Cracked Core":0,"Old Coin":6}]},"card_choices":[{"not_picked":["Master of Strategy","Transmutation"],"picked":"The Bomb","floor":0.0},{"not_picked":["Ball Lightning","Stack"],"picked":"Hologram","floor":1.0},{"not_picked":["Streamline","Storm"],"picked":"Capacitor","floor":2.0},{"not_picked":["Barrage","Gash","Heatsinks"],"picked":"SKIP","floor":7.0},{"not_picked":["Cold Snap","Turbo"],"picked":"Creative AI+1","floor":10.0},{"not_picked":["Beam Cell","Cold Snap"],"picked":"Loop+1","floor":11.0},{"not_picked":["Ball Lightning","Sweeping Beam"],"picked":"Chill","floor":13.0},{"not_picked":["Go for the Eyes","Turbo"],"picked":"FTL","floor":14.0}],"player_experience":464013,"relics_obtained":[{"floor":9.0,"key":"Frozen Egg 2"},{"floor":10.0,"key":"Kunai"},{"floor":13.0,"key":"StoneCalendar"}],"event_choices":[{"damage_healed":0.0,"max_hp_gain":0.0,"max_hp_loss":0.0,"gold_gain":0.0,"event_name":"Scrap Ooze","player_choice":"Success","floor":3.0,"gold_loss":0.0,"damage_taken":12.0,"relics_obtained":["Old Coin"]},{"damage_healed":0.0,"max_hp_gain":0.0,"max_hp_loss":5.0,"gold_gain":0.0,"event_name":"Golden Idol","player_choice":"Lose Max HP","floor":4.0,"gold_loss":0.0,"damage_taken":0.0,"relics_obtained":["Golden Idol"]},{"damage_healed":0.0,"max_hp_gain":0.0,"max_hp_loss":0.0,"gold_gain":100.0,"event_name":"Golden Shrine","player_choice":"Pray","floor":5.0,"gold_loss":0.0,"damage_taken":0.0}],"is_beta":false,"boss_relics":[],"items_purged_floors":[],"is_endless":false,"potions_floor_spawned":[2,7,11],"killed_by":"The Guardian","ascension_level":14}}