{"host":"7qdnj56gqvs5vt6s","time":1613323775,"event":{"mods":["BaseMod","Colored Map","Hermit","Hubris","Minty Spire (QoL Compilation)","Replay The Spire","StSLib"],"gold_per_floor":[112,129,75,93,93,109,181,216,216,216,216,246,246,246,246,359,359,397,322,352,412,182,227,255,255,279,413,443,165,165,196,196,324,324,354,420,380,407,407,464,153,153,153,107,149,149,185,230,230,264],"floor_reached":51,"language":"ENG","playtime":2604,"items_purged":[],"score":820,"play_id":"2afbd411-4f8c-4514-94e5-51b5bc700317","local_time":"20210214092935","is_ascension_mode":false,"campfire_choices":[{"data":"hermit:CursedWeapon","floor":10,"key":"SMITH"},{"data":"hermit:Quickdraw","floor":13,"key":"SMITH"},{"data":"hermit:Ricochet","floor":15,"key":"SMITH"},{"floor":25,"key":"REST"},{"data":"hermit:GoldenBullet","floor":30,"key":"SMITH"},{"floor":32,"key":"REST"},{"data":"hermit:CursedWeapon","floor":42,"key":"SMITH"},{"floor":46,"key":"REST"},{"data":"hermit:Quickdraw","floor":49,"key":"SMITH"}],"circlet_count":0,"master_deck":["hermit:Strike_Hermit","hermit:Strike_Hermit","hermit:Strike_Hermit+1","hermit:Strike_Hermit","hermit:Defend_Hermit","hermit:Defend_Hermit","hermit:Defend_Hermit+1","hermit:Defend_Hermit+1","hermit:Snapshot","hermit:Covet","hermit:Desperado","hermit:TrackingShot","hermit:Quickdraw+1","hermit:Ricochet+1","hermit:TrackingShot","hermit:CursedWeapon+1","hermit:Misfire","hermit:Reprieve","Clumsy","Clumsy","hermit:Ricochet","ReplayTheSpireMod:Splinters","hermit:Snipe","hermit:TrackingShot","hermit:SprayPray","hermit:Malice","hermit:Virtue","hermit:Quickdraw","hermit:SprayPray","hermit:Snipe","hermit:GoldenBullet+1","hermit:Ricochet","hermit:RoundhouseKick","Master of Strategy","Panache","Good Instincts","hermit:Maintenance+1","hermit:Ricochet","hermit:Quickdraw+1","hermit:Malice+1","Flash of Steel","hermit:CursedWeapon+1","hermit:Quickdraw+1","hermit:SprayPray+1"],"relics":["hermit:Momento","Potion Belt","ReplayTheSpireMod:Ring of Exchange","Ring of Searing","Onion Ring","Replay:Bandana","ReplayTheSpireMod:Lightbulb","hubris:Icosahedron","Replay:Ancient Bell","hubris:OldNail","hubris:Metronome","Du-Vu Doll","Juzu Bracelet","ReplayTheSpireMod:Ninjato","War Paint","CaptainsWheel","hubris:PeanutButter","Blood Vial","ReplayTheSpireMod:ShopPack","Replay:Towering Pillar of Hats","hubris:Towel","Question Card","Regal Pillow","Shuriken"],"acts_visited":["Exordium","TheCity","TheBeyond"],"potions_floor_usage":[8,23,31,33,33,36,40,40,50,50,50,50,50,50,50,50],"damage_taken":[{"damage":0,"enemies":"Cultist","floor":1,"turns":3},{"damage":3,"enemies":"Small Slimes","floor":2,"turns":2},{"damage":0,"enemies":"Jaw Worm","floor":4,"turns":2},{"damage":5,"enemies":"3 Louse","floor":6,"turns":2},{"damage":16,"enemies":"3 Sentries","floor":8,"turns":5},{"damage":2,"enemies":"Blue Slaver","floor":12,"turns":2},{"damage":47,"enemies":"Hexaghost","floor":16,"turns":8},{"damage":21,"enemies":"3 Byrds","floor":18,"turns":4},{"damage":13,"enemies":"Shell Parasite","floor":20,"turns":2},{"damage":20,"enemies":"Book of Stabbing","floor":23,"turns":3},{"damage":7,"enemies":"Centurion and Healer","floor":24,"turns":2},{"damage":7,"enemies":"Colosseum Slavers","floor":27,"turns":2},{"damage":8,"enemies":"Colosseum Nobs","floor":27,"turns":3},{"damage":0,"enemies":"Cultist and Chosen","floor":28,"turns":2},{"damage":0,"enemies":"Shelled Parasite and Fungi","floor":31,"turns":2},{"damage":25,"enemies":"hubris:MusketHawk","floor":33,"turns":6},{"damage":0,"enemies":"Orb Walker","floor":35,"turns":2},{"damage":19,"enemies":"Mind Bloom Boss Battle","floor":36,"turns":4},{"damage":4,"enemies":"3 Darklings","floor":38,"turns":2},{"damage":25,"enemies":"Nemesis","floor":40,"turns":3},{"damage":20,"enemies":"4 Shapes","floor":45,"turns":2},{"damage":9,"enemies":"Jaw Worm Horde","floor":47,"turns":2},{"damage":11,"enemies":"Transient","floor":48,"turns":5},{"damage":19,"enemies":"Donu and Deca","floor":50,"turns":4}],"seed_played":"-1377852430534300457","potions_obtained":[{"floor":1,"key":"SteroidPotion"},{"floor":4,"key":"Adrenaline Potion"},{"floor":12,"key":"GamblersBrew"},{"floor":18,"key":"GamblersBrew"},{"floor":21,"key":"CultistPotion"},{"floor":21,"key":"BlessingOfTheForge"},{"floor":21,"key":"Energy Potion"},{"floor":24,"key":"LifebloodPotion"},{"floor":33,"key":"SteroidPotion"},{"floor":37,"key":"EntropicBrew"},{"floor":37,"key":"Elixir"},{"floor":37,"key":"Adrenaline Potion"},{"floor":45,"key":"EssenceOfSteel"},{"floor":47,"key":"Dexterity Potion"},{"floor":48,"key":"BlessingOfTheForge"}],"is_trial":false,"path_per_floor":["M","M","$","M","?","M","T","E","T","R","?","M","R","?","R","B",null,"M","?","M","?","$","E","M","R","T","?","M","$","R","M","R","B",null,"M","?","?","M","?","E","$","R","T","$","M","R","M","M","R","B",null],"character_chosen":"HERMIT","items_purchased":["hermit:Quickdraw","hermit:TrackingShot","hermit:SprayPray","Juzu Bracelet","Blood Vial","hermit:Snipe","hermit:GoldenBullet","Flash of Steel","hermit:CursedWeapon","Regal Pillow","hermit:Quickdraw"],"campfire_rested":3,"item_purchase_floors":[3,22,22,22,29,29,29,41,41,41,44],"current_hp_per_floor":[75,72,72,72,72,67,67,51,51,51,51,49,49,49,49,2,75,54,54,53,53,53,33,26,48,48,33,33,33,33,51,73,50,75,75,56,56,54,54,47,47,47,47,47,29,66,59,58,58,41],"gold":264,"neow_bonus":"RANDOM_COMMON_RELIC","is_daily":false,"chose_seed":false,"campfire_upgraded":6,"win_rate":0.0,"timestamp":1613323775,"path_taken":["M","?","$","M","?","M","?","E","T","R","?","M","R","?","R","BOSS","M","?","M","?","$","E","M","R","T","?","M","$","R","M","R","BOSS","M","?","?","M","?","E","$","R","T","$","M","R","M","M","R","BOSS"],"items_purchased_type":["Card","Card","Card","Relic","Relic","Card","Card","Card","Card","Relic","Card"],"build_version":"2020-12-22","purchased_purges":0,"victory":true,"max_hp_per_floor":[75,75,75,75,75,75,75,75,75,75,75,75,75,75,75,75,75,75,75,75,75,75,75,75,75,75,75,75,75,75,75,75,75,75,75,75,75,75,75,75,75,75,75,75,75,75,75,75,75,75],"card_choices":[{"not_picked":["hermit:FullyLoaded","hermit:Dive"],"picked":"hermit:Desperado","floor":1},{"not_picked":["hermit:FlashPowder","hermit:Misfire"],"picked":"hermit:TrackingShot","floor":2},{"not_picked":["hermit:HighCaliber","hermit:Manifest"],"picked":"hermit:Ricochet","floor":4},{"not_picked":["hermit:Roulette","hermit:HoleUp"],"picked":"hermit:TrackingShot","floor":6},{"not_picked":["hermit:Enervate","hermit:HoleUp"],"picked":"hermit:CursedWeapon","floor":8},{"not_picked":["hermit:HoleUp","hermit:Dive"],"picked":"hermit:Misfire","floor":12},{"not_picked":["hermit:Purgatory","hermit:FinalCanter"],"picked":"hermit:Reprieve","floor":16},{"not_picked":["Sickly","ReplayTheSpireMod:Restless Dread"],"picked":"Clumsy","floor":17},{"not_picked":["Regret","ReplayTheSpireMod:Faulty Equipment"],"picked":"Clumsy","floor":17},{"not_picked":["hubris:Lust","hubris:Disease"],"picked":"hubris:Envy","floor":17},{"not_picked":["hermit:FullyLoaded","hermit:CalledShot"],"picked":"hermit:Ricochet","floor":18},{"not_picked":["hermit:FatalDesire","hermit:Vantage","hermit:BodyArmor"],"picked":"SKIP","floor":20},{"not_picked":["hermit:NoHoldsBarred","hermit:HighCaliber"],"picked":"hermit:Snipe","floor":21},{"not_picked":["hermit:Dive","hermit:FatalDesire"],"picked":"hermit:Malice","floor":23},{"not_picked":["hermit:GhostlyPresence","hermit:Feint"],"picked":"hermit:Virtue","floor":24},{"not_picked":["hermit:TakeAim","hermit:Roulette+1"],"picked":"hermit:Quickdraw","floor":27},{"not_picked":["hermit:Roulette","hermit:DeadMansHand"],"picked":"hermit:SprayPray","floor":28},{"not_picked":["hermit:LowProfile","hermit:Manifest"],"picked":"hermit:Ricochet","floor":31},{"not_picked":["hermit:Dissolve","hermit:FatalDesire"],"picked":"hermit:RoundhouseKick","floor":33},{"not_picked":["Transmutation","Thinking Ahead"],"picked":"Master of Strategy","floor":34},{"not_picked":["Dark Shackles","Crow Ritual"],"picked":"Panache","floor":34},{"not_picked":["Replay:Bootleg Shield Generator","Madness"],"picked":"Good Instincts","floor":34},{"not_picked":["hermit:LoneWolf+1","hermit:GhostlyPresence"],"picked":"hermit:Maintenance+1","floor":35},{"not_picked":["hermit:GhostlyPresence+1","hermit:Dive"],"picked":"hermit:Ricochet","floor":36},{"not_picked":["hermit:Midnight+1","hermit:LoneWolf+1"],"picked":"hermit:Quickdraw+1","floor":38},{"not_picked":["hermit:HoleUp","hermit:Vantage+1"],"picked":"hermit:Malice+1","floor":40},{"not_picked":["hermit:Vantage+1","hermit:BigShot","hermit:TrackingShot"],"picked":"hermit:SprayPray+1","floor":45},{"not_picked":["hermit:Horror","hermit:HoleUp+1","hermit:Combo","hermit:Scavenge"],"picked":"SKIP","floor":47},{"not_picked":["hermit:Gestalt+1","hermit:Reprieve","hermit:BodyArmor","hermit:GhostlyPresence"],"picked":"SKIP","floor":48}],"player_experience":58709,"relics_obtained":[{"floor":5,"key":"ReplayTheSpireMod:Ring of Exchange"},{"floor":5,"key":"Ring of Searing"},{"floor":7,"key":"Onion Ring"},{"floor":8,"key":"Replay:Bandana"},{"floor":9,"key":"ReplayTheSpireMod:Lightbulb"},{"floor":23,"key":"ReplayTheSpireMod:Ninjato"},{"floor":26,"key":"War Paint"},{"floor":27,"key":"CaptainsWheel"},{"floor":27,"key":"hubris:PeanutButter"},{"floor":36,"key":"Replay:Towering Pillar of Hats"},{"floor":40,"key":"Question Card"},{"floor":43,"key":"Shuriken"}],"event_choices":[{"cards_removed":["hubris:Envy"],"damage_healed":0,"gold_gain":0,"player_choice":"Gave Gold","damage_taken":0,"max_hp_gain":0,"max_hp_loss":0,"event_name":"Beggar","floor":19,"gold_loss":75},{"damage_healed":0,"gold_gain":0,"player_choice":"Fight","damage_taken":0,"max_hp_gain":0,"max_hp_loss":0,"event_name":"Colosseum","floor":27,"gold_loss":0},{"damage_healed":0,"gold_gain":0,"player_choice":"Fought Nobs","damage_taken":0,"max_hp_gain":0,"max_hp_loss":0,"event_name":"Colosseum","floor":27,"gold_loss":0},{"damage_healed":0,"gold_gain":0,"player_choice":"Fight","damage_taken":0,"max_hp_gain":0,"max_hp_loss":0,"event_name":"MindBloom","floor":36,"gold_loss":0},{"damage_healed":0,"gold_gain":0,"player_choice":"Bought 3 Potions","damage_taken":0,"max_hp_gain":0,"max_hp_loss":0,"event_name":"The Woman in Blue","floor":37,"gold_loss":0}],"is_beta":false,"boss_relics":[{"not_picked":["Honey Jar","SlaversCollar"],"picked":"Replay:Ancient Bell"},{"not_picked":["Toy Ornithopter","Anchor"],"picked":"hubris:OldNail"},{"not_picked":["hubris:SphereOfDissonance","Replay:Bottled Flurry"],"picked":"hubris:Metronome"},{"not_picked":["Ice Cream","Unceasing Top"],"picked":"Du-Vu Doll"},{"not_picked":["Runic Pyramid","Tiny House"],"picked":"ReplayTheSpireMod:ShopPack"}],"items_purged_floors":[],"is_endless":false,"potions_floor_spawned":[1,4,12,18,24,33,45,47,48],"ascension_level":0}}