{"host":"xy5qih4nvxccm4rc","time":1613346256,"event":{"mods":["AchievementEnabler","BaseMod","Minty Spire (QoL Compilation)","StSLib"],"gold_per_floor":[361,361,104,124,124,157,157,192,192,206,218,183,205,205,205],"floor_reached":14,"language":"ENG","playtime":452,"items_purged":[],"score":103,"play_id":"534fa04c-d776-4b01-94b6-c2def903342c","local_time":"20210214174416","is_ascension_mode":true,"campfire_choices":[{"floor":7,"key":"REST"}],"circlet_count":0,"master_deck":["Strike_B","Strike_B+1","Strike_B+1","Strike_B+1","Defend_B","Defend_B","Defend_B","Defend_B","Zap","Dualcast","Coolheaded","Hello World","Redo","Barrage+1","Regret","Glacier","Loop","Self Repair","Consume","Double Energy"],"relics":["Cracked Core","White Beast Statue","Whetstone","FossilizedHelix","Pantograph","Odd Mushroom"],"acts_visited":["Exordium"],"potions_floor_usage":[3,6,6,8],"damage_taken":[{"damage":14,"enemies":"Jaw Worm","floor":1,"turns":4},{"damage":13,"enemies":"Small Slimes","floor":4,"turns":4},{"damage":18,"enemies":"Gremlin Nob","floor":6,"turns":4},{"damage":21,"enemies":"Lagavulin","floor":8,"turns":7},{"damage":12,"enemies":"2 Louse","floor":10,"turns":2},{"damage":5,"enemies":"Red Slaver","floor":11,"turns":4},{"damage":30,"enemies":"The Mushroom Lair","floor":13,"turns":5},{"damage":17,"enemies":"Gremlin Nob","floor":14,"turns":3}],"seed_played":"6851944016917716037","potions_obtained":[{"floor":4,"key":"Regen Potion"},{"floor":6,"key":"EssenceOfDarkness"},{"floor":8,"key":"GamblersBrew"},{"floor":10,"key":"Swift Potion"},{"floor":11,"key":"EssenceOfSteel"},{"floor":13,"key":"Block Potion"}],"is_trial":false,"path_per_floor":["M","?","$","M","?","E","R","E","T","M","M","?","?","E"],"character_chosen":"DEFECT","items_purchased":["Hello World","SkillPotion","Fruit Juice","Redo"],"campfire_rested":1,"item_purchase_floors":[3,3,3,3],"current_hp_per_floor":[54,40,45,32,32,23,44,23,23,11,13,31,8,0,0],"gold":205,"neow_bonus":"TWO_FIFTY_GOLD","is_daily":false,"chose_seed":false,"campfire_upgraded":0,"win_rate":0.0,"timestamp":1613346256,"path_taken":["M","?","$","M","?","E","R","E","T","M","M","?","?","E"],"items_purchased_type":["Card","Potion","Potion","Card"],"build_version":"2020-12-22","purchased_purges":0,"victory":false,"max_hp_per_floor":[68,68,73,73,73,73,73,73,73,73,73,73,73,73,73],"card_choices":[{"not_picked":["Lockon","Compile Driver"],"picked":"Coolheaded","floor":1},{"not_picked":["Rebound","Fusion"],"picked":"Barrage","floor":4},{"not_picked":["Hologram","Steam Power"],"picked":"Glacier","floor":6},{"not_picked":["Hologram","Conserve Battery"],"picked":"Loop","floor":8},{"not_picked":["Lockon","Gash"],"picked":"Self Repair","floor":10},{"not_picked":["Rebound","Lockon"],"picked":"Consume","floor":11},{"not_picked":["Beam Cell","Sweeping Beam"],"picked":"Double Energy","floor":13}],"player_experience":336577,"relics_obtained":[{"floor":6,"key":"Whetstone"},{"floor":8,"key":"FossilizedHelix"},{"floor":9,"key":"Pantograph"},{"floor":13,"key":"Odd Mushroom"}],"event_choices":[{"damage_healed":0,"gold_gain":0,"player_choice":"Entered Light","damage_taken":14,"max_hp_gain":0,"max_hp_loss":0,"event_name":"Shining Light","floor":2,"gold_loss":0,"cards_upgraded":["Strike_B","Strike_B"]},{"damage_healed":0,"gold_gain":0,"player_choice":"Box","damage_taken":0,"relics_obtained":["White Beast Statue"],"max_hp_gain":0,"max_hp_loss":0,"event_name":"Big Fish","floor":5,"gold_loss":0,"cards_obtained":["Regret"]},{"damage_healed":18,"gold_gain":0,"player_choice":"Healed","damage_taken":0,"max_hp_gain":0,"max_hp_loss":0,"event_name":"The Cleric","floor":12,"gold_loss":35},{"damage_healed":0,"gold_gain":0,"player_choice":"Fought Mushrooms","damage_taken":0,"max_hp_gain":0,"max_hp_loss":0,"event_name":"Mushrooms","floor":13,"gold_loss":0}],"is_beta":false,"boss_relics":[],"items_purged_floors":[],"is_endless":false,"potions_floor_spawned":[4,6,8,10,11,13],"killed_by":"Gremlin Nob","ascension_level":1}}