{"host":"p9vmbvw2hh2n16dn","time":1613318996,"event":{"mods":["AchievementEnabler","BaseMod","Block Reminder","Minty Spire (QoL Compilation)","Relic Stats","SuperFastMode"],"gold_per_floor":[112,126,126,126,136,171,186,196,196,222,34,45,45,45,45,145,145,162,162,162,176,195,195,195,195],"floor_reached":24,"language":"ENG","playtime":667,"items_purged":[],"score":322,"play_id":"ca7306a1-b234-4efe-bc42-88007cbaf605","local_time":"20210214170956","is_ascension_mode":true,"campfire_choices":[{"data":"Hyperbeam","floor":13.0,"key":"SMITH"},{"data":"Defragment","floor":15.0,"key":"SMITH"},{"data":"Dualcast","floor":23.0,"key":"SMITH"}],"circlet_count":0,"master_deck":["AscendersBane","Strike_B+1","Strike_B+1","Defend_B","Defend_B","Defend_B","Defend_B","Zap","Dualcast+1","Leap","Sweeping Beam","Ball Lightning","Rip and Tear","Hyperbeam+1","Cold Snap","Double Energy+1","Defragment+1","Echo Form","Force Field+1","Reinforced Body+1","Fission+1","Hologram+1","Lockon+1"],"relics":["Cracked Core","NeowsBlessing","Matryoshka","Meat on the Bone","Toxic Egg 2","HornCleat","Runic Capacitor","Sundial","Cursed Key"],"acts_visited":["Exordium","TheCity"],"potions_floor_usage":[24,24],"damage_taken":[{"damage":0.0,"enemies":"Cultist","floor":1.0,"turns":1.0},{"damage":0.0,"enemies":"Small Slimes","floor":2.0,"turns":1.0},{"damage":0.0,"enemies":"Jaw Worm","floor":5.0,"turns":1.0},{"damage":26.0,"enemies":"Lagavulin","floor":6.0,"turns":5.0},{"damage":11.0,"enemies":"Large Slime","floor":7.0,"turns":4.0},{"damage":0.0,"enemies":"3 Louse","floor":8.0,"turns":2.0},{"damage":11.0,"enemies":"Gremlin Nob","floor":10.0,"turns":3.0},{"damage":3.0,"enemies":"Exordium Wildlife","floor":12.0,"turns":3.0},{"damage":11.0,"enemies":"Slime Boss","floor":16.0,"turns":7.0},{"damage":3.0,"enemies":"Spheric Guardian","floor":18.0,"turns":3.0},{"damage":12.0,"enemies":"3 Byrds","floor":21.0,"turns":4.0},{"damage":6.0,"enemies":"Snecko","floor":22.0,"turns":4.0},{"damage":61,"enemies":"Slavers","floor":24,"turns":6}],"seed_played":"-434819034726107043","potions_obtained":[{"floor":1.0,"key":"Energy Potion"},{"floor":7.0,"key":"LiquidMemories"},{"floor":10.0,"key":"SteroidPotion"},{"floor":12.0,"key":"SkillPotion"},{"floor":16.0,"key":"CultistPotion"},{"floor":22.0,"key":"Regen Potion"}],"is_trial":false,"path_per_floor":["M","M","?","?","M","E","M","M","T","E","$","M","R","?","R","B",null,"M","?","?","M","M","R","E"],"character_chosen":"DEFECT","items_purchased":["Runic Capacitor","Defragment"],"campfire_rested":0,"item_purchase_floors":[11,11],"current_hp_per_floor":[68,68,53,53,53,27,16,16,16,17,17,26,26,26,26,27,63,60,60,60,48,42,42,0,0],"gold":195,"neow_bonus":"THREE_ENEMY_KILL","is_daily":false,"chose_seed":false,"campfire_upgraded":3,"win_rate":0.0,"timestamp":1613318996,"path_taken":["M","?","?","?","M","E","M","M","T","E","$","?","R","?","R","BOSS","M","?","?","?","M","R","E"],"items_purchased_type":["Relic","Card"],"build_version":"2020-12-22","purchased_purges":0,"victory":false,"max_hp_per_floor":[75,75,75,75,75,75,75,75,75,75,75,75,75,75,75,75,75,75,75,75,75,75,75,75,75],"relic_stats":{"counters":[13,44],"Sundial":[2],"Cursed Key":0,"obtain_stats":[{"Matryoshka":6,"HornCleat":10,"NeowsBlessing":0,"Sundial":14,"Runic Capacitor":11,"Toxic Egg 2":9,"Cracked Core":0,"Cursed Key":17,"Meat on the Bone":9},{"Matryoshka":4,"HornCleat":7,"NeowsBlessing":0,"Sundial":8,"Runic Capacitor":7,"Toxic Egg 2":6,"Cracked Core":0,"Cursed Key":9,"Meat on the Bone":6},{"Matryoshka":8,"HornCleat":17,"NeowsBlessing":0,"Sundial":20,"Runic Capacitor":17,"Toxic Egg 2":14,"Cracked Core":0,"Cursed Key":27,"Meat on the Bone":14}],"Meat on the Bone":36},"card_choices":[{"not_picked":["Steam Power","Aggregate"],"picked":"Leap","floor":1.0},{"not_picked":["Beam Cell","Hologram"],"picked":"Sweeping Beam","floor":2.0},{"not_picked":["Chaos","Force Field"],"picked":"Ball Lightning","floor":5.0},{"not_picked":["Genetic Algorithm","Steam"],"picked":"Rip and Tear","floor":6.0},{"not_picked":["Steam Power","Steam"],"picked":"Hyperbeam","floor":7.0},{"not_picked":["Genetic Algorithm","Conserve Battery"],"picked":"Cold Snap","floor":8.0},{"not_picked":["Aggregate+1","Meteor Strike"],"picked":"Double Energy+1","floor":10.0},{"not_picked":["FTL","Scrape","Compile Driver"],"picked":"SKIP","floor":12.0},{"not_picked":["Thunder Strike","Core Surge"],"picked":"Echo Form","floor":16.0},{"not_picked":["Storm","Turbo+1"],"picked":"Force Field+1","floor":18.0},{"not_picked":["Sweeping Beam","Heatsinks"],"picked":"Hologram+1","floor":21.0},{"not_picked":["Hologram+1","Barrage"],"picked":"Lockon+1","floor":22.0}],"player_experience":328496,"relics_obtained":[{"floor":6.0,"key":"Matryoshka"},{"floor":9.0,"key":"Meat on the Bone"},{"floor":9.0,"key":"Toxic Egg 2"},{"floor":10.0,"key":"HornCleat"}],"event_choices":[{"damage_healed":0.0,"max_hp_gain":0.0,"max_hp_loss":0.0,"gold_gain":0.0,"event_name":"Shining Light","player_choice":"Entered Light","floor":3.0,"gold_loss":0.0,"damage_taken":15.0,"cards_upgraded":["Strike_B","Strike_B"]},{"damage_healed":0.0,"max_hp_gain":0.0,"max_hp_loss":0.0,"gold_gain":0.0,"event_name":"The Woman in Blue","player_choice":"Bought 0 Potions","floor":4.0,"gold_loss":0.0,"damage_taken":0.0},{"damage_healed":0.0,"max_hp_gain":0.0,"max_hp_loss":0.0,"gold_gain":0.0,"event_name":"Big Fish","player_choice":"Box","floor":14.0,"gold_loss":0.0,"damage_taken":0.0,"relics_obtained":["Sundial"],"cards_obtained":["Regret"]},{"damage_healed":0.0,"max_hp_gain":0.0,"max_hp_loss":0.0,"gold_gain":0.0,"cards_transformed":["Strike_B","Strike_B"],"event_name":"Drug Dealer","player_choice":"Became Test Subject","floor":19.0,"gold_loss":0.0,"damage_taken":0.0,"cards_obtained":["Reinforced Body","Fission"]},{"cards_removed":["Regret"],"damage_healed":0.0,"max_hp_gain":0.0,"max_hp_loss":0.0,"gold_gain":0.0,"event_name":"Back to Basics","player_choice":"Elegance","floor":20.0,"gold_loss":0.0,"damage_taken":0.0}],"is_beta":false,"boss_relics":[{"not_picked":["SlaversCollar","Astrolabe"],"picked":"Cursed Key"}],"items_purged_floors":[],"is_endless":false,"potions_floor_spawned":[1,7,10,12,16,22],"killed_by":"Slavers","ascension_level":11}}