{"host":"qxeepl7ydvsgmfdb","time":1613324115,"event":{"mods":["AchievementEnabler","BaseMod","Colored Powertips","Minty Spire (QoL Compilation)","Quick Restart","slay the spire mod where everything is the same but ironclad has a cowboy hat"],"gold_per_floor":[118,118,118,118,141,180,196,217,268,293,326,326,326,341,341,472,472,490,490,490,517,541,576,210,254,281,297,297,311,226,501,501,632,632,647,672,672,693,593,627,627,667,713,733,746,746,312,325,325,325,325,325,45,86,86],"floor_reached":56,"language":"ENG","playtime":2799,"items_purged":["Strike_G","Regret"],"score":1330,"play_id":"8f9a5d9c-e567-4e2e-8c2b-40bba5cbe839","local_time":"20210214123515","is_ascension_mode":false,"campfire_choices":[{"floor":12.0,"key":"RECALL"},{"data":"Noxious Fumes","floor":15.0,"key":"SMITH"},{"floor":28.0,"key":"REST"},{"floor":32.0,"key":"REST"},{"data":"Accuracy","floor":41.0,"key":"SMITH"},{"floor":46.0,"key":"REST"},{"data":"After Image","floor":49.0,"key":"SMITH"},{"data":"Footwork","floor":52,"key":"SMITH"}],"circlet_count":0,"master_deck":["Strike_G","Strike_G","Strike_G","Defend_G","Defend_G","Defend_G","Defend_G","Defend_G","Survivor","Neutralize","Blade Dance+1","Accuracy+1","Noxious Fumes+1","Poisoned Stab","Adrenaline+1","Blade Dance+1","Dagger Spray+1","Slice","Blade Dance+1","Deflect+1","Footwork+1","After Image+1","Deadly Poison","Poisoned Stab","Accuracy","Deflect+1"],"relics":["Ring of the Snake","NeowsBlessing","Golden Idol","Eternal Feather","Tiny Chest","Anchor","CaptainsWheel","Black Star","Bronze Scales","Oddly Smooth Stone","InkBottle","TungstenRod","Vajra","Thread and Needle","Potion Belt","Mercury Hourglass","SacredBark","Blood Vial","Ice Cream","Omamori","War Paint","Lantern","MealTicket","Strawberry","Unceasing Top","Nunchaku"],"acts_visited":["Exordium","TheCity","TheBeyond","TheEnding"],"potions_floor_usage":[50,55,55,55,55,55],"damage_taken":[{"damage":0.0,"enemies":"Small Slimes","floor":1.0,"turns":1.0},{"damage":0.0,"enemies":"Jaw Worm","floor":5.0,"turns":1.0},{"damage":0.0,"enemies":"3 Sentries","floor":6.0,"turns":1.0},{"damage":1.0,"enemies":"Cultist","floor":7.0,"turns":3.0},{"damage":0.0,"enemies":"Exordium Wildlife","floor":8.0,"turns":4.0},{"damage":1.0,"enemies":"3 Louse","floor":10.0,"turns":3.0},{"damage":12.0,"enemies":"Gremlin Nob","floor":11.0,"turns":4.0},{"damage":0.0,"enemies":"Looter","floor":14.0,"turns":2.0},{"damage":16.0,"enemies":"The Guardian","floor":16.0,"turns":7.0},{"damage":2.0,"enemies":"Spheric Guardian","floor":18.0,"turns":3.0},{"damage":7.0,"enemies":"2 Thieves","floor":22.0,"turns":4.0},{"damage":42.0,"enemies":"Gremlin Leader","floor":23.0,"turns":6.0},{"damage":6.0,"enemies":"Book of Stabbing","floor":25.0,"turns":4.0},{"damage":0.0,"enemies":"Sentry and Sphere","floor":27.0,"turns":4.0},{"damage":6.0,"enemies":"Snake Plant","floor":29.0,"turns":3.0},{"damage":40.0,"enemies":"Automaton","floor":33.0,"turns":8.0},{"damage":4.0,"enemies":"Orb Walker","floor":35.0,"turns":3.0},{"damage":13.0,"enemies":"3 Darklings","floor":38.0,"turns":3.0},{"damage":0.0,"enemies":"Nemesis","floor":40.0,"turns":5.0},{"damage":35.0,"enemies":"Giant Head","floor":42.0,"turns":7.0},{"damage":0.0,"enemies":"Transient","floor":44.0,"turns":5.0},{"damage":0.0,"enemies":"Spire Growth","floor":45.0,"turns":3.0},{"damage":0.0,"enemies":"Sphere and 2 Shapes","floor":48.0,"turns":3.0},{"damage":23,"enemies":"Donu and Deca","floor":50,"turns":8},{"damage":11,"enemies":"Shield and Spear","floor":54,"turns":4},{"damage":54,"enemies":"The Heart","floor":55,"turns":8}],"seed_played":"-8130532686451198062","potions_obtained":[{"floor":5.0,"key":"PowerPotion"},{"floor":6.0,"key":"Poison Potion"},{"floor":8.0,"key":"Strength Potion"},{"floor":18.0,"key":"BlessingOfTheForge"},{"floor":27.0,"key":"PowerPotion"},{"floor":29.0,"key":"SkillPotion"},{"floor":42.0,"key":"EssenceOfSteel"},{"floor":44.0,"key":"FearPotion"},{"floor":48.0,"key":"PowerPotion"}],"is_trial":false,"path_per_floor":["M","?","?","?","M","E","M","M","T","M","E","R","T","M","R","B",null,"M","?","?","T","M","E","$","E","T","M","R","M","?","?","R","B",null,"M","T","?","M","$","E","R","E","T","M","M","R","$","M","R","B",null,"R","$","E","B",null],"character_chosen":"THE_SILENT","items_purchased":["TungstenRod","MealTicket","After Image","Fruit Juice","Deadly Poison","Strength Potion","Accuracy","Strawberry"],"campfire_rested":3,"item_purchase_floors":[24,47,47,47,47,53,53,53],"current_hp_per_floor":[70,63,46,46,46,46,45,45,45,44,32,41,41,41,50,34,70,68,68,68,68,61,19,19,13,13,13,43,37,37,37,67,27,70,66,66,66,53,53,55,66,31,31,33,35,66,76,76,76,53,76,76,83,72,20],"gold":86,"neow_bonus":"THREE_ENEMY_KILL","is_daily":false,"chose_seed":false,"campfire_upgraded":4,"win_rate":0.0,"timestamp":1613324115,"path_taken":["M","?","?","?","M","E","?","M","T","M","E","R","?","M","R","BOSS","M","?","?","?","M","E","$","E","T","?","R","M","?","?","R","BOSS","M","?","?","M","$","E","R","E","T","M","M","R","$","M","R","BOSS","R","$","E","BOSS"],"items_purchased_type":["Relic","Relic","Card","Potion","Card","Potion","Card","Relic"],"build_version":"2020-12-22","purchased_purges":2,"victory":true,"max_hp_per_floor":[70,70,70,70,70,70,70,70,70,70,70,70,70,70,70,70,70,70,70,70,70,70,70,70,70,70,70,70,70,70,70,70,70,70,70,70,66,66,66,66,66,66,66,66,66,66,76,76,76,76,76,76,83,83,83],"card_choices":[{"not_picked":["Backflip","Noxious Fumes"],"picked":"Blade Dance","floor":1.0},{"not_picked":["Underhanded Strike","Concentrate"],"picked":"Accuracy","floor":5.0},{"not_picked":["Riddle With Holes","Reflex","Tactician"],"picked":"SKIP","floor":6.0},{"not_picked":["Escape Plan","Terror"],"picked":"Noxious Fumes","floor":7.0},{"not_picked":["Deflect","Well Laid Plans"],"picked":"Poisoned Stab","floor":8.0},{"not_picked":["Escape Plan","Predator","Backflip"],"picked":"SKIP","floor":10.0},{"not_picked":["Escape Plan","Quick Slash"],"picked":"Adrenaline","floor":11.0},{"not_picked":["Backflip","Deadly Poison","Skewer"],"picked":"SKIP","floor":14.0},{"not_picked":["Flying Knee","Deflect"],"picked":"Blade Dance","floor":18.0},{"not_picked":["Slice","Adrenaline"],"picked":"Dagger Spray+1","floor":22.0},{"not_picked":["Prepared","Riddle With Holes+1","All Out Attack"],"picked":"SKIP","floor":23.0},{"not_picked":["Sucker Punch","Dagger Throw","Bouncing Flask"],"picked":"SKIP","floor":25.0},{"not_picked":["Accuracy","Dagger Throw"],"picked":"Slice","floor":27.0},{"not_picked":["Outmaneuver","All Out Attack","Calculated Gamble"],"picked":"SKIP","floor":29.0},{"not_picked":["Quick Slash+1","Slice+1"],"picked":"Blade Dance+1","floor":35.0},{"not_picked":["Underhanded Strike+1","Heel Hook"],"picked":"Deflect+1","floor":38.0},{"not_picked":["Bouncing Flask+1","All Out Attack+1","Backflip"],"picked":"SKIP","floor":40.0},{"not_picked":["Choke","Skewer","Predator"],"picked":"SKIP","floor":42.0},{"not_picked":["Deflect+1","Underhanded Strike+1"],"picked":"Footwork","floor":44.0},{"not_picked":["Dodge and Roll+1","Masterful Stab+1","Infinite Blades+1"],"picked":"SKIP","floor":45.0},{"not_picked":["Well Laid Plans","Caltrops"],"picked":"Poisoned Stab","floor":48.0},{"not_picked":["Bane","Dodge and Roll"],"picked":"Deflect+1","floor":54}],"player_experience":138088,"relics_obtained":[{"floor":6.0,"key":"Eternal Feather"},{"floor":9.0,"key":"Tiny Chest"},{"floor":11.0,"key":"Anchor"},{"floor":13.0,"key":"CaptainsWheel"},{"floor":21.0,"key":"Bronze Scales"},{"floor":23.0,"key":"Oddly Smooth Stone"},{"floor":23.0,"key":"InkBottle"},{"floor":25.0,"key":"Vajra"},{"floor":25.0,"key":"Thread and Needle"},{"floor":26.0,"key":"Potion Belt"},{"floor":36.0,"key":"Blood Vial"},{"floor":40.0,"key":"Ice Cream"},{"floor":40.0,"key":"Omamori"},{"floor":42.0,"key":"War Paint"},{"floor":42.0,"key":"Lantern"},{"floor":54,"key":"Unceasing Top"},{"floor":54,"key":"Nunchaku"}],"event_choices":[{"cards_removed":["Strike_G"],"damage_healed":0.0,"max_hp_gain":0.0,"max_hp_loss":0.0,"gold_gain":0.0,"event_name":"Golden Wing","player_choice":"Card Removal","floor":2.0,"gold_loss":0.0,"damage_taken":7.0},{"damage_healed":0.0,"max_hp_gain":0.0,"max_hp_loss":0.0,"gold_gain":0.0,"event_name":"Golden Idol","player_choice":"Take Damage","floor":3.0,"gold_loss":0.0,"damage_taken":17.0,"relics_obtained":["Golden Idol"]},{"damage_healed":0.0,"max_hp_gain":0.0,"max_hp_loss":0.0,"gold_gain":0.0,"event_name":"Accursed Blacksmith","player_choice":"Forge","floor":4.0,"gold_loss":0.0,"damage_taken":0.0,"cards_upgraded":["Blade Dance"]},{"damage_healed":0.0,"max_hp_gain":0.0,"max_hp_loss":0.0,"gold_gain":0.0,"event_name":"Ghosts","player_choice":"Ignored","floor":19.0,"gold_loss":0.0,"damage_taken":0.0},{"damage_healed":0.0,"max_hp_gain":0.0,"max_hp_loss":0.0,"gold_gain":0.0,"event_name":"Vampires","player_choice":"Ignored","floor":20.0,"gold_loss":0.0,"damage_taken":0.0},{"damage_healed":0.0,"max_hp_gain":0.0,"max_hp_loss":0.0,"gold_gain":0.0,"event_name":"Addict","player_choice":"Obtained Relic","floor":30.0,"gold_loss":85.0,"damage_taken":0.0,"relics_obtained":["Mercury Hourglass"]},{"damage_healed":0.0,"max_hp_gain":0.0,"max_hp_loss":0.0,"gold_gain":275.0,"event_name":"Golden Shrine","player_choice":"Desecrate","floor":31.0,"gold_loss":0.0,"damage_taken":0.0,"cards_obtained":["Regret"]},{"damage_healed":0.0,"max_hp_gain":0.0,"max_hp_loss":4.0,"gold_gain":0.0,"event_name":"Winding Halls","player_choice":"Max HP","floor":37.0,"gold_loss":0.0,"damage_taken":0.0}],"is_beta":false,"boss_relics":[{"not_picked":["Ectoplasm","Pandora\u0027s Box"],"picked":"Black Star"},{"not_picked":["Runic Dome","SlaversCollar"],"picked":"SacredBark"}],"items_purged_floors":[24,39],"is_endless":false,"potions_floor_spawned":[5,6,8,11,14,18,22,27,29,42,44,48,54],"ascension_level":0}}