{"host":"gfxjwtol062e9znw","time":1613295311,"event":{"mods":["BaseMod","Colored Map","Minty Spire (QoL Compilation)","Rare Cards Sparkle","StSLib"],"gold_per_floor":[111,122,122,141,17,17,44,44,44,44,61,76,102,102,102,197,197,216,236,335,335,335],"floor_reached":21,"language":"ENG","playtime":807,"items_purged":[],"score":302,"play_id":"2da42fc1-277a-4802-8443-223b20840b96","local_time":"20210214203511","is_ascension_mode":true,"campfire_choices":[{"floor":6.0,"key":"REST"},{"floor":8,"key":"REST"},{"floor":15,"key":"REST"}],"circlet_count":0,"master_deck":["AscendersBane","Strike_R","Strike_R","Strike_R","Strike_R","Defend_R","Defend_R","Defend_R","Defend_R","Bash","Barricade","Clothesline","Headbutt","Flame Barrier","Carnage","Warcry","Searing Blow","Cleave","Spot Weakness","Offering","Body Slam"],"relics":["Burning Blood","Bag of Preparation","Matryoshka","Girya","Philosopher\u0027s Stone"],"acts_visited":["Exordium","TheCity"],"potions_floor_usage":[7,13,16,18,19,21],"damage_taken":[{"damage":10.0,"enemies":"Small Slimes","floor":1.0,"turns":4.0},{"damage":10.0,"enemies":"Jaw Worm","floor":2.0,"turns":4.0},{"damage":10.0,"enemies":"Cultist","floor":4.0,"turns":4.0},{"damage":24,"enemies":"Lagavulin","floor":7,"turns":5},{"damage":11,"enemies":"Blue Slaver","floor":11,"turns":3},{"damage":18,"enemies":"Exordium Thugs","floor":12,"turns":4},{"damage":21,"enemies":"Gremlin Nob","floor":13,"turns":4},{"damage":31,"enemies":"The Guardian","floor":16,"turns":17},{"damage":17,"enemies":"3 Byrds","floor":18,"turns":3},{"damage":49,"enemies":"Spheric Guardian","floor":19,"turns":6},{"damage":15,"enemies":"3 Cultists","floor":21,"turns":4}],"seed_played":"3991048618050446339","potions_obtained":[{"floor":2.0,"key":"Fire Potion"},{"floor":13,"key":"ColorlessPotion"},{"floor":16,"key":"Weak Potion"},{"floor":18,"key":"ColorlessPotion"},{"floor":19,"key":"SpeedPotion"}],"is_trial":false,"path_per_floor":["M","M","?","M","$","R","E","R","T","?","M","M","E","?","R","B",null,"M","M","?","M"],"character_chosen":"IRONCLAD","items_purchased":["Carnage","PowerPotion"],"campfire_rested":3,"item_purchase_floors":[5,5],"current_hp_per_floor":[47,43,43,39,39,63,45,69,69,69,64,52,37,37,61,36,69,58,15,15,0,0],"gold":335,"neow_bonus":"THREE_RARE_CARDS","is_daily":false,"chose_seed":false,"campfire_upgraded":0,"win_rate":0.0,"timestamp":1613295311,"path_taken":["M","M","?","M","$","R","E","R","T","?","M","?","E","?","R","BOSS","M","M","?","M"],"items_purchased_type":["Card","Potion"],"build_version":"2020-12-22","purchased_purges":0,"victory":false,"max_hp_per_floor":[80,80,80,80,80,80,80,80,80,80,80,80,80,80,80,80,80,80,80,80,80,80],"card_choices":[{"not_picked":["Fiend Fire","Berserk"],"picked":"Barricade","floor":0.0},{"not_picked":["Body Slam","Burning Pact"],"picked":"Clothesline","floor":1.0},{"not_picked":["Clothesline","Perfected Strike"],"picked":"Headbutt","floor":2.0},{"not_picked":["Sword Boomerang","Clothesline"],"picked":"Flame Barrier","floor":4.0},{"not_picked":["Thunderclap","Iron Wave"],"picked":"Warcry","floor":7},{"not_picked":["Dark Embrace","Carnage","Sever Soul"],"picked":"SKIP","floor":11},{"not_picked":["Thunderclap","Barricade"],"picked":"Cleave","floor":12},{"not_picked":["Shrug It Off","Wild Strike"],"picked":"Spot Weakness","floor":13},{"not_picked":["Brutality","Berserk"],"picked":"Offering","floor":16},{"not_picked":["Hemokinesis+1","Twin Strike"],"picked":"Body Slam","floor":18},{"not_picked":["Heavy Blade","Cleave","Clothesline"],"picked":"SKIP","floor":19}],"player_experience":182513,"relics_obtained":[{"floor":7,"key":"Bag of Preparation"},{"floor":9,"key":"Matryoshka"},{"floor":13,"key":"Girya"}],"event_choices":[{"damage_healed":0.0,"max_hp_gain":0.0,"max_hp_loss":0.0,"gold_gain":0.0,"event_name":"Golden Idol","player_choice":"Ignored","floor":3.0,"gold_loss":0.0,"damage_taken":0.0},{"damage_healed":0,"gold_gain":0,"cards_transformed":["Strike_R"],"player_choice":"Transformed","damage_taken":0,"max_hp_gain":0,"max_hp_loss":0,"event_name":"Transmorgrifier","floor":10,"gold_loss":0,"cards_obtained":["Searing Blow"]},{"damage_healed":0,"gold_gain":0,"player_choice":"Leave","damage_taken":0,"max_hp_gain":0,"max_hp_loss":0,"event_name":"FaceTrader","floor":14,"gold_loss":0},{"damage_healed":0,"gold_gain":99,"player_choice":"Stole From Cult","damage_taken":0,"max_hp_gain":0,"max_hp_loss":0,"event_name":"Nest","floor":20,"gold_loss":0}],"is_beta":false,"boss_relics":[{"not_picked":["Velvet Choker","Runic Dome"],"picked":"Philosopher\u0027s Stone"}],"items_purged_floors":[],"is_endless":false,"potions_floor_spawned":[2,13,16,18,19],"killed_by":"3 Cultists","ascension_level":12}}