{"host":"gaqyve1328ta0etl","time":1613269840,"event":{"mods":["BaseMod","Colored Map","Colored Powertips","Duelist Mod","Googly Eyes","Hero for Fun","Minty Spire (QoL Compilation)","Shop Mod","StSLib","SuperFastMode","The Hierophant","The Runesmith"],"gold_per_floor":[140,140,151,64,64,93,93,111,191,191,202,202,214,214,214,315,315,331,256,127,147,62,62,62,62,62,62,73,73,91,54,54,151,151,168,68,78,78,78],"floor_reached":38,"language":"ENG","playtime":1035,"items_purged":["theDuelist:CastleWalls","theDuelist:Sparks+1"],"score":409,"play_id":"3f44fe41-d98c-404b-ae16-92fc3ab479df","local_time":"20210213183040","is_ascension_mode":true,"campfire_choices":[{"floor":7,"key":"REST"},{"data":"theDuelist:LostWorld","floor":10,"key":"SMITH"},{"floor":12,"key":"REST"},{"data":"theDuelist:CyberDragonCore","floor":15,"key":"SMITH"},{"data":"theDuelist:WaterDragon","floor":23,"key":"SMITH"},{"data":"theDuelist:ThunderDragon","floor":25,"key":"SMITH"},{"data":"theDuelist:LightningDarts","floor":27,"key":"SMITH"},{"floor":32,"key":"REST"}],"circlet_count":0,"master_deck":["theDuelist:BabyDragon","theDuelist:CastleWalls+1","theDuelist:CaveDragon","theDuelist:CaveDragon","theDuelist:LesserDragon","theDuelist:LesserDragon","theDuelist:YamataDragon+1","theDuelist:LightningDarts+1","theDuelist:LostWorld+1","Panacea","theDuelist:BoosterDragon","theDuelist:CyberDragonCore+1","theDuelist:CyberDinosaur","theDuelist:WaterDragon+1","theDuelist:ThunderDragon+1","theDuelist:MirageDragon","theDuelist:JurassicImpact","theDuelist:ChimeratechOverdragon","theDuelist:BeserkDragon+1"],"relics":["theDuelist:MillenniumPuzzle","theDuelist:CardPoolRelic","theDuelist:CardPoolBasicRelic","theDuelist:BoosterPackPoolRelic","theDuelist:CardPoolAddRelic","theDuelist:CardPoolMinusRelic","theDuelist:CardPoolSaveRelic","theDuelist:CardPoolOptionsRelic","theDuelist:SummonAnchor","Boot","Blue Candle","theDuelist:CursedHealer","SlaversCollar","theDuelist:DragonRelic","Matryoshka","HoveringKite"],"acts_visited":["Exordium","TheCity","TheBeyond"],"potions_floor_usage":[11,16,21,35,38],"damage_taken":[{"damage":0,"enemies":"2 Louse","floor":1,"turns":2},{"damage":2,"enemies":"Jaw Worm","floor":3,"turns":2},{"damage":29,"enemies":"3 Sentries","floor":6,"turns":6},{"damage":0,"enemies":"Small Slimes","floor":8,"turns":1},{"damage":8,"enemies":"Exordium Wildlife","floor":11,"turns":2},{"damage":5,"enemies":"Looter","floor":13,"turns":2},{"damage":18,"enemies":"Slime Boss","floor":16,"turns":8},{"damage":3,"enemies":"2 Thieves","floor":18,"turns":4},{"damage":19,"enemies":"3 Byrds","floor":21,"turns":4},{"damage":12,"enemies":"Cultist and Chosen","floor":28,"turns":4},{"damage":2,"enemies":"Snake Plant","floor":30,"turns":5},{"damage":17,"enemies":"Champ","floor":33,"turns":10},{"damage":3,"enemies":"Orb Walker","floor":35,"turns":3},{"damage":16,"enemies":"3 Shapes","floor":37,"turns":4},{"damage":71,"enemies":"Writhing Mass","floor":38,"turns":6}],"seed_played":"-5557594685700926453","potions_obtained":[{"floor":3,"key":"ColorlessPotion"},{"floor":6,"key":"theDuelist:StunPotion"},{"floor":8,"key":"theDuelist:SealedPack"},{"floor":13,"key":"Energy Potion"},{"floor":16,"key":"theDuelist:SolderPotionB"},{"floor":21,"key":"LiquidBronze"},{"floor":35,"key":"Explosive Potion"}],"is_trial":false,"path_per_floor":["M","?","M","$","?","E","R","M","T","R","M","R","M","?","R","B",null,"M","?","$","M","?","R","$","R","T","R","M","?","M","$","R","B",null,"M","$","M","M"],"character_chosen":"THE_DUELIST","items_purchased":["Panacea","theDuelist:MirageDragon","theDuelist:JurassicImpact"],"campfire_rested":3,"item_purchase_floors":[4,20,31],"current_hp_per_floor":[80,74,72,72,56,27,51,51,51,51,43,67,62,80,80,62,80,77,77,77,58,58,58,58,58,58,58,46,46,44,44,68,51,80,77,77,61,0,0],"gold":78,"neow_bonus":"UPGRADE_CARD","is_daily":false,"chose_seed":false,"campfire_upgraded":5,"win_rate":0.0,"timestamp":1613269840,"path_taken":["M","?","M","$","?","E","R","M","T","R","M","R","M","?","R","BOSS","M","?","$","M","?","R","?","R","T","R","M","?","M","$","R","BOSS","M","$","M","M"],"items_purchased_type":["Card","Card","Card"],"build_version":"2020-12-22","purchased_purges":2,"victory":false,"max_hp_per_floor":[80,80,80,80,80,80,80,80,80,80,80,80,80,80,80,80,80,80,80,80,80,80,80,80,80,80,80,80,80,80,80,80,80,80,80,80,80,80,80],"card_choices":[{"not_picked":["theDuelist:Reload","theDuelist:BlueBloodedOni","theDuelist:Terraforming","theDuelist:DianKeto"],"picked":"theDuelist:LightningDarts","floor":1},{"not_picked":["theDuelist:DefensiveTactics","theDuelist:CyberDragonInfinity"],"picked":"theDuelist:LostWorld","floor":3},{"not_picked":["theDuelist:WhiteHowling","theDuelist:Vandalgyon","theDuelist:JurassicImpact"],"picked":"theDuelist:BoosterDragon","floor":6},{"not_picked":["theDuelist:CyberValley","theDuelist:Beatraptor","theDuelist:LavaDragon","theDuelist:Destroyersaurus"],"picked":"theDuelist:CyberDragonCore","floor":8},{"not_picked":["theDuelist:ViceDragon","theDuelist:Pyrorex","theDuelist:Earthquake","theDuelist:BlackBrachios"],"picked":"theDuelist:CyberDinosaur","floor":11},{"not_picked":["theDuelist:MadSwordBeast","theDuelist:Earthquake","theDuelist:BlackStego","theDuelist:Beatraptor","theDuelist:GenesisDragon"],"picked":"SKIP","floor":13},{"not_picked":["theDuelist:TailSwipe","theDuelist:SurvivalFittest","theDuelist:SeismicShockwave","theDuelist:BlueDuston"],"picked":"theDuelist:WaterDragon","floor":16},{"not_picked":["theDuelist:TwinHeadedBehemoth","theDuelist:CyberLaserDragon","theDuelist:ArmedDragon5+1","theDuelist:AmuletDragon"],"picked":"theDuelist:ThunderDragon","floor":18},{"not_picked":["theDuelist:Hydrogeddon","theDuelist:DarkHorus","theDuelist:Freezadon","theDuelist:CloudianGhost","theDuelist:WhiteHornDragon"],"picked":"SKIP","floor":21},{"not_picked":["theDuelist:BusterBlader","theDuelist:RedRisingDragon","theDuelist:SnowDragon","theDuelist:StarlightRoad","theDuelist:SilverWing"],"picked":"SKIP","floor":28},{"not_picked":["theDuelist:Sabersaurus","theDuelist:Destroyersaurus","theDuelist:BarrelDragon"],"picked":"SKIP","floor":30},{"not_picked":["theDuelist:Scapegoat","theDuelist:LostWorld","theDuelist:BusterBladerDDS","theDuelist:BlueDuston+1"],"picked":"theDuelist:ChimeratechOverdragon","floor":33},{"not_picked":["theDuelist:SoulCharge+1","theDuelist:CaveDragon","theDuelist:BlackVeloci","theDuelist:AncientPixieDragon","theDuelist:BackupSoldier+2"],"picked":"SKIP","floor":35},{"not_picked":["theDuelist:BusterBladerDDS+1","theDuelist:BlueEyesUltimate+1"],"picked":"theDuelist:BeserkDragon+1","floor":37}],"player_experience":2196299,"relics_obtained":[{"floor":6,"key":"Boot"},{"floor":9,"key":"Blue Candle"},{"floor":26,"key":"Matryoshka"}],"event_choices":[{"damage_healed":0,"gold_gain":0,"player_choice":"Dig - random Duelist relic","duelist":true,"damage_taken":0,"max_hp_gain":0,"max_hp_loss":0,"event_name":"Aknamkanon\u0027s Tomb","floor":2,"gold_loss":0},{"damage_healed":0,"gold_gain":0,"player_choice":"Entered Light","damage_taken":16,"max_hp_gain":0,"max_hp_loss":0,"event_name":"Shining Light","floor":5,"gold_loss":0,"cards_upgraded":["theDuelist:Sparks","theDuelist:CastleWalls"]},{"damage_healed":0,"gold_gain":0,"player_choice":"Succumb - +25HP/Cursed Relic","duelist":true,"damage_taken":0,"max_hp_gain":0,"max_hp_loss":0,"event_name":"Tomb of the Nameless","floor":14,"gold_loss":0},{"cards_removed":["theDuelist:Sparks"],"damage_healed":0,"gold_gain":0,"player_choice":"Gave Gold","damage_taken":0,"max_hp_gain":0,"max_hp_loss":0,"event_name":"Beggar","floor":19,"gold_loss":75},{"damage_healed":0,"gold_gain":0,"player_choice":"Obtained Relic","damage_taken":0,"relics_obtained":["theDuelist:DragonRelic"],"max_hp_gain":0,"max_hp_loss":0,"event_name":"Addict","floor":22,"gold_loss":85},{"damage_healed":0,"gold_gain":0,"player_choice":"Ignored","damage_taken":0,"max_hp_gain":0,"max_hp_loss":0,"event_name":"Vampires","floor":29,"gold_loss":0}],"is_beta":false,"boss_relics":[{"not_picked":["Ectoplasm","Fusion Hammer"],"picked":"SlaversCollar"},{"not_picked":["Velvet Choker","Runic Cube"],"picked":"HoveringKite"}],"items_purged_floors":[20,36],"is_endless":false,"potions_floor_spawned":[3,6,8,13,16,21,28,35],"killed_by":"Writhing Mass","ascension_level":2}}