{"host":"pdq28s6637cpsst2","time":1613283478,"event":{"mods":["BaseMod","Colored Map","Highlight Path","Minty Spire (QoL Compilation)","Permanent Neow","Quick Restart"],"gold_per_floor":[110,129,129,57,57,57,71,87,138,148,160,9,9,9,9,114,114,102,102,72,92,58,87,87,102,102,114,125,137,137,154,154,154,154],"floor_reached":33,"language":"ENG","playtime":2948,"items_purged":["Strike_G"],"score":339,"play_id":"0376602d-f7b4-44d6-9064-bfc6bd4fb0aa","local_time":"20210214011758","is_ascension_mode":true,"campfire_choices":[{"floor":6.0,"key":"REST"},{"data":"Calculated Gamble","floor":15.0,"key":"SMITH"},{"data":"Adrenaline","floor":30.0,"key":"SMITH"},{"data":"Footwork","floor":32.0,"key":"SMITH"}],"circlet_count":0,"master_deck":["Strike_G+1","Strike_G+1","Defend_G+1","Defend_G+1","Defend_G+1","Defend_G+1","Survivor","Neutralize","PiercingWail","Noxious Fumes","Calculated Gamble+1","Escape Plan","Caltrops","Footwork+1","Die Die Die","Catalyst","Footwork","Dash+1","Adrenaline+1","Backstab+1","Caltrops"],"relics":["Ring of the Snake","MealTicket","Coffee Dripper","Akabeko","Prayer Wheel"],"acts_visited":["Exordium","TheCity"],"potions_floor_usage":[33],"damage_taken":[{"damage":1.0,"enemies":"2 Louse","floor":1.0,"turns":3.0},{"damage":7.0,"enemies":"Jaw Worm","floor":2.0,"turns":5.0},{"damage":1.0,"enemies":"Cultist","floor":7.0,"turns":4.0},{"damage":1.0,"enemies":"Red Slaver","floor":8.0,"turns":7.0},{"damage":2.0,"enemies":"Exordium Wildlife","floor":10.0,"turns":5.0},{"damage":0.0,"enemies":"Looter","floor":11.0,"turns":4.0},{"damage":35.0,"enemies":"Slime Boss","floor":16.0,"turns":18.0},{"damage":12.0,"enemies":"2 Thieves","floor":18.0,"turns":4.0},{"damage":7.0,"enemies":"3 Byrds","floor":21.0,"turns":4.0},{"damage":19.0,"enemies":"Book of Stabbing","floor":23.0,"turns":8.0},{"damage":0.0,"enemies":"3 Cultists","floor":25.0,"turns":6.0},{"damage":12.0,"enemies":"Chosen and Byrds","floor":27.0,"turns":7.0},{"damage":0.0,"enemies":"Cultist and Chosen","floor":28.0,"turns":8.0},{"damage":10.0,"enemies":"Snecko","floor":29.0,"turns":6.0},{"damage":0.0,"enemies":"Snake Plant","floor":31.0,"turns":6.0},{"damage":30,"enemies":"Automaton","floor":33,"turns":6}],"seed_played":"-4049247178562432898","potions_obtained":[{"floor":2.0,"key":"EssenceOfSteel"},{"floor":5.0,"key":"DuplicationPotion"},{"floor":5.0,"key":"CunningPotion"},{"floor":5.0,"key":"BlessingOfTheForge"},{"floor":8.0,"key":"FearPotion"},{"floor":20.0,"key":"Block Potion"},{"floor":20.0,"key":"LiquidBronze"},{"floor":21.0,"key":"GamblersBrew"},{"floor":25.0,"key":"DuplicationPotion"},{"floor":31.0,"key":"AttackPotion"}],"is_trial":false,"path_per_floor":["M","M","?","$","?","R","M","M","T","M","M","$","?","$","R","B",null,"M","?","?","M","$","E","?","M","T","M","M","M","R","M","R","B"],"character_chosen":"THE_SILENT","items_purchased":["Noxious Fumes","Footwork","Footwork"],"campfire_rested":1,"item_purchase_floors":[4,12,22],"current_hp_per_floor":[44,37,30,30,30,51,50,49,49,47,47,62,62,70,70,35,61,49,49,49,42,57,38,25,25,25,13,13,3,3,3,3,0,0],"gold":154,"neow_bonus":"REMOVE_TWO","is_daily":false,"chose_seed":false,"campfire_upgraded":3,"win_rate":0.0,"timestamp":1613283478,"path_taken":["M","M","?","$","?","R","M","?","T","M","M","?","?","?","R","BOSS","M","?","?","?","$","E","?","M","T","M","M","M","R","M","R","BOSS"],"items_purchased_type":["Card","Card","Card"],"build_version":"2020-12-22","purchased_purges":1,"victory":false,"max_hp_per_floor":[70,70,70,70,70,70,70,70,70,70,70,70,70,70,70,70,70,70,70,70,70,70,70,75,75,75,75,75,75,75,75,75,75,75],"card_choices":[{"not_picked":["Blade Dance","Poisoned Stab"],"picked":"PiercingWail","floor":1.0},{"not_picked":["Predator","Prepared","PiercingWail"],"picked":"SKIP","floor":2.0},{"not_picked":["Dagger Throw","Deflect"],"picked":"Calculated Gamble","floor":7.0},{"not_picked":["Outmaneuver","Deflect","Poisoned Stab"],"picked":"SKIP","floor":8.0},{"not_picked":["Expertise","Backflip"],"picked":"Escape Plan","floor":10.0},{"not_picked":["PiercingWail","Poisoned Stab"],"picked":"Caltrops","floor":11.0},{"not_picked":["Corpse Explosion","Burst"],"picked":"Die Die Die","floor":16.0},{"not_picked":["Predator","Outmaneuver+1"],"picked":"Catalyst","floor":18.0},{"not_picked":["Cloak And Dagger+1","Tactician","Dagger Throw"],"picked":"SKIP","floor":21.0},{"not_picked":["Deflect","Sucker Punch"],"picked":"Dash+1","floor":23.0},{"not_picked":["Poisoned Stab","Quick Slash"],"picked":"Adrenaline","floor":25.0},{"not_picked":["Dodge and Roll+1","Expertise","Accuracy+1"],"picked":"SKIP","floor":27.0},{"not_picked":["Flying Knee","Heel Hook","Accuracy+1"],"picked":"SKIP","floor":27.0},{"not_picked":["Reflex","Deadly Poison"],"picked":"Backstab+1","floor":28.0},{"not_picked":["Dagger Spray","Riddle With Holes","Bane"],"picked":"SKIP","floor":28.0},{"not_picked":["Eviscerate","Setup","Terror"],"picked":"SKIP","floor":29.0},{"not_picked":["Deadly Poison","Dodge and Roll","PiercingWail"],"picked":"SKIP","floor":29.0},{"not_picked":["Well Laid Plans","Reflex"],"picked":"Caltrops","floor":31.0},{"not_picked":["Cloak And Dagger","Infinite Blades","Concentrate"],"picked":"SKIP","floor":31.0}],"player_experience":202544,"relics_obtained":[{"floor":9.0,"key":"MealTicket"},{"floor":23.0,"key":"Akabeko"},{"floor":26.0,"key":"Prayer Wheel"}],"event_choices":[{"cards_removed":["Strike_G"],"damage_healed":0.0,"max_hp_gain":0.0,"max_hp_loss":0.0,"gold_gain":0.0,"event_name":"Golden Wing","player_choice":"Card Removal","floor":3.0,"gold_loss":0.0,"damage_taken":7.0},{"damage_healed":0.0,"max_hp_gain":0.0,"max_hp_loss":0.0,"gold_gain":0.0,"event_name":"Lab","player_choice":"Got Potions","floor":5.0,"gold_loss":0.0,"damage_taken":0.0},{"damage_healed":0.0,"max_hp_gain":0.0,"max_hp_loss":0.0,"gold_gain":0.0,"event_name":"Liars Game","player_choice":"Ignored","floor":13.0,"gold_loss":0.0,"damage_taken":0.0},{"damage_healed":0.0,"max_hp_gain":0.0,"max_hp_loss":0.0,"gold_gain":0.0,"event_name":"Back to Basics","player_choice":"Simplicity","floor":19.0,"gold_loss":0.0,"damage_taken":0.0,"cards_upgraded":["Strike_G","Strike_G","Defend_G","Defend_G","Defend_G","Defend_G"]},{"damage_healed":0.0,"max_hp_gain":0.0,"max_hp_loss":0.0,"gold_gain":0.0,"event_name":"The Woman in Blue","player_choice":"Bought 2 Potions","floor":20.0,"gold_loss":0.0,"damage_taken":0.0},{"damage_healed":0.0,"max_hp_gain":5.0,"max_hp_loss":0.0,"gold_gain":0.0,"event_name":"Forgotten Altar","player_choice":"Shed Blood","floor":24.0,"gold_loss":0.0,"damage_taken":18.0}],"is_beta":false,"boss_relics":[{"not_picked":["Pandora\u0027s Box","Philosopher\u0027s Stone"],"picked":"Coffee Dripper"}],"items_purged_floors":[12],"is_endless":false,"potions_floor_spawned":[2,8,11,21,25,27,31],"killed_by":"Automaton","ascension_level":6}}