{"host":"vz6qv7tthcp8jtis","time":1613338654,"event":{"mods":["BaseMod","Block Reminder","Colored Map","Highlight Path","Keyboard Shortcuts","Minty Spire (QoL Compilation)","Relic Stats"],"gold_per_floor":[109,109,34,34,53,82,82,82,109,79,112,129,161,178,178,273,273,286,337,351,116,127,127,152,152,152,178,178,178,211,211,211,310,310,310,310,325,341,396,422,422,422,422,433,467,467,502,249,249,249,249,249,116,143,143,143],"floor_reached":55,"language":"ENG","playtime":3319,"items_purged":["Strike_P","Strike_P"],"score":922,"play_id":"3084c28c-5c79-444c-927c-de57efadddfe","local_time":"20210214223734","is_ascension_mode":true,"campfire_choices":[{"floor":7.0,"key":"REST"},{"data":"1","floor":15.0,"key":"LIFT"},{"data":"2","floor":23.0,"key":"LIFT"},{"data":"3","floor":25.0,"key":"LIFT"},{"data":"Eruption","floor":28.0,"key":"SMITH"},{"data":"MentalFortress","floor":32.0,"key":"SMITH"},{"floor":41.0,"key":"REST"},{"floor":49.0,"key":"RECALL"},{"data":"TalkToTheHand","floor":52.0,"key":"SMITH"}],"circlet_count":0,"master_deck":["Strike_P+1","Strike_P+1","Defend_P+1","Eruption+1","Vigilance+1","Halt+1","FlurryOfBlows+1","MentalFortress+1","ForeignInfluence","SashWhip","Devotion+1","FearNoEvil","EmptyMind+1","Vengeance+1","LikeWater","BattleHymn+1","LikeWater","LessonLearned","FearNoEvil+1","TalkToTheHand+1","MentalFortress+1","LikeWater"],"relics":["HolyWater","Turnip","Nunchaku","Whetstone","Meat on the Bone","Girya","SlaversCollar","Bronze Scales","Lee\u0027s Waffle","Ornamental Fan","Bag of Marbles","Happy Flower","Ginger","Pantograph","Eternal Feather","Juzu Bracelet","MealTicket","Oddly Smooth Stone","Blood Vial"],"acts_visited":["Exordium","TheCity","TheBeyond","TheEnding"],"potions_floor_usage":[],"damage_taken":[{"damage":0.0,"enemies":"2 Louse","floor":1.0,"turns":2.0},{"damage":0.0,"enemies":"Cultist","floor":5.0,"turns":4.0},{"damage":32.0,"enemies":"Gremlin Nob","floor":6.0,"turns":4.0},{"damage":15.0,"enemies":"Lagavulin","floor":11.0,"turns":5.0},{"damage":0.0,"enemies":"Small Slimes","floor":12.0,"turns":4.0},{"damage":21.0,"enemies":"Gremlin Nob","floor":13.0,"turns":4.0},{"damage":0.0,"enemies":"Red Slaver","floor":14.0,"turns":1.0},{"damage":2.0,"enemies":"Slime Boss","floor":16.0,"turns":9.0},{"damage":5.0,"enemies":"Chosen","floor":18.0,"turns":3.0},{"damage":37.0,"enemies":"2 Thieves","floor":20.0,"turns":5.0},{"damage":3.0,"enemies":"Snake Plant","floor":22.0,"turns":4.0},{"damage":29.0,"enemies":"Slavers","floor":24.0,"turns":4.0},{"damage":9.0,"enemies":"Book of Stabbing","floor":27.0,"turns":3.0},{"damage":34.0,"enemies":"Slavers","floor":30.0,"turns":5.0},{"damage":19.0,"enemies":"Automaton","floor":33.0,"turns":6.0},{"damage":52.0,"enemies":"3 Darklings","floor":35.0,"turns":4.0},{"damage":4.0,"enemies":"Orb Walker","floor":37.0,"turns":2.0},{"damage":16.0,"enemies":"3 Darklings","floor":38.0,"turns":3.0},{"damage":30.0,"enemies":"2 Orb Walkers","floor":39.0,"turns":5.0},{"damage":21.0,"enemies":"Nemesis","floor":40.0,"turns":5.0},{"damage":9.0,"enemies":"Spire Growth","floor":44.0,"turns":4.0},{"damage":25.0,"enemies":"Reptomancer","floor":45.0,"turns":5.0},{"damage":0.0,"enemies":"Giant Head","floor":47.0,"turns":7.0},{"damage":40.0,"enemies":"Time Eater","floor":50.0,"turns":9.0},{"damage":34.0,"enemies":"Shield and Spear","floor":54.0,"turns":5.0},{"damage":63,"enemies":"The Heart","floor":55,"turns":3}],"seed_played":"2510239493653771182","potions_obtained":[{"floor":6.0,"key":"Swift Potion"},{"floor":10.0,"key":"StancePotion"},{"floor":10.0,"key":"Regen Potion"},{"floor":13.0,"key":"BottledMiracle"},{"floor":16.0,"key":"SteroidPotion"},{"floor":20.0,"key":"Ancient Potion"},{"floor":24.0,"key":"PowerPotion"},{"floor":27.0,"key":"SpeedPotion"},{"floor":38.0,"key":"Explosive Potion"},{"floor":40.0,"key":"SneckoOil"},{"floor":44.0,"key":"EssenceOfSteel"}],"is_trial":false,"path_per_floor":["M","?","$","?","M","E","R","$","T","?","E","M","E","M","R","B",null,"M","T","M","$","M","R","E","R","T","E","R","$","E","$","R","B",null,"M","?","M","M","?","E","R","$","T","M","E","?","E","$","R","B",null,"R","$","E","B"],"character_chosen":"WATCHER","items_purchased":["Lee\u0027s Waffle","Vengeance","Oddly Smooth Stone","LikeWater","Block Potion"],"campfire_rested":2,"item_purchase_floors":[21,21,48,53,53],"current_hp_per_floor":[51,51,51,51,51,19,40,40,40,40,25,37,28,40,40,38,72,67,67,42,79,76,76,57,57,57,48,48,48,26,26,26,19,79,39,39,47,43,25,16,39,39,39,42,29,69,69,69,69,41,69,69,69,35,0,0],"gold":143,"neow_bonus":"ONE_RARE_RELIC","is_daily":false,"chose_seed":false,"campfire_upgraded":3,"win_rate":0.0,"timestamp":1613338654,"path_taken":["M","?","?","?","?","E","R","?","T","?","E","M","E","M","R","BOSS","M","?","M","?","M","R","E","R","T","E","R","$","E","$","R","BOSS","M","?","M","M","?","E","R","?","T","M","E","?","E","$","R","BOSS","R","$","E","BOSS"],"items_purchased_type":["Relic","Card","Relic","Card","Potion"],"build_version":"2020-12-22","purchased_purges":2,"victory":false,"max_hp_per_floor":[72,72,72,72,72,72,72,72,72,72,72,72,72,72,72,72,72,72,72,72,79,79,79,79,79,79,79,79,79,79,79,79,79,79,79,79,79,79,79,79,79,79,79,79,79,69,69,69,69,69,69,69,69,69,69,69],"relic_stats":{"Lee\u0027s Waffle":37,"Happy Flower":[19],"counters":[26,115],"Eternal Feather":0,"Juzu Bracelet":0,"Whetstone":["Strike_P","Strike_P"],"Ginger":[7],"Blood Vial":2,"Nunchaku":[30],"Ornamental Fan":[184],"Bronze Scales":[246],"Pantograph":25,"MealTicket":0,"Turnip":[11],"obtain_stats":[{"Girya":13,"Lee\u0027s Waffle":21,"Happy Flower":30,"Oddly Smooth Stone":48,"Eternal Feather":43,"Juzu Bracelet":45,"Whetstone":9,"Ginger":39,"Blood Vial":54,"SlaversCollar":17,"Nunchaku":6,"Ornamental Fan":24,"Bronze Scales":19,"Pantograph":40,"HolyWater":34,"MealTicket":47,"Turnip":0,"Bag of Marbles":27,"PureWater":0,"Meat on the Bone":11},{"Girya":6,"Lee\u0027s Waffle":10,"Happy Flower":14,"Oddly Smooth Stone":23,"Eternal Feather":20,"Juzu Bracelet":22,"Whetstone":3,"Ginger":19,"Blood Vial":25,"SlaversCollar":8,"Nunchaku":3,"Ornamental Fan":12,"Bronze Scales":9,"Pantograph":20,"HolyWater":15,"MealTicket":23,"Turnip":0,"Bag of Marbles":13,"PureWater":0,"Meat on the Bone":4},{"Girya":23,"Lee\u0027s Waffle":41,"Happy Flower":57,"Oddly Smooth Stone":98,"Eternal Feather":82,"Juzu Bracelet":91,"Whetstone":10,"Ginger":77,"Blood Vial":112,"SlaversCollar":33,"Nunchaku":10,"Ornamental Fan":49,"Bronze Scales":36,"Pantograph":82,"HolyWater":63,"MealTicket":98,"Turnip":0,"Bag of Marbles":52,"PureWater":0,"Meat on the Bone":15}],"Meat on the Bone":168},"card_choices":[{"not_picked":["Protect","WaveOfTheHand"],"picked":"Halt","floor":1.0},{"not_picked":["Nirvana","ThirdEye"],"picked":"FlurryOfBlows","floor":5.0},{"not_picked":["WreathOfFlame","Nirvana"],"picked":"MentalFortress","floor":6.0},{"not_picked":["Nirvana","Worship","WindmillStrike"],"picked":"SKIP","floor":11.0},{"not_picked":["Swivel","Halt","BowlingBash"],"picked":"SKIP","floor":12.0},{"not_picked":["DevaForm","CutThroughFate"],"picked":"ForeignInfluence","floor":13.0},{"not_picked":["CarveReality","JustLucky"],"picked":"SashWhip","floor":14.0},{"not_picked":["LessonLearned","Ragnarok"],"picked":"Devotion","floor":16.0},{"not_picked":["Prostrate","JustLucky"],"picked":"FearNoEvil","floor":18.0},{"not_picked":["FlyingSleeves","EmptyBody"],"picked":"EmptyMind+1","floor":20.0},{"not_picked":["PathToVictory+1","CrushJoints"],"picked":"LikeWater","floor":22.0},{"not_picked":["FlyingSleeves","Evaluate+1","EmptyMind+1"],"picked":"SKIP","floor":24.0},{"not_picked":["CarveReality","SashWhip+1"],"picked":"BattleHymn+1","floor":27.0},{"not_picked":["DevaForm","Collect"],"picked":"LikeWater","floor":30.0},{"not_picked":["Alpha","Omniscience"],"picked":"LessonLearned","floor":33.0},{"not_picked":["Nirvana+1","Meditate","Protect+1"],"picked":"SKIP","floor":35.0},{"not_picked":["Evaluate+1","Swivel+1","Crescendo"],"picked":"SKIP","floor":37.0},{"not_picked":["WheelKick","ClearTheMind"],"picked":"FearNoEvil+1","floor":38.0},{"not_picked":["Indignation+1","Sanctity"],"picked":"TalkToTheHand","floor":39.0},{"not_picked":["Crescendo","Brilliance"],"picked":"MentalFortress+1","floor":40.0},{"not_picked":["WheelKick","Sanctity","BowlingBash"],"picked":"SKIP","floor":44.0},{"not_picked":["Protect+1","Tantrum","Evaluate"],"picked":"SKIP","floor":45.0},{"not_picked":["WheelKick+1","ClearTheMind","Crescendo+1"],"picked":"SKIP","floor":47.0},{"not_picked":["Protect","PathToVictory","Fasting2"],"picked":"SKIP","floor":54.0}],"player_experience":152389,"relics_obtained":[{"floor":6.0,"key":"Nunchaku"},{"floor":9.0,"key":"Whetstone"},{"floor":11.0,"key":"Meat on the Bone"},{"floor":13.0,"key":"Girya"},{"floor":19.0,"key":"Bronze Scales"},{"floor":24.0,"key":"Ornamental Fan"},{"floor":27.0,"key":"Bag of Marbles"},{"floor":30.0,"key":"Happy Flower"},{"floor":39.0,"key":"Ginger"},{"floor":40.0,"key":"Pantograph"},{"floor":43.0,"key":"Eternal Feather"},{"floor":45.0,"key":"Juzu Bracelet"},{"floor":47.0,"key":"MealTicket"},{"floor":54.0,"key":"Blood Vial"}],"event_choices":[{"cards_removed":["Defend_P"],"damage_healed":0.0,"max_hp_gain":0.0,"max_hp_loss":0.0,"gold_gain":0.0,"event_name":"Bonfire Elementals","player_choice":"Offered Basic","floor":2.0,"gold_loss":0.0,"damage_taken":0.0},{"cards_removed":["Defend_P"],"damage_healed":0.0,"max_hp_gain":0.0,"max_hp_loss":0.0,"gold_gain":0.0,"event_name":"Wheel of Change","player_choice":"Card Removal","floor":4.0,"gold_loss":0.0,"damage_taken":0.0},{"damage_healed":0.0,"max_hp_gain":0.0,"max_hp_loss":0.0,"gold_gain":0.0,"event_name":"The Woman in Blue","player_choice":"Bought 2 Potions","floor":10.0,"gold_loss":0.0,"damage_taken":0.0},{"cards_removed":["Defend_P"],"damage_healed":0.0,"max_hp_gain":0.0,"max_hp_loss":0.0,"gold_gain":0.0,"event_name":"Falling","player_choice":"Removed Skill","floor":36.0,"gold_loss":0.0,"damage_taken":0.0},{"damage_healed":0.0,"max_hp_gain":0.0,"max_hp_loss":0.0,"gold_gain":0.0,"event_name":"Mysterious Sphere","player_choice":"Fight","floor":39.0,"gold_loss":0.0,"damage_taken":0.0},{"damage_healed":69.0,"max_hp_gain":0.0,"max_hp_loss":10.0,"gold_gain":0.0,"event_name":"The Moai Head","player_choice":"Heal","floor":46.0,"gold_loss":0.0,"damage_taken":0.0}],"is_beta":false,"boss_relics":[{"not_picked":["Cursed Key","Sozu"],"picked":"SlaversCollar"},{"not_picked":["Philosopher\u0027s Stone","Snecko Eye"],"picked":"HolyWater"}],"items_purged_floors":[3,48],"is_endless":false,"potions_floor_spawned":[6,11,13,16,20,22,24,27,38,40,44],"killed_by":"The Heart","ascension_level":3}}