{"host":"h2g8ky7y1n1j4svm","time":1613345668,"event":{"mods":["AchievementEnabler","BaseMod","Bestiary","Block Reminder","Colored Map","Highlight Path","Minty Spire (QoL Compilation)","Quick Restart","Relic Stats","SuperFastMode"],"gold_per_floor":[119,8,27,27,45,45,59,59,59,77,92,92,111,126,126,228,228,240,252,80,100,117,117,134,9,91,91,106,125,125,125,125],"floor_reached":31,"language":"ENG","playtime":5646,"items_purged":["Strike_R","Strike_R","Strike_R"],"score":260,"play_id":"088cba5a-3cc7-45bd-810a-589bac5704dd","local_time":"20210215003428","is_ascension_mode":false,"campfire_choices":[{"data":"Armaments","floor":6.0,"key":"SMITH"},{"data":"Bash","floor":8.0,"key":"SMITH"},{"data":"Barricade","floor":15.0,"key":"SMITH"},{"data":"Entrench","floor":23,"key":"SMITH"},{"floor":27,"key":"REST"}],"circlet_count":0,"master_deck":["Defend_R","Defend_R","Defend_R","Defend_R","Bash+1","Armaments+1","Dropkick","Iron Wave","Warcry","Barricade+1","Iron Wave","Warcry","Juggernaut","Iron Wave+1","Entrench+1","Flame Barrier","Iron Wave","Body Slam"],"relics":["Burning Blood"],"acts_visited":["Exordium","TheCity"],"potions_floor_usage":[22,31],"damage_taken":[{"damage":1.0,"enemies":"Jaw Worm","floor":1.0,"turns":4.0},{"damage":5.0,"enemies":"Cultist","floor":3.0,"turns":4.0},{"damage":0.0,"enemies":"Small Slimes","floor":5.0,"turns":5.0},{"damage":10.0,"enemies":"Gremlin Gang","floor":7.0,"turns":5.0},{"damage":4.0,"enemies":"Large Slime","floor":10.0,"turns":9.0},{"damage":7.0,"enemies":"Exordium Thugs","floor":11.0,"turns":9.0},{"damage":1.0,"enemies":"Lots of Slimes","floor":13.0,"turns":8.0},{"damage":0.0,"enemies":"3 Louse","floor":14.0,"turns":5.0},{"damage":65.0,"enemies":"Slime Boss","floor":16.0,"turns":27.0},{"damage":24,"enemies":"Spheric Guardian","floor":18,"turns":8},{"damage":14,"enemies":"Shell Parasite","floor":19,"turns":10},{"damage":18,"enemies":"Shelled Parasite and Fungi","floor":21,"turns":12},{"damage":10,"enemies":"Centurion and Healer","floor":22,"turns":10},{"damage":32,"enemies":"Snecko","floor":24,"turns":7},{"damage":5,"enemies":"Snake Plant","floor":28,"turns":8},{"damage":20,"enemies":"Centurion and Healer","floor":29,"turns":23},{"damage":31,"enemies":"Cultist and Chosen","floor":31,"turns":13}],"seed_played":"-4134127548754812271","potions_obtained":[{"floor":3.0,"key":"GamblersBrew"},{"floor":7.0,"key":"SmokeBomb"},{"floor":11.0,"key":"FearPotion"},{"floor":18,"key":"ColorlessPotion"},{"floor":21,"key":"DuplicationPotion"},{"floor":24,"key":"SmokeBomb"},{"floor":28,"key":"LiquidMemories"}],"is_trial":false,"path_per_floor":["M","$","M","?","M","R","M","R","T","M","M","?","M","M","R","B",null,"M","M","$","M","M","R","M","$","T","R","M","M","?","M"],"character_chosen":"IRONCLAD","items_purchased":["Dropkick","Flame Barrier"],"campfire_rested":1,"item_purchase_floors":[2,20],"current_hp_per_floor":[80,80,80,72,78,78,74,74,74,76,75,75,80,80,80,21,80,62,54,54,42,38,38,12,12,12,36,37,23,23,0,0],"gold":125,"neow_bonus":"REMOVE_CARD","is_daily":false,"chose_seed":false,"campfire_upgraded":4,"win_rate":0.0,"timestamp":1613345668,"path_taken":["M","$","M","?","?","R","M","R","T","M","M","?","M","?","R","BOSS","M","M","$","M","M","R","M","$","T","R","M","M","?","M"],"items_purchased_type":["Card","Card"],"build_version":"2020-12-22","purchased_purges":3,"victory":false,"max_hp_per_floor":[80,80,80,80,80,80,80,80,80,80,80,80,80,80,80,80,80,80,80,80,80,80,80,80,80,80,80,80,80,80,80,80],"relic_stats":{"counters":[17,167],"obtain_stats":[{"Burning Blood":0},{"Burning Blood":0},{"Burning Blood":0}],"Burning Blood":84},"card_choices":[{"not_picked":["Sword Boomerang","Perfected Strike"],"picked":"Armaments","floor":1.0},{"not_picked":["Cleave","Bloodletting","Flex"],"picked":"SKIP","floor":3.0},{"not_picked":["Havoc","Twin Strike"],"picked":"Iron Wave","floor":5.0},{"not_picked":["Clothesline","Havoc"],"picked":"Warcry","floor":7.0},{"not_picked":["Seeing Red","Iron Wave"],"picked":"Barricade","floor":10.0},{"not_picked":["Perfected Strike","True Grit"],"picked":"Iron Wave","floor":11.0},{"not_picked":["Twin Strike","Power Through","Corruption"],"picked":"SKIP","floor":13.0},{"not_picked":["Dropkick","True Grit"],"picked":"Warcry","floor":14.0},{"not_picked":["Feed","Berserk"],"picked":"Juggernaut","floor":16.0},{"not_picked":["Twin Strike","Flame Barrier"],"picked":"Iron Wave+1","floor":18},{"not_picked":["Clash+1","Pommel Strike+1"],"picked":"Entrench","floor":19},{"not_picked":["Pummel","Headbutt","Armaments+1"],"picked":"SKIP","floor":21},{"not_picked":["Reckless Charge","Havoc"],"picked":"Iron Wave","floor":22},{"not_picked":["Whirlwind","Clothesline","Blood for Blood"],"picked":"SKIP","floor":24},{"not_picked":["Perfected Strike","Dropkick","Sword Boomerang+1"],"picked":"SKIP","floor":28},{"not_picked":["Evolve","Armaments","Cleave"],"picked":"SKIP","floor":29}],"player_experience":1014759,"relics_obtained":[],"event_choices":[{"damage_healed":0.0,"max_hp_gain":0.0,"max_hp_loss":0.0,"gold_gain":0.0,"event_name":"Wheel of Change","player_choice":"Damaged","floor":4.0,"gold_loss":0.0,"damage_taken":8.0},{"cards_removed":["Strike_R"],"damage_healed":0.0,"max_hp_gain":0.0,"max_hp_loss":0.0,"gold_gain":0.0,"event_name":"Purifier","player_choice":"Purged","floor":12.0,"gold_loss":0.0,"damage_taken":0.0},{"damage_healed":0,"gold_gain":0,"player_choice":"Read","damage_taken":0,"max_hp_gain":0,"max_hp_loss":0,"event_name":"The Library","floor":30,"gold_loss":0,"cards_obtained":["Body Slam"]}],"is_beta":false,"boss_relics":[{"not_picked":["Ectoplasm","Sozu","Empty Cage"]}],"items_purged_floors":[2,20,25],"is_endless":false,"potions_floor_spawned":[3,7,11,18,21,24,28],"killed_by":"Cultist and Chosen","ascension_level":0}}