{"host":"l7l2v2zs4hqku4vk","time":1613303749,"event":{"mods":["Act Like it!","BaseMod","Colored Powertips","Downfall","Highlight Path","Minty Spire (QoL Compilation)","Replay The Spire","RumiaBox-露米娅的神秘盒子","StSLib","TestMod","The Servant 0.9.4","篝火指南"],"gold_per_floor":[99,112,146,146,166,64,114,143,172,236,245,266,266,293,319,432,432,432,832,968,511,511,511,535,546,565,436,464,474,474,486,506,611,611,611,626,648,775,800,800,818,818,844,863,885,922,822,650,669,669],"floor_reached":51,"language":"ZHS","playtime":2837,"items_purged":["Looming Evil","Spreading Infection"],"score":851,"play_id":"6075cf2f-72cc-4289-a7fc-f068b781e97e","local_time":"20210214195549","is_ascension_mode":false,"campfire_choices":[{"data":"Slimebound:Teamwork","floor":1.0,"key":"SMITH"},{"data":"Replay:SS_forest_2","floor":13.0,"key":"SMITH"},{"data":"Slimebound:MassRepurpose","floor":18.0,"key":"SMITH"},{"data":"expansioncontent:StudyTheSpire","floor":23,"key":"SMITH"},{"data":"Slimebound:Split","floor":30,"key":"SMITH"},{"data":"Slimebound:SlimeBarrage","floor":35,"key":"SMITH"},{"data":"Slimebound:SlimeSpikes","floor":42,"key":"SMITH"},{"floor":47,"key":"REST"}],"circlet_count":0,"master_deck":["Slimebound:Tackle","Slimebound:Defend_Slimebound","Slimebound:Defend_Slimebound","Slimebound:Split+1","Slimebound:CorrosiveSpit","Slimebound:Teamwork+1","Slimebound:FinishingTackle","Slimebound:LevelUp","Slimebound:SplitLeeching","Slimebound:FinishingTackle","Slimebound:SplitLeeching","Slimebound:LeadByExample","Replay:SS_forest_2+1","Slimebound:PressTheAttack","Slimebound:RejuvenatingLick","Slimebound:Prepare","Slimebound:FlameTackle","Slimebound:DisruptingSlam","Slimebound:SplitAcid","Slimebound:MassRepurpose+1","J.A.X.","Slimebound:LivingWall","Slimebound:SlimeBarrage+1","expansioncontent:StudyTheSpire+1","Slimebound:Schlurp+1","Slimebound:OneTwoCombo+1","Slimebound:GrowthPunch+1","Slimebound:SlimeSpikes+1","Slimebound:SlimeSlap+1","Clumsy","Slimebound:PressTheAttack+1","Injury","downfall:Haunted","Slimebound:SamplingLick+1","Slimebound:LevelUp+1","expansioncontent:AwakenDeath"],"relics":["Slimebound:AbsorbEndCombat","testmod-Brilliant","Lantern","CeramicFish","Darkstone Periapt","Busted Crown","MutagenicStrength","MagicDraw3","Molten Egg 2","Replay:Rubber Ducky","SoulBox","downfall:ExtraCursedKey","Matryoshka","Orichalcum","testmod-Fortitude","LastBattle","MagicDraw1","downfall:HeartBlessingGreen"],"acts_visited":["Exordium","TheCity","TheBeyond"],"potions_floor_usage":[27,50,50],"damage_taken":[{"damage":0.0,"enemies":"Small Slimes","floor":2.0,"turns":2.0},{"damage":4.0,"enemies":"Jaw Worm","floor":5.0,"turns":3.0},{"damage":0.0,"enemies":"downfall:FleeingMerchant","floor":6.0,"turns":4.0},{"damage":0.0,"enemies":"Cultist","floor":8.0,"turns":4.0},{"damage":0.0,"enemies":"downfall:LooterAlt","floor":9.0,"turns":2.0},{"damage":8.0,"enemies":"3 Sentries","floor":10.0,"turns":3.0},{"damage":0.0,"enemies":"3 Louse","floor":12.0,"turns":1.0},{"damage":0.0,"enemies":"Lots of Slimes","floor":14.0,"turns":1.0},{"damage":0.0,"enemies":"Gremlin Gang","floor":15.0,"turns":1.0},{"damage":26.0,"enemies":"DF_ARCHETYPE_STREAMLINE","floor":16.0,"turns":7.0},{"damage":25,"enemies":"downfall:Augmenter","floor":20,"turns":6},{"damage":3,"enemies":"downfall:FleeingMerchant","floor":21,"turns":4},{"damage":0,"enemies":"downfall:LooterAlt2","floor":25,"turns":1},{"damage":12,"enemies":"Shell Parasite","floor":26,"turns":2},{"damage":12,"enemies":"downfall:FleeingMerchant","floor":27,"turns":4},{"damage":1,"enemies":"Sentry and Sphere","floor":28,"turns":3},{"damage":0,"enemies":"Chosen and Byrds","floor":29,"turns":2},{"damage":3,"enemies":"Snake Plant","floor":31,"turns":3},{"damage":0,"enemies":"Centurion and Healer","floor":32,"turns":1},{"damage":0,"enemies":"WA_ARCHETYPE_CALM","floor":33,"turns":5},{"damage":0,"enemies":"3 Darklings","floor":36,"turns":2},{"damage":0,"enemies":"Orb Walker","floor":37,"turns":3},{"damage":0,"enemies":"downfall:FleeingMerchant","floor":39,"turns":3},{"damage":31,"enemies":"Giant Head","floor":43,"turns":8},{"damage":30,"enemies":"Transient","floor":44,"turns":5},{"damage":0,"enemies":"Spire Growth","floor":45,"turns":5},{"damage":0,"enemies":"Reptomancer","floor":46,"turns":2},{"damage":0,"enemies":"Jaw Worm Horde","floor":49,"turns":1},{"damage":165,"enemies":"IC_BLOCK_ARCHETYPE","floor":50,"turns":9}],"seed_played":"-1643624609505838006","potions_obtained":[{"floor":2.0,"key":"Fire Potion"},{"floor":3.0,"key":"Dexterity Potion"},{"floor":10.0,"key":"testmod-TestPotion"},{"floor":15.0,"key":"bronze:BurnAndBuffPotion"},{"floor":16.0,"key":"FearPotion"},{"floor":20,"key":"SpeedPotion"},{"floor":31,"key":"Elixir"},{"floor":32,"key":"Strength Potion"},{"floor":37,"key":"DuplicationPotion"},{"floor":44,"key":"SkillPotion"}],"is_trial":false,"path_per_floor":["R","M","?","?","M","$","T","M","M","?","?","M","R","M","M","B",null,"R","?","?","$","T","R","T","M","M","$","M","M","R","M","M","B",null,"R","M","M","?","$","?","T","R","E","M","M","E","R","$","M","B",null],"character_chosen":"SLIMEBOUND","items_purchased":["Replay:SS_forest_2","expansioncontent:StudyTheSpire","MagicDraw3","Slimebound:OneTwoCombo+1","Matryoshka","expansioncontent:AwakenDeath"],"campfire_rested":1,"item_purchase_floors":[6,21,21,27,39,48],"current_hp_per_floor":[65,65,39,39,35,37,37,37,39,31,37,37,37,37,37,13,71,71,71,56,55,55,55,55,57,45,39,40,40,40,41,41,49,77,77,77,77,89,89,89,101,101,76,50,52,54,84,84,84,7],"gold":669,"neow_bonus":"TRANSFORM_CARD","is_daily":false,"chose_seed":false,"campfire_upgraded":7,"win_rate":0.0,"timestamp":1613303749,"path_taken":["R","M","?","?","M","$","T","M","?","?","?","?","R","?","M","BOSS","R","?","?","$","?","R","T","M","?","$","M","M","R","M","M","BOSS","R","M","M","?","$","?","T","R","E","M","M","E","R","?","M","BOSS"],"items_purchased_type":["Card","Card","Relic","Card","Relic","Card"],"build_version":"2020-12-22","purchased_purges":2,"victory":true,"max_hp_per_floor":[65,65,65,65,65,65,65,65,65,65,71,71,71,71,71,71,71,71,71,77,77,77,77,77,77,77,77,77,77,77,77,77,77,77,77,77,77,89,89,89,101,101,101,101,101,101,101,101,101,101],"card_choices":[{"not_picked":["Slimebound:GrowthPunch","Slimebound:LeechEnergy"],"picked":"Slimebound:FinishingTackle","floor":2.0},{"not_picked":["Slimebound:LeechEnergy","Slimebound:Grow"],"picked":"Slimebound:LevelUp","floor":3.0},{"not_picked":["Slimebound:SplitAcid","Slimebound:PressTheAttack"],"picked":"Slimebound:SplitLeeching","floor":3.0},{"not_picked":["Slimebound:ItLooksTasty","Slimebound:ViciousTackle"],"picked":"Slimebound:SplitLeeching","floor":5.0},{"not_picked":["Slimebound:SplitAcid","Slimebound:SlimeTap"],"picked":"Slimebound:LeadByExample","floor":6.0},{"not_picked":["Slimebound:SplitLeeching","Slimebound:Teamwork"],"picked":"Slimebound:PressTheAttack","floor":8.0},{"not_picked":["Slimebound:AcidTongue","Slimebound:TongueLash"],"picked":"Slimebound:RejuvenatingLick","floor":9.0},{"not_picked":["Slimebound:Nibble","Slimebound:GoopSpray"],"picked":"Slimebound:Prepare","floor":10.0},{"not_picked":["Slimebound:SlimeTap","Slimebound:Chomp"],"picked":"Slimebound:FlameTackle","floor":12.0},{"not_picked":["Slimebound:SamplingLick","Slimebound:Dissolve"],"picked":"Slimebound:DisruptingSlam","floor":14.0},{"not_picked":["Slimebound:SlimeTap","Slimebound:TongueLash"],"picked":"Slimebound:SplitAcid","floor":15.0},{"not_picked":["Slimebound:MassFeed","Slimebound:OneTwoCombo"],"picked":"Slimebound:MassRepurpose","floor":16.0},{"not_picked":[],"picked":"J.A.X.","floor":20},{"not_picked":[],"picked":"Slimebound:SlimeBarrage","floor":20},{"not_picked":["Slimebound:SlimeBrawl"],"picked":"SKIP","floor":21},{"not_picked":["Slimebound:FinishingTackle+1"],"picked":"SKIP","floor":25},{"not_picked":[],"picked":"Slimebound:Schlurp+1","floor":26},{"not_picked":["Slimebound:HauntingLick"],"picked":"SKIP","floor":27},{"not_picked":[],"picked":"Slimebound:GrowthPunch+1","floor":28},{"not_picked":["Slimebound:GoopTackle+1"],"picked":"SKIP","floor":29},{"not_picked":["Slimebound:Prepare"],"picked":"SKIP","floor":31},{"not_picked":["Slimebound:LeechEnergy+1"],"picked":"SKIP","floor":32},{"not_picked":["Slimebound:SlimeTap"],"picked":"SKIP","floor":36},{"not_picked":[],"picked":"Slimebound:SlimeSpikes","floor":37},{"not_picked":[],"picked":"Slimebound:PressTheAttack+1","floor":39},{"not_picked":["Slimebound:Chomp+1"],"picked":"SKIP","floor":43},{"not_picked":["Slimebound:DisruptingSlam+1"],"picked":"SKIP","floor":44},{"not_picked":[],"picked":"Slimebound:SamplingLick+1","floor":45},{"not_picked":[],"picked":"Slimebound:LevelUp+1","floor":46},{"not_picked":["Slimebound:PressTheAttack+1"],"picked":"SKIP","floor":49}],"player_experience":1780411,"relics_obtained":[{"floor":3.0,"key":"Lantern"},{"floor":7.0,"key":"CeramicFish"},{"floor":10.0,"key":"Darkstone Periapt"},{"floor":20,"key":"MutagenicStrength"},{"floor":22,"key":"Molten Egg 2"},{"floor":24,"key":"Replay:Rubber Ducky"},{"floor":41,"key":"Orichalcum"},{"floor":41,"key":"testmod-Fortitude"},{"floor":43,"key":"LastBattle"},{"floor":46,"key":"MagicDraw1"}],"event_choices":[{"damage_healed":0.0,"max_hp_gain":0.0,"max_hp_loss":0.0,"gold_gain":400.0,"event_name":"恩洛斯的盘子","player_choice":"Sell","floor":19.0,"relics_lost":["testmod-TestBox"],"gold_loss":0.0,"damage_taken":0.0},{"damage_healed":0,"gold_gain":0,"player_choice":"Ignored","damage_taken":0,"max_hp_gain":0,"max_hp_loss":0,"event_name":"给自己的盒子","floor":40,"gold_loss":0}],"is_beta":false,"boss_relics":[{"not_picked":["Runic Dome","Astrolabe"],"picked":"Busted Crown"},{"not_picked":["testmod-Recursion","Sozu"],"picked":"SoulBox"}],"items_purged_floors":[39,48],"is_endless":false,"potions_floor_spawned":[2,10,15,16,20,31,32,37,44,46,49],"ascension_level":0}}