{"host":"m09tgwt98r7ugp6s","time":1613312222,"event":{"mods":["Aspiration","BaseMod","Conspire","Energized Spire","FoggyMod","GifTheSpireLib","Hubris","Infinite Spire","Marisa????????","Minty Spire (QoL Compilation)","Potionbrewer","Replay The Spire","Spicy Shops","StSLib"],"gold_per_floor":[119,294,219,294,294,326,326,345,345,345,269,309,309,335,335,464,464,484,484,484,511,511,511,251,251,278,378,378,433,433,433,433,544,644,714,714,714,740,740,740,779,779,779,779,821,821,821,821,821,946,946,1032,1032,878,878,878,910,910,910,910,991,991,1046,1046,900,975,1074,1074,1106,1106,1106,1106,1147,1147,1147,1208,1289,1289,1289,1328,1328,1328,1328,1424,1474,1506,1506,1581,1581,1193,1193,1263,1285,1312,1312,1312,1312,1312,1359,1359,1377,1377],"floor_reached":101,"language":"ENG","playtime":3601,"items_purged":["Doubt","Amnesia"],"score":1870,"play_id":"6d21b4ff-3df1-40ff-9ce2-c8764b1a2be4","local_time":"20210214161702","is_ascension_mode":false,"campfire_choices":[{"floor":13.0,"key":"REST"},{"floor":15.0,"key":"REST"},{"data":"6A","floor":23.0,"key":"SMITH"},{"data":"TreasureHunter","floor":30.0,"key":"SMITH"},{"floor":32.0,"key":"REST"},{"floor":40.0,"key":"RECALL"},{"data":"MysteriousBeam","floor":44.0,"key":"SMITH"},{"floor":46.0,"key":"REST"},{"data":"Robbery","floor":49.0,"key":"SMITH"},{"data":"UpSweep","floor":58.0,"key":"SMITH"},{"data":"Strike_MRS","floor":62.0,"key":"SMITH"},{"data":"NonDirectionalLaser","floor":81.0,"key":"SMITH"},{"floor":83.0,"key":"DIG"},{"data":"infinitespire:DeathsTouch","floor":91.0,"key":"SMITH"},{"data":"GravityBeat","floor":96.0,"key":"SMITH"},{"data":"GravityBeat","floor":100,"key":"SMITH"}],"circlet_count":0,"master_deck":["Strike_MRS","Strike_MRS","Strike_MRS","Strike_MRS","Defend_MRS","Defend_MRS","Defend_MRS","Defend_MRS","UpSweep+1","CollectingQuirk+1","MysteriousBeam+1","Robbery+1","6A+1","EarthLightRay+1","DeepEcoloBomb+1","TreasureHunter+1","MilkyWay+1","SprinkleStarSeal+1","Conserve Battery+1","NonDirectionalLaser+1","BinaryStars+1","GravityBeat+1","GravityBeat+1","infinitespire:DeathsTouch+1","Wraith"],"relics":["Simple Rune","Blue Doll","hubris:EvacipatedBox","HornCleat","Omamori","Replay:Bottled Eggs","RampagingMagicTools","hubris:Towel","MutagenicStrength","Pantograph","MealTicket","hubris:64BitClover","hubris:PeanutButter","Ring of Hypnosis","ReplayTheSpireMod:Ring of Challenge","Potion Belt","Quantum Egg","Frozen Egg 2","Mango","Replay:Wanted Poster","War Paint","Bag of Preparation","Juzu Bracelet","Gremlin Food","Pocketwatch","aspiration:PoetsPen_weak","Toxic Egg 2","Whetstone","m_SpellCore","infinitespire:WardingShard","hubris:CrystalStatue","Replay:Wax Seal","Strawberry","aspiration:FetidBarrel","aspiration:Nostalgia","Cracked Core","Black Star","hubris:MedicalManual","Shuriken","aspiration:ArtOfWarUpgrade","Replay:Rubber Ducky","Replay:Kaleidoscope","InkBottle","Ornamental Fan","aspiration:HiddenCompartment","Singing Bowl","ReplayTheSpireMod:Shallot","potionbrewer:BottledElixir","Tiny House","WingedGreaves","Tiny Chest","Blood Vial","Ginger","conspire:TopHat","Orichalcum","Regal Pillow","hubris:SlimyHat","Replay:Bandana","ReplayFunnel"],"acts_visited":["Exordium","TheCity","TheBeyond","Exordium","TheCity","TheBeyond"],"potions_floor_usage":[101],"damage_taken":[{"damage":1.0,"enemies":"Cultist","floor":1.0,"turns":3.0},{"damage":9.0,"enemies":"Replay:BlueRogue","floor":6.0,"turns":5.0},{"damage":0.0,"enemies":"2 Louse","floor":8.0,"turns":4.0},{"damage":21.0,"enemies":"Lagavulin","floor":12.0,"turns":6.0},{"damage":0.0,"enemies":"Jaw Worm","floor":14.0,"turns":3.0},{"damage":25.0,"enemies":"Fading Forest","floor":16.0,"turns":11.0},{"damage":15.0,"enemies":"Spheric Guardian","floor":18.0,"turns":4.0},{"damage":10.0,"enemies":"Chosen","floor":21.0,"turns":4.0},{"damage":0.0,"enemies":"Colosseum Slavers","floor":27.0,"turns":1.0},{"damage":0.0,"enemies":"Colosseum Nobs","floor":27.0,"turns":2.0},{"damage":39.0,"enemies":"Nightmare","floor":29.0,"turns":10.0},{"damage":54.0,"enemies":"Automaton","floor":33.0,"turns":10.0},{"damage":0.0,"enemies":"3 Shapes","floor":35.0,"turns":2.0},{"damage":8.0,"enemies":"3 Darklings","floor":38.0,"turns":4.0},{"damage":8.0,"enemies":"R_Hoarder","floor":41.0,"turns":5.0},{"damage":42.0,"enemies":"Giant Head","floor":45.0,"turns":9.0},{"damage":66.0,"enemies":"conspire:OrnateMirror","floor":50.0,"turns":15.0},{"damage":0.0,"enemies":"2 Louse","floor":52.0,"turns":1.0},{"damage":0.0,"enemies":"Lagavulin","floor":57.0,"turns":2.0},{"damage":3.0,"enemies":"3 Sentries","floor":61.0,"turns":3.0},{"damage":5.0,"enemies":"conspire:MimicChest","floor":63.0,"turns":5.0},{"damage":20.0,"enemies":"Hexaghost","floor":67.0,"turns":4.0},{"damage":0.0,"enemies":"conspire:FuzzyDice","floor":69.0,"turns":2.0},{"damage":0.0,"enemies":"conspire:Head Lice","floor":76.0,"turns":2.0},{"damage":0.0,"enemies":"Gremlin Leader","floor":80.0,"turns":2.0},{"damage":5.0,"enemies":"hubris:MusketHawk","floor":84.0,"turns":4.0},{"damage":0.0,"enemies":"3 Darklings","floor":86.0,"turns":2.0},{"damage":0.0,"enemies":"infinitespire:Three Voidlings","floor":88.0,"turns":1.0},{"damage":47.0,"enemies":"Nightmare_Alpha","floor":88.0,"turns":7.0},{"damage":32.0,"enemies":"2 Orb Walkers","floor":92.0,"turns":2.0},{"damage":0.0,"enemies":"Reptomancer","floor":93.0,"turns":2.0},{"damage":0,"enemies":"R_Hoarder","floor":99,"turns":2},{"damage":102,"enemies":"conspire:OrnateMirror","floor":101,"turns":5}],"seed_played":"-8224293919871580392","potions_obtained":[{"floor":1.0,"key":"Ancient Potion"},{"floor":6.0,"key":"FearPotion"},{"floor":8.0,"key":"GamblersBrew"},{"floor":29.0,"key":"EssenceOfSteel"},{"floor":33.0,"key":"ShroomBrew"},{"floor":38.0,"key":"SpeedPotion"},{"floor":50.0,"key":"potionbrewer:CleansingPotion"},{"floor":73.0,"key":"Regen Potion"}],"is_trial":false,"path_per_floor":["M","?","$","?","?","E","$","M","T","?","$","E","R","M","R","B",null,"M","?","?","M","?","R","$","?","T","?","?","NM","R","T","R","B",null,"M","?","?","M","?","R","E","$","T","R","E","R","?","?","R","B",null,"M","?","$","?","?","E","R","?","T","E","R","?","?","$","R","B",null,"M","?","$","?","?","R","$","E","T","?","R","E","R","?","R","B",null,"M","?","?","?","$","R","?","E","T","?","R","M","?","E","R","B"],"character_chosen":"MARISA","items_purchased":["hubris:EvacipatedBox","Omamori","Pantograph","Whetstone","aspiration:Nostalgia","Tiny Chest","Blood Vial"],"campfire_rested":4,"item_purchase_floors":[7,11,24,54,65,90,90],"current_hp_per_floor":[74,74,74,63,63,54,35,35,35,35,35,14,36,36,58,43,75,60,60,60,56,56,56,56,56,56,62,62,29,29,29,51,35,89,89,89,89,82,82,82,80,89,89,89,53,79,79,79,79,29,89,89,89,89,89,89,89,89,89,89,93,93,91,94,99,90,79,99,99,99,99,99,75,75,90,90,90,90,90,92,92,92,92,96,106,106,106,61,61,76,76,48,58,58,58,58,58,58,62,62,0,0],"gold":1377,"neow_bonus":"ONE_RANDOM_RARE_CARD","is_daily":false,"chose_seed":false,"campfire_upgraded":10,"win_rate":0.0,"timestamp":1613312222,"path_taken":["M","?","$","?","?","E","?","?","T","?","$","E","R","?","R","BOSS","M","?","?","?","?","R","?","?","T","?","?","NM","R","?","R","BOSS","M","?","?","?","?","R","E","?","T","R","E","R","?","?","R","BOSS","M","?","$","?","?","E","R","?","T","E","R","?","?","?","R","BOSS","M","?","$","?","?","R","$","E","T","?","R","E","R","?","R","BOSS","M","?","?","?","?","R","?","E","T","?","R","?","?","E","R","BOSS"],"items_purchased_type":["Relic","Relic","Relic","Relic","Relic","Relic","Relic"],"build_version":"2020-12-22","purchased_purges":2,"victory":false,"max_hp_per_floor":[75,75,75,75,75,75,75,75,75,75,75,75,75,75,75,75,75,75,75,75,75,75,75,75,75,75,75,75,75,75,75,75,89,89,89,89,89,89,89,89,89,89,89,89,89,89,89,89,89,89,89,89,89,89,89,89,89,89,89,89,96,96,96,99,99,99,99,99,99,99,99,99,99,99,99,99,99,99,99,101,101,101,101,101,106,106,106,108,108,108,108,110,112,112,112,112,112,106,108,108,108,108],"card_choices":[{"not_picked":["WitchOfGreed","UnstableBomb"],"picked":"MysteriousBeam","floor":1.0},{"not_picked":["GalacticHalo","IllusionStar"],"picked":"Robbery","floor":6.0},{"not_picked":["WitchLeyline","ShootingEcho","GrandCross"],"picked":"SKIP","floor":8.0},{"not_picked":["OneTimeOff","NonDirectionalLaser"],"picked":"GravityBeat","floor":12.0},{"not_picked":["WitchLeyline","UnstableBomb"],"picked":"6A","floor":14.0},{"not_picked":["WitchOfGreed","MilkyWay"],"picked":"EarthLightRay+1","floor":18.0},{"not_picked":["DarkSpark","PulseMagic"],"picked":"DeepEcoloBomb+1","floor":21.0},{"not_picked":["6A","ShootingEcho+1"],"picked":"TreasureHunter","floor":27.0},{"not_picked":["UnstableBomb","Robbery","FinalSpark"],"picked":"SKIP","floor":29.0},{"not_picked":["Orbital","AsteroidBelt+1"],"picked":"MilkyWay+1","floor":35.0},{"not_picked":["PropBag+1","NonDirectionalLaser","DoubleSpark"],"picked":"SKIP","floor":38.0},{"not_picked":["GalacticHalo","IllusionStar+1"],"picked":"SprinkleStarSeal+1","floor":41.0},{"not_picked":["EnergyRecoil","LuminesStrike+1","ChargeUpSpray+1"],"picked":"SKIP","floor":45.0},{"not_picked":["NonDirectionalLaser","6A","LuminesStrike"],"picked":"SKIP","floor":52.0},{"not_picked":["CasketOfStar+1","Barrage"],"picked":"Conserve Battery+1","floor":57.0},{"not_picked":["MysteriousBeam","Orbital+1","AlicesGift"],"picked":"SKIP","floor":61.0},{"not_picked":["EarthLightRay+1","MysteriousBeam","MagicChant+1"],"picked":"SKIP","floor":69.0},{"not_picked":["ShootingEcho","StarlightTyphoon+1"],"picked":"NonDirectionalLaser","floor":73.0},{"not_picked":["PropBag+1","MysteriousBeam","FairyDestructionRay"],"picked":"SKIP","floor":76.0},{"not_picked":["EarthLightRay+1","ShootingEcho","EnergyRecoil+1"],"picked":"Singing Bowl","floor":80.0},{"not_picked":["CollectingQuirk","SuperNova+1"],"picked":"BinaryStars+1","floor":84.0},{"not_picked":["WitchOfGreed+1","Orbital+1"],"picked":"GravityBeat","floor":85.0},{"not_picked":["StarBarrage","AsteroidBelt+1"],"picked":"GravityBeat","floor":86.0},{"not_picked":["SporeBomb+1","GrandCross","DarkMatter+1"],"picked":"Singing Bowl","floor":88.0},{"not_picked":["infinitespire:NeuralNetwork","infinitespire:TheBestDefense"],"picked":"infinitespire:DeathsTouch","floor":88.0},{"not_picked":["MysteriousBeam","AlicesGift+1","6A+1"],"picked":"Singing Bowl","floor":92.0},{"not_picked":["WitchOfGreed+1","StarlightTyphoon+1","SporeBomb+1"],"picked":"Singing Bowl","floor":93.0},{"not_picked":["BlazingStar","RefractionSpark+1","WitchLeyline+1"],"picked":"Singing Bowl","floor":99}],"player_experience":123126,"relics_obtained":[{"floor":5.0,"key":"Simple Rune"},{"floor":6.0,"key":"Blue Doll"},{"floor":9.0,"key":"HornCleat"},{"floor":12.0,"key":"Replay:Bottled Eggs"},{"floor":26.0,"key":"MealTicket"},{"floor":27.0,"key":"hubris:64BitClover"},{"floor":27.0,"key":"hubris:PeanutButter"},{"floor":28.0,"key":"Ring of Hypnosis"},{"floor":28.0,"key":"ReplayTheSpireMod:Ring of Challenge"},{"floor":29.0,"key":"Potion Belt"},{"floor":29.0,"key":"Quantum Egg"},{"floor":31.0,"key":"Frozen Egg 2"},{"floor":33.0,"key":"Mango"},{"floor":41.0,"key":"War Paint"},{"floor":41.0,"key":"Bag of Preparation"},{"floor":45.0,"key":"Juzu Bracelet"},{"floor":45.0,"key":"Gremlin Food"},{"floor":50.0,"key":"Pocketwatch"},{"floor":57.0,"key":"infinitespire:WardingShard"},{"floor":60.0,"key":"hubris:CrystalStatue"},{"floor":61.0,"key":"Replay:Wax Seal"},{"floor":61.0,"key":"Strawberry"},{"floor":63.0,"key":"aspiration:FetidBarrel"},{"floor":69.0,"key":"hubris:MedicalManual"},{"floor":73.0,"key":"Art of War"},{"floor":76.0,"key":"Replay:Rubber Ducky"},{"floor":76.0,"key":"Replay:Kaleidoscope"},{"floor":76.0,"key":"InkBottle"},{"floor":77.0,"key":"Ornamental Fan"},{"floor":80.0,"key":"Singing Bowl"},{"floor":80.0,"key":"ReplayTheSpireMod:Shallot"},{"floor":83.0,"key":"potionbrewer:BottledElixir"},{"floor":88.0,"key":"WingedGreaves"},{"floor":92.0,"key":"Ginger"},{"floor":93.0,"key":"conspire:TopHat"},{"floor":93.0,"key":"Orichalcum"},{"floor":94.0,"key":"Regal Pillow"},{"floor":99,"key":"hubris:SlimyHat"},{"floor":99,"key":"Replay:Bandana"},{"floor":99,"key":"ReplayFunnel"}],"event_choices":[{"damage_healed":0.0,"max_hp_gain":0.0,"max_hp_loss":0.0,"gold_gain":175.0,"event_name":"Liars Game","player_choice":"AGREE","floor":2.0,"gold_loss":0.0,"damage_taken":0.0,"cards_obtained":["Doubt"]},{"damage_healed":0.0,"max_hp_gain":0.0,"max_hp_loss":0.0,"gold_gain":75.0,"event_name":"World of Goop","player_choice":"Gather Gold","floor":4.0,"gold_loss":0.0,"damage_taken":11.0},{"damage_healed":0.0,"max_hp_gain":0.0,"max_hp_loss":0.0,"gold_gain":0.0,"event_name":"Upgrade Shrine","player_choice":"Upgraded","floor":10.0,"gold_loss":0.0,"damage_taken":0.0,"cards_upgraded":["CollectingQuirk"]},{"cards_removed":["MasterSpark"],"damage_healed":0.0,"max_hp_gain":0.0,"max_hp_loss":0.0,"gold_gain":0.0,"event_name":"Wheel of Change","player_choice":"Card Removal","floor":20.0,"gold_loss":0.0,"damage_taken":0.0},{"damage_healed":0.0,"max_hp_gain":0.0,"max_hp_loss":0.0,"gold_gain":0.0,"event_name":"Drug Dealer","player_choice":"Inject Mutagens","floor":22.0,"gold_loss":0.0,"damage_taken":0.0,"relics_obtained":["MutagenicStrength"]},{"damage_healed":0.0,"max_hp_gain":0.0,"max_hp_loss":0.0,"gold_gain":0.0,"event_name":"Colosseum","player_choice":"Fight","floor":27.0,"gold_loss":0.0,"damage_taken":0.0},{"damage_healed":0.0,"max_hp_gain":0.0,"max_hp_loss":0.0,"gold_gain":0.0,"event_name":"Colosseum","player_choice":"Fought Nobs","floor":27.0,"gold_loss":0.0,"damage_taken":0.0},{"cards_removed":["GravityBeat"],"damage_healed":0.0,"max_hp_gain":0.0,"max_hp_loss":0.0,"gold_gain":0.0,"event_name":"Falling","player_choice":"Removed Attack","floor":36.0,"gold_loss":0.0,"damage_taken":0.0},{"damage_healed":0.0,"max_hp_gain":0.0,"max_hp_loss":0.0,"gold_gain":0.0,"event_name":"Transmorgrifier","player_choice":"Ignored","floor":39.0,"gold_loss":0.0,"damage_taken":0.0},{"damage_healed":0.0,"max_hp_gain":0.0,"max_hp_loss":0.0,"gold_gain":0.0,"event_name":"SensoryStone","player_choice":"Memory 1","floor":47.0,"gold_loss":0.0,"damage_taken":0.0},{"damage_healed":0.0,"max_hp_gain":0.0,"max_hp_loss":0.0,"gold_gain":0.0,"event_name":"Accursed Blacksmith","player_choice":"Forge","floor":56.0,"gold_loss":0.0,"damage_taken":0.0,"cards_upgraded":["Strike_MRS"]},{"damage_healed":0.0,"max_hp_gain":0.0,"max_hp_loss":0.0,"gold_gain":0.0,"event_name":"Living Wall","player_choice":"Grow","floor":59.0,"gold_loss":0.0,"damage_taken":0.0,"cards_upgraded":["Strike_MRS"]},{"damage_healed":0.0,"max_hp_gain":0.0,"max_hp_loss":0.0,"gold_gain":75.0,"event_name":"FaceTrader","player_choice":"Touch","floor":66.0,"gold_loss":0.0,"damage_taken":9.0},{"damage_healed":0.0,"max_hp_gain":0.0,"max_hp_loss":0.0,"gold_gain":0.0,"event_name":"Ghosts","player_choice":"Ignored","floor":70.0,"gold_loss":0.0,"damage_taken":0.0},{"damage_healed":0.0,"max_hp_gain":0.0,"max_hp_loss":0.0,"gold_gain":0.0,"event_name":"WeMeetAgain","player_choice":"Gave Potion","floor":72.0,"gold_loss":0.0,"damage_taken":0.0,"relics_obtained":["Shuriken"]},{"damage_healed":0.0,"max_hp_gain":0.0,"max_hp_loss":0.0,"gold_gain":0.0,"event_name":"conspire:Investor","player_choice":"Leave","floor":87.0,"gold_loss":0.0,"damage_taken":0.0},{"damage_healed":0.0,"max_hp_gain":0.0,"max_hp_loss":0.0,"gold_gain":0.0,"event_name":"SensoryStone","player_choice":"Memory 1","floor":89.0,"gold_loss":0.0,"damage_taken":0.0},{"damage_healed":0.0,"max_hp_gain":0.0,"max_hp_loss":0.0,"gold_gain":0.0,"event_name":"Mysterious Sphere","player_choice":"Fight","floor":92.0,"gold_loss":0.0,"damage_taken":0.0},{"damage_healed":0.0,"max_hp_gain":0.0,"max_hp_loss":0.0,"gold_gain":0.0,"event_name":"OrinTheCat","player_choice":"Ignored","floor":95.0,"gold_loss":0.0,"damage_taken":0.0},{"damage_healed":0,"gold_gain":0,"player_choice":"Ignored","damage_taken":0,"max_hp_gain":0,"max_hp_loss":0,"event_name":"Tomb of Lord Red Mask","floor":97,"gold_loss":0},{"damage_healed":0,"gold_gain":0,"player_choice":"Max HP","damage_taken":0,"max_hp_gain":0,"max_hp_loss":6,"event_name":"Winding Halls","floor":98,"gold_loss":0}],"is_beta":false,"boss_relics":[{"not_picked":["energizedSpire:StickyHand","aspiration:WatcherSkillbook","hubris:BlackHole"],"picked":"RampagingMagicTools"},{"not_picked":["conspire:SeveredTorchhead","energizedSpire:RedRose","energizedSpire:HugeHouse"],"picked":"Replay:Wanted Poster"},{"not_picked":["ReplayTheSpireMod:SealedPack","aspiration:DefectSkillbook","hubris:GrandSneckoEye"],"picked":"aspiration:PoetsPen_weak"},{"not_picked":["SacredBark","conspire:SlowCooker","infinitespire:Cupcake"],"picked":"Black Star"},{"not_picked":["ReplayTheSpireMod:SealedPack","ChewingGum","hubris:ScarierMask"],"picked":"Tiny House"}],"items_purged_floors":[3,90],"is_endless":true,"potions_floor_spawned":[1,6,8,27,29,33,38,50,61,67,69,80,86,88,99],"killed_by":"conspire:OrnateMirror","ascension_level":0}}