{"host":"16x737ox6kf7h9su","time":1613283082,"event":{"mods":["BaseMod","Minty Spire (QoL Compilation)","Rare Cards Sparkle"],"gold_per_floor":[113,113,113,288,238,238,250,285,285,26,40,40,67,67,67,195,195,209,230,230,230,250,250,274,274,274,288,288,312,437,481,481,609,609,630,644,663,663,663],"floor_reached":38,"language":"ENG","playtime":1371,"items_purged":[],"score":485,"play_id":"95a4777a-505b-4c10-be56-9060da4a745a","local_time":"20210214011122","is_ascension_mode":true,"campfire_choices":[{"data":"Glass Knife","floor":6,"key":"SMITH"},{"floor":12,"key":"REST"},{"floor":15,"key":"REST"},{"floor":23,"key":"RECALL"},{"floor":28,"key":"REST"},{"floor":32,"key":"REST"}],"circlet_count":0,"master_deck":["Strike_G","Strike_G","Strike_G","Strike_G","Strike_G","Defend_G","Defend_G+1","Defend_G+1","Defend_G","Survivor","Neutralize","Glass Knife+1","Blade Dance","Finisher","Accuracy","Dodge and Roll","Adrenaline","Infinite Blades","Blade Dance","Outmaneuver","Outmaneuver+1","Blade Dance","Glass Knife","Choke","Outmaneuver+1","Cloak And Dagger"],"relics":["Ring of the Snake","Ancient Tea Set","War Paint","Dream Catcher","Membership Card","Anchor","Meat on the Bone","Golden Idol","WristBlade","Calipers","Blood Vial","Girya","White Beast Statue","Omamori","Black Star"],"acts_visited":["Exordium","TheCity","TheBeyond"],"potions_floor_usage":[8,16,16,22,30,33,33,35,36,37,38],"damage_taken":[{"damage":11.0,"enemies":"Jaw Worm","floor":1.0,"turns":3.0},{"damage":0,"enemies":"Small Slimes","floor":7,"turns":3},{"damage":12,"enemies":"Gremlin Nob","floor":8,"turns":4},{"damage":0,"enemies":"2 Louse","floor":11,"turns":2},{"damage":14,"enemies":"Lagavulin","floor":13,"turns":4},{"damage":34,"enemies":"Slime Boss","floor":16,"turns":10},{"damage":0,"enemies":"Chosen","floor":18,"turns":3},{"damage":14,"enemies":"Shell Parasite","floor":19,"turns":4},{"damage":28,"enemies":"Centurion and Healer","floor":22,"turns":4},{"damage":18,"enemies":"Sentry and Sphere","floor":24,"turns":4},{"damage":8,"enemies":"Snake Plant","floor":27,"turns":2},{"damage":11,"enemies":"Shelled Parasite and Fungi","floor":29,"turns":3},{"damage":0,"enemies":"Colosseum Slavers","floor":30,"turns":1},{"damage":1,"enemies":"Colosseum Nobs","floor":30,"turns":3},{"damage":36,"enemies":"Slavers","floor":31,"turns":4},{"damage":62,"enemies":"Collector","floor":33,"turns":6},{"damage":32,"enemies":"3 Darklings","floor":35,"turns":3},{"damage":21,"enemies":"3 Shapes","floor":36,"turns":4},{"damage":23,"enemies":"Spire Growth","floor":37,"turns":4},{"damage":46,"enemies":"Writhing Mass","floor":38,"turns":5}],"seed_played":"8450424842498324391","potions_obtained":[{"floor":1,"key":"Dexterity Potion"},{"floor":7,"key":"BlessingOfTheForge"},{"floor":13,"key":"AttackPotion"},{"floor":18,"key":"Fruit Juice"},{"floor":24,"key":"SkillPotion"},{"floor":30,"key":"SpeedPotion"},{"floor":31,"key":"GhostInAJar"},{"floor":33,"key":"SkillPotion"},{"floor":35,"key":"ColorlessPotion"},{"floor":36,"key":"Energy Potion"},{"floor":37,"key":"GhostInAJar"}],"is_trial":false,"path_per_floor":["M","?","?","?","?","R","M","E","T","$","M","R","E","?","R","B",null,"M","M","?","T","M","R","M","?","T","M","R","M","?","E","R","B",null,"M","M","M","M"],"character_chosen":"THE_SILENT","items_purchased":["Membership Card","Anchor","Finisher"],"campfire_rested":4,"item_purchase_floors":[10,10,10],"current_hp_per_floor":[66,66,63,63,63,63,63,51,51,51,51,74,60,41,64,42,77,77,63,63,63,52,52,46,46,46,52,76,67,70,48,72,24,82,50,43,34,0,0],"gold":663,"neow_bonus":"TEN_PERCENT_HP_BONUS","is_daily":false,"chose_seed":false,"campfire_upgraded":1,"win_rate":0.0,"timestamp":1613283082,"path_taken":["M","?","?","?","?","R","M","E","T","?","?","R","E","?","R","BOSS","M","M","?","?","M","R","M","?","T","M","R","?","?","E","R","BOSS","M","M","M","M"],"items_purchased_type":["Relic","Relic","Card"],"build_version":"2020-12-22","purchased_purges":0,"victory":false,"max_hp_per_floor":[77,77,77,77,77,77,77,77,77,77,77,77,77,77,77,77,77,77,77,77,77,82,82,82,82,82,82,82,82,82,82,82,82,82,82,82,82,82,82],"card_choices":[{"not_picked":["Escape Plan","Dagger Spray","Sucker Punch"],"picked":"SKIP","floor":1},{"not_picked":["Backflip","Reflex","Predator"],"picked":"SKIP","floor":7},{"not_picked":["Poisoned Stab","Calculated Gamble"],"picked":"Blade Dance","floor":8},{"not_picked":["Prepared","Heel Hook","Deadly Poison"],"picked":"SKIP","floor":11},{"not_picked":["Finisher","Footwork"],"picked":"Accuracy","floor":12},{"not_picked":["Setup","Eviscerate","Corpse Explosion"],"picked":"SKIP","floor":13},{"not_picked":["Catalyst","Well Laid Plans"],"picked":"Dodge and Roll","floor":15},{"not_picked":["Corpse Explosion","Phantasmal Killer"],"picked":"Adrenaline","floor":16},{"not_picked":["Accuracy","Flying Knee+1"],"picked":"Infinite Blades","floor":18},{"not_picked":["Deflect","Choke","Predator"],"picked":"SKIP","floor":19},{"not_picked":["Bane+1","Poisoned Stab"],"picked":"Outmaneuver","floor":22},{"not_picked":["Blur","Prepared+1"],"picked":"Outmaneuver+1","floor":24},{"not_picked":["Caltrops+1","Distraction"],"picked":"Blade Dance","floor":27},{"not_picked":["Leg Sweep","Dagger Throw"],"picked":"Glass Knife","floor":29},{"not_picked":["Riddle With Holes","Underhanded Strike+1"],"picked":"Choke","floor":30},{"not_picked":["Bane","Dash"],"picked":"Outmaneuver+1","floor":31},{"not_picked":["Terror","Blur","Acrobatics+1"],"picked":"SKIP","floor":35},{"not_picked":["Choke+1","Dodge and Roll","Bane+1"],"picked":"SKIP","floor":36},{"not_picked":["Terror","Catalyst+1"],"picked":"Cloak And Dagger","floor":37}],"player_experience":85536,"relics_obtained":[{"floor":8,"key":"War Paint"},{"floor":9,"key":"Dream Catcher"},{"floor":13,"key":"Meat on the Bone"},{"floor":21,"key":"Calipers"},{"floor":26,"key":"Blood Vial"},{"floor":30,"key":"Girya"},{"floor":30,"key":"White Beast Statue"},{"floor":31,"key":"Omamori"}],"event_choices":[{"damage_healed":0,"gold_gain":0,"cards_transformed":["Defend_G"],"player_choice":"Change","damage_taken":0,"max_hp_gain":0,"max_hp_loss":0,"event_name":"Living Wall","floor":2,"gold_loss":0,"cards_obtained":["Glass Knife"]},{"damage_healed":0,"gold_gain":0,"player_choice":"Success","damage_taken":3,"relics_obtained":["Ancient Tea Set"],"max_hp_gain":0,"max_hp_loss":0,"event_name":"Scrap Ooze","floor":3,"gold_loss":0},{"damage_healed":0,"gold_gain":175,"player_choice":"AGREE","damage_taken":0,"max_hp_gain":0,"max_hp_loss":0,"event_name":"Liars Game","floor":4,"gold_loss":0,"cards_obtained":["Doubt"]},{"cards_removed":["Doubt"],"damage_healed":0,"gold_gain":0,"player_choice":"Card Removal","damage_taken":0,"max_hp_gain":0,"max_hp_loss":0,"event_name":"The Cleric","floor":5,"gold_loss":50},{"damage_healed":0,"gold_gain":0,"player_choice":"Take Damage","damage_taken":19,"relics_obtained":["Golden Idol"],"max_hp_gain":0,"max_hp_loss":0,"event_name":"Golden Idol","floor":14,"gold_loss":0},{"damage_healed":0,"gold_gain":0,"player_choice":"Read","damage_taken":0,"max_hp_gain":0,"max_hp_loss":0,"event_name":"The Library","floor":20,"gold_loss":0,"cards_obtained":["Blade Dance"]},{"damage_healed":0,"gold_gain":0,"player_choice":"Ignored","damage_taken":0,"max_hp_gain":0,"max_hp_loss":0,"event_name":"Ghosts","floor":25,"gold_loss":0},{"damage_healed":0,"gold_gain":0,"player_choice":"Fight","damage_taken":0,"max_hp_gain":0,"max_hp_loss":0,"event_name":"Colosseum","floor":30,"gold_loss":0},{"damage_healed":0,"gold_gain":0,"player_choice":"Fought Nobs","damage_taken":0,"max_hp_gain":0,"max_hp_loss":0,"event_name":"Colosseum","floor":30,"gold_loss":0}],"is_beta":false,"boss_relics":[{"not_picked":["SlaversCollar","Astrolabe"],"picked":"WristBlade"},{"not_picked":["Coffee Dripper","Runic Pyramid"],"picked":"Black Star"}],"items_purged_floors":[],"is_endless":false,"potions_floor_spawned":[1,7,13,18,24,30,31,33,35,36,37],"killed_by":"Writhing Mass","ascension_level":4}}