{"host":"8eqe2o2g03nh9rfw","time":1613346486,"event":{"mods":["AchievementEnabler","AlwaysNeverKeys","BaseMod","Better Third Choice","Block Reminder","Colored Map","Colored Powertips","GifTheSpireLib","Minty Spire (QoL Compilation)","Permanent Neow","Quick Restart","StSLib","Weighted Paths"],"gold_per_floor":[113,288,588,599,28,61,61,71,71,81,81,92,106,106,106,202,202,215,230,230,1,14,14,14,25,25,25,57,57,77,90,90,192,192,210,224,224,24,24,24,50,50,98,109,123,123,136,155,155,155],"floor_reached":51,"language":"ENG","playtime":2571,"items_purged":["Doubt","Doubt"],"score":776,"play_id":"f1a005e4-fab2-4a99-bafc-678df8962731","local_time":"20210214184806","is_ascension_mode":false,"campfire_choices":[{"floor":7,"key":"REST"},{"floor":15,"key":"REST"},{"floor":23,"key":"REST"},{"floor":27,"key":"REST"},{"data":"Storm of Steel","floor":29,"key":"SMITH"},{"floor":32,"key":"REST"},{"floor":40,"key":"REST"},{"floor":42,"key":"REST"},{"floor":49,"key":"REST"}],"circlet_count":0,"master_deck":["Strike_G","Strike_G","Strike_G","Strike_G","Defend_G","Defend_G","Defend_G","Defend_G","Survivor","Neutralize","Escape Plan","Uppercut","Crippling Poison+1","Noxious Fumes","The Bomb","Deadly Poison","Backflip","Catalyst","Leg Sweep","Flying Knee","Night Terror+1","Dash","Tactician","Endless Agony","Backstab+1","Storm of Steel+1","Cloak And Dagger","Footwork","Choke+1","Underhanded Strike","Corpse Explosion","Slice+1","PanicButton","Bane+1","Doubt","Finisher","Backstab+1","Parasite","Deflect","Accuracy"],"relics":["Ring of the Snake","Old Coin","Bottled Lightning","Potion Belt","Unceasing Top","Cursed Key","Lee\u0027s Waffle","Ice Cream","Oddly Smooth Stone","Runic Pyramid","Bottled Tornado","Lantern"],"acts_visited":["Exordium","TheCity","TheBeyond"],"potions_floor_usage":[13,13,22,22,31,33,33,41,41,50],"damage_taken":[{"damage":0,"enemies":"2 Louse","floor":1,"turns":4},{"damage":5,"enemies":"Jaw Worm","floor":4,"turns":5},{"damage":44,"enemies":"Gremlin Nob","floor":6,"turns":6},{"damage":2,"enemies":"Small Slimes","floor":8,"turns":2},{"damage":9,"enemies":"Blue Slaver","floor":10,"turns":4},{"damage":1,"enemies":"Exordium Thugs","floor":12,"turns":4},{"damage":12,"enemies":"Large Slime","floor":13,"turns":3},{"damage":21,"enemies":"Hexaghost","floor":16,"turns":9},{"damage":18,"enemies":"Shell Parasite","floor":18,"turns":4},{"damage":20,"enemies":"2 Thieves","floor":19,"turns":3},{"damage":27,"enemies":"Snecko","floor":22,"turns":7},{"damage":15,"enemies":"Centurion and Healer","floor":25,"turns":4},{"damage":18,"enemies":"Book of Stabbing","floor":28,"turns":5},{"damage":9,"enemies":"Cultist and Chosen","floor":30,"turns":4},{"damage":5,"enemies":"Snecko","floor":31,"turns":4},{"damage":65,"enemies":"Collector","floor":33,"turns":11},{"damage":30,"enemies":"3 Darklings","floor":35,"turns":4},{"damage":1,"enemies":"3 Shapes","floor":36,"turns":3},{"damage":30,"enemies":"Nemesis","floor":41,"turns":8},{"damage":22,"enemies":"Spire Growth","floor":44,"turns":4},{"damage":15,"enemies":"3 Darklings","floor":45,"turns":3},{"damage":12,"enemies":"Writhing Mass","floor":47,"turns":6},{"damage":26,"enemies":"Jaw Worm Horde","floor":48,"turns":3},{"damage":56,"enemies":"Time Eater","floor":50,"turns":13}],"seed_played":"3950183552052437779","potions_obtained":[{"floor":1,"key":"GamblersBrew"},{"floor":8,"key":"AttackPotion"},{"floor":10,"key":"PowerPotion"},{"floor":16,"key":"Block Potion"},{"floor":19,"key":"ColorlessPotion"},{"floor":28,"key":"GamblersBrew"},{"floor":31,"key":"GhostInAJar"},{"floor":33,"key":"BlessingOfTheForge"},{"floor":36,"key":"Ancient Potion"},{"floor":45,"key":"Dexterity Potion"}],"is_trial":false,"path_per_floor":["M","?","?","M","$","E","R","M","T","M","?","M","M","?","R","B",null,"M","M","?","$","M","R","?","M","T","R","E","R","M","M","R","B",null,"M","M","?","$","?","R","E","R","T","M","M","?","M","M","R","B",null],"character_chosen":"THE_SILENT","items_purchased":["Noxious Fumes","The Bomb","Bottled Lightning","Deadly Poison","Endless Agony","Lee\u0027s Waffle","FairyPotion"],"campfire_rested":8,"item_purchase_floors":[5,5,5,5,21,21,38],"current_hp_per_floor":[77,77,61,56,56,12,35,33,33,24,24,23,11,16,40,19,82,64,44,44,89,62,88,88,73,73,89,71,71,62,57,83,18,89,59,58,58,58,58,84,54,80,80,58,43,43,31,5,31,9],"gold":155,"neow_bonus":"TEN_PERCENT_HP_BONUS","is_daily":false,"chose_seed":false,"campfire_upgraded":1,"win_rate":0.0,"timestamp":1613346486,"path_taken":["M","?","?","M","$","E","R","M","T","M","?","M","?","?","R","BOSS","M","M","?","?","M","R","?","?","T","R","E","R","?","M","R","BOSS","M","M","?","$","?","R","E","R","T","M","M","?","M","M","R","BOSS"],"items_purchased_type":["Card","Card","Relic","Card","Card","Relic","Potion"],"build_version":"2020-12-22","purchased_purges":2,"victory":true,"max_hp_per_floor":[77,77,77,77,77,77,77,77,77,77,77,77,77,82,82,82,82,82,82,82,89,89,89,89,89,89,89,89,89,89,89,89,89,89,89,89,89,89,89,89,89,89,89,89,89,89,89,89,89,89],"card_choices":[{"not_picked":["Cloak And Dagger","Flying Knee"],"picked":"Escape Plan","floor":1},{"not_picked":["Dagger Spray","Dagger Throw"],"picked":"Crippling Poison","floor":4},{"not_picked":["Phantasmal Killer","Dagger Spray"],"picked":"Poisoned Stab","floor":6},{"not_picked":["Prepared","Poisoned Stab"],"picked":"Backflip","floor":8},{"not_picked":["Deadly Poison","Backflip"],"picked":"Catalyst","floor":10},{"not_picked":["A Thousand Cuts","Masterful Stab"],"picked":"Leg Sweep","floor":12},{"not_picked":["Outmaneuver","Sucker Punch"],"picked":"Flying Knee","floor":13},{"not_picked":["Malaise","Unload"],"picked":"Night Terror","floor":16},{"not_picked":["Prepared+1","Endless Agony"],"picked":"Dash","floor":18},{"not_picked":["Dagger Throw+1","Eviscerate"],"picked":"Tactician","floor":19},{"not_picked":["Blur+1","Underhanded Strike+1"],"picked":"Backstab+1","floor":22},{"not_picked":["Crippling Poison","Reflex"],"picked":"Footwork","floor":25},{"not_picked":["Masterful Stab+1","Backstab"],"picked":"Choke+1","floor":28},{"not_picked":["Flechettes","Well Laid Plans"],"picked":"Underhanded Strike","floor":30},{"not_picked":["Poisoned Stab","Underhanded Strike","Flechettes"],"picked":"SKIP","floor":31},{"not_picked":["Wraith Form v2","Bullet Time"],"picked":"Corpse Explosion","floor":33},{"not_picked":["Dash","Underhanded Strike+1","Predator+1"],"picked":"SKIP","floor":35},{"not_picked":["Acrobatics","Bane+1"],"picked":"Slice+1","floor":36},{"not_picked":["Panache","Impatience"],"picked":"PanicButton","floor":37},{"not_picked":["Acrobatics+1","Infinite Blades"],"picked":"Bane+1","floor":41},{"not_picked":["Backflip","Quick Slash+1"],"picked":"Finisher","floor":44},{"not_picked":["Flying Knee+1","Bouncing Flask"],"picked":"Backstab+1","floor":45},{"not_picked":["Finisher+1","Tactician+1"],"picked":"Deflect","floor":47},{"not_picked":["Underhanded Strike+1","Endless Agony"],"picked":"Accuracy","floor":48}],"player_experience":116751,"relics_obtained":[{"floor":6,"key":"Potion Belt"},{"floor":9,"key":"Unceasing Top"},{"floor":26,"key":"Ice Cream"},{"floor":28,"key":"Oddly Smooth Stone"},{"floor":41,"key":"Bottled Tornado"},{"floor":43,"key":"Lantern"}],"event_choices":[{"damage_healed":0,"gold_gain":175,"player_choice":"AGREE","damage_taken":113,"max_hp_gain":0,"max_hp_loss":0,"event_name":"betterThird:BetterSerpent","floor":2,"gold_loss":0},{"damage_healed":0,"gold_gain":0,"player_choice":"Grow","damage_taken":0,"max_hp_gain":0,"max_hp_loss":0,"event_name":"Living Wall","floor":11,"gold_loss":0,"cards_upgraded":["Crippling Poison"]},{"damage_healed":0,"gold_gain":0,"player_choice":"Donut","damage_taken":0,"max_hp_gain":5,"max_hp_loss":0,"event_name":"Big Fish","floor":14,"gold_loss":0},{"damage_healed":0,"gold_gain":0,"player_choice":"Forge","damage_taken":0,"max_hp_gain":0,"max_hp_loss":0,"event_name":"Accursed Blacksmith","floor":20,"gold_loss":0,"cards_upgraded":["Night Terror"]},{"damage_healed":0,"gold_gain":0,"cards_transformed":["Defend_G","Strike_G"],"player_choice":"Became Test Subject","damage_taken":0,"max_hp_gain":0,"max_hp_loss":0,"event_name":"Drug Dealer","floor":24,"gold_loss":0,"cards_obtained":["Storm of Steel","Cloak And Dagger"]},{"damage_healed":0,"gold_gain":0,"player_choice":"Memory 1","damage_taken":0,"max_hp_gain":0,"max_hp_loss":0,"event_name":"SensoryStone","floor":37,"gold_loss":0},{"cards_removed":["Poisoned Stab"],"damage_healed":0,"gold_gain":0,"player_choice":"Removed Attack","damage_taken":0,"max_hp_gain":0,"max_hp_loss":0,"event_name":"Falling","floor":39,"gold_loss":0},{"damage_healed":0,"gold_gain":0,"player_choice":"Ignored","damage_taken":0,"max_hp_gain":0,"max_hp_loss":0,"event_name":"The Moai Head","floor":46,"gold_loss":0}],"is_beta":false,"boss_relics":[{"not_picked":["Velvet Choker","Fusion Hammer"],"picked":"Cursed Key"},{"not_picked":["Sozu","Astrolabe"],"picked":"Runic Pyramid"}],"items_purged_floors":[5,38],"is_endless":false,"potions_floor_spawned":[1,8,10,16,19,28,31,33,36,45],"ascension_level":0}}