{"host":"eaiphzh066bwqdh7","time":1613265221,"event":{"mods":["BaseMod","Better Note","Halation","Hubris","Minty Spire (QoL Compilation)","Reliquary","Replay The Spire","StSLib"],"gold_per_floor":[113,32,32,32,47,76,76,103,129,129,141,141,153,179,179,275,275,285,210,226,243,243,243,243,243],"floor_reached":24,"language":"ENG","playtime":618,"items_purged":[],"score":257,"play_id":"8e29bdd8-42a7-4d35-a08e-a5677df9fcae","local_time":"20210213201341","is_ascension_mode":true,"campfire_choices":[{"floor":7,"key":"REST"},{"floor":12,"key":"REST"},{"floor":15,"key":"REST"},{"floor":23,"key":"REST"}],"circlet_count":0,"master_deck":["Strike_B","Strike_B","Strike_B","Strike_B","Defend_B","Defend_B","Defend_B","Zap","Dualcast","Melter","Streamline","Loop","Hallucinations","Loop","Hello World","Conserve Battery","Auto Shields","Creative AI","Rainbow","Double Energy+1","Rebound+1","Ball Lightning"],"relics":["Cracked Core","Prayer Wheel","Ring of Shattering","Omamori","Sundial","Pen Nib","Solar Panel","Nuclear Battery","reliquary:BoilingFlask"],"acts_visited":["Exordium","TheCity"],"potions_floor_usage":[13,14,16,21,21],"damage_taken":[{"damage":5,"enemies":"2 Louse","floor":1,"turns":2},{"damage":2,"enemies":"Jaw Worm","floor":5,"turns":2},{"damage":16,"enemies":"Gremlin Nob","floor":6,"turns":3},{"damage":23,"enemies":"Lagavulin","floor":8,"turns":4},{"damage":7,"enemies":"Small Slimes","floor":11,"turns":2},{"damage":6,"enemies":"Looter","floor":13,"turns":2},{"damage":16,"enemies":"Gremlin Nob","floor":14,"turns":3},{"damage":45,"enemies":"The Guardian","floor":16,"turns":8},{"damage":29,"enemies":"2 Thieves","floor":18,"turns":4},{"damage":13,"enemies":"Chosen","floor":20,"turns":4},{"damage":18,"enemies":"Centurion and Healer","floor":21,"turns":4},{"damage":40,"enemies":"Gremlin Leader","floor":24,"turns":4}],"seed_played":"-4952591198372468024","potions_obtained":[{"floor":1,"key":"Explosive Potion"},{"floor":11,"key":"SteroidPotion"},{"floor":14,"key":"ColorlessPotion"},{"floor":16,"key":"BlessingOfTheForge"},{"floor":18,"key":"LifebloodPotion"}],"is_trial":false,"path_per_floor":["M","$","?","?","M","E","R","E","T","?","M","R","M","E","R","B",null,"M","?","M","M","?","R","E"],"character_chosen":"DEFECT","items_purchased":["Loop"],"campfire_rested":4,"item_purchase_floors":[2],"current_hp_per_floor":[70,70,63,63,61,45,67,44,44,44,37,59,53,37,59,20,75,46,46,33,17,17,39,0,0],"gold":243,"neow_bonus":"ONE_RARE_RELIC","is_daily":false,"chose_seed":false,"campfire_upgraded":0,"win_rate":0.0,"timestamp":1613265221,"path_taken":["M","$","?","?","M","E","R","E","T","?","M","R","M","E","R","BOSS","M","?","M","M","?","R","E"],"items_purchased_type":["Card"],"build_version":"2020-12-22","purchased_purges":0,"victory":false,"max_hp_per_floor":[75,75,75,75,75,75,75,75,75,75,75,75,75,75,75,75,75,75,75,75,75,75,75,75,75],"card_choices":[{"not_picked":["Doom and Gloom","Consume"],"picked":"Melter","floor":1},{"not_picked":["Compile Driver","Sweeping Beam"],"picked":"Streamline","floor":1},{"not_picked":["Lockon","Blizzard"],"picked":"Loop","floor":5},{"not_picked":["Blizzard","Rip and Tear","Barrage"],"picked":"SKIP","floor":5},{"not_picked":["Fusion","Undo","Steam"],"picked":"SKIP","floor":6},{"not_picked":["Fusion","Undo","Steam"],"picked":"SKIP","floor":6},{"not_picked":["Double Energy","Leap"],"picked":"Hello World","floor":8},{"not_picked":["Cold Snap","BasicCrystalCard"],"picked":"Conserve Battery","floor":11},{"not_picked":["Cold Snap","Barrage"],"picked":"Auto Shields","floor":11},{"not_picked":["Go for the Eyes","Sunder"],"picked":"FTL","floor":13},{"not_picked":["Go for the Eyes","Rip and Tear","Compile Driver"],"picked":"SKIP","floor":13},{"not_picked":["Go for the Eyes","Sweeping Beam"],"picked":"Creative AI","floor":14},{"not_picked":["Amplify","Reboot"],"picked":"Rainbow","floor":16},{"not_picked":["Panic Button","Genetic Algorithm"],"picked":"Double Energy+1","floor":18},{"not_picked":["Turbo","Crystallizer","Rebound"],"picked":"SKIP","floor":18},{"not_picked":["ReplayGash","Compile Driver"],"picked":"Rebound+1","floor":20},{"not_picked":["Tempest+1","Streamline","ReplayTheSpireMod:GoodbyeWorld+1"],"picked":"SKIP","floor":20},{"not_picked":["Turbo","ReplaySort"],"picked":"Ball Lightning","floor":21},{"not_picked":["Cold Snap","Beam Cell","Time Bomb"],"picked":"SKIP","floor":21}],"player_experience":310471,"relics_obtained":[{"floor":4,"key":"Ring of Shattering"},{"floor":6,"key":"Omamori"},{"floor":8,"key":"Sundial"},{"floor":9,"key":"Pen Nib"},{"floor":14,"key":"Solar Panel"}],"event_choices":[{"cards_removed":["hubris:Defend_Merchant"],"damage_healed":0,"gold_gain":0,"player_choice":"Card Removal","damage_taken":7,"max_hp_gain":0,"max_hp_loss":0,"event_name":"Golden Wing","floor":3,"gold_loss":0},{"cards_removed":["Strike_P"],"damage_healed":0,"gold_gain":0,"player_choice":"Forget","damage_taken":0,"max_hp_gain":0,"max_hp_loss":0,"event_name":"Living Wall","floor":10,"gold_loss":0},{"cards_removed":["Defend_B"],"damage_healed":0,"gold_gain":0,"player_choice":"Gave Gold","damage_taken":0,"max_hp_gain":0,"max_hp_loss":0,"event_name":"Beggar","floor":19,"gold_loss":75},{"cards_removed":["FTL"],"damage_healed":0,"gold_gain":0,"player_choice":"Gave Card","damage_taken":0,"relics_obtained":["reliquary:BoilingFlask"],"max_hp_gain":0,"max_hp_loss":0,"event_name":"WeMeetAgain","floor":22,"gold_loss":0}],"is_beta":false,"boss_relics":[{"not_picked":["halation:SmartPhone","ReplayTheSpireMod:DimensionalGlitch"],"picked":"Nuclear Battery"}],"items_purged_floors":[],"is_endless":false,"potions_floor_spawned":[1,11,14,16,18],"killed_by":"Gremlin Leader","ascension_level":4}}