{"host":"o6jypqxvs32x0i0a","time":1613274312,"event":{"mods":["ATMod(∞¢Ë™Mod)","Act Like it!","Arknights","BaseMod","CapriCore","Dota2Spire","Gensokyo","GifTheSpireLib","GungeonMod","Hallownest","Luminous","Minty Spire (QoL Compilation)","Reimu£®≤©¿ˆ¡È√Œ£©","Reliquary","Remilia£®¿Ÿ√◊¿Ú—«£©","Replay The Spire","Spicy Shops","StSLib","The Bug Knight","The Jungle","[IsaacMod]“‘»ˆº‚À˛","°æ“≈ŒÔø®≈∆°øREMEMod"],"gold_per_floor":[109,34,34,44,54,54,74,94,162,193,203,203,11,11,11],"floor_reached":14,"language":"ZHS","playtime":1323,"items_purged":["DemoMod:Defend_Huntress"],"score":104,"play_id":"59b743c5-4278-401d-82c7-6d8516aef55d","local_time":"20210214114512","is_ascension_mode":true,"campfire_choices":[{"data":"DemoMod:ConditionalReflex","floor":6,"key":"SMITH"},{"floor":12,"key":"REST"}],"circlet_count":0,"master_deck":["DemoMod:Strike_Huntress","DemoMod:Strike_Huntress+1","DemoMod:Strike_Huntress","DemoMod:Defend_Huntress","DemoMod:Defend_Huntress","DemoMod:Defend_Huntress","DemoMod:Roll","DemoMod:ManualReload+1","DemoMod:RustySidearm","DemoMod:CrossBow","AT_FamilyPortrait","Feed","DemoMod:ConditionalReflex+1","DemoMod:DoubleSwitch","DemoMod:Evolver","DemoMod:ZorGun","DemoMod:Replace","DemoMod:BSG","DemoMod:HardPowerCard+1","DemoMod:TableSutra"],"relics":["DemoMod:Dog","REME_ComplimentaryCards","AT_ATBox","HushsDoor","GuppysTail","Lantern","Toxic Egg 2","Toy Ornithopter","DemoMod:GlassGuonStoneRelic","Membership Card"],"acts_visited":["Gensokyo:Gensokyo"],"potions_floor_usage":[7,7,10],"damage_taken":[{"damage":0,"enemies":"Gensokyo:2_Kodama","floor":1,"turns":3},{"damage":5,"enemies":"Gensokyo:Gryphon","floor":4,"turns":4},{"damage":0,"enemies":"Gensokyo:Python","floor":5,"turns":4},{"damage":8,"enemies":"Gensokyo:Gryphon_and_Rabbit","floor":7,"turns":7},{"damage":6,"enemies":"Gensokyo:Kitsune","floor":8,"turns":4},{"damage":38,"enemies":"Gensokyo:Mamizou","floor":10,"turns":10},{"damage":0,"enemies":"Gensokyo:LivingMonolith","floor":11,"turns":2},{"damage":99999999,"enemies":"Gensokyo:Aya","floor":14,"turns":2}],"seed_played":"4070363411793061533","potions_obtained":[{"floor":1,"key":"Languid Potion"},{"floor":8,"key":"ZuzhouPotion:ReiMu"},{"floor":11,"key":"Energy Potion"}],"is_trial":false,"path_per_floor":["M","$","?","M","M","R","M","M","T","E","M","R","$","E"],"character_chosen":"HUNTRESS","items_purchased":["Membership Card","DemoMod:TableSutra"],"campfire_rested":1,"item_purchase_floors":[13,13],"current_hp_per_floor":[73,73,59,54,54,54,50,47,47,9,9,31,31,0,0],"gold":11,"neow_bonus":"UPGRADE_CARD","is_daily":false,"chose_seed":false,"campfire_upgraded":1,"win_rate":0.0,"timestamp":1613274312,"path_taken":["M","?","?","M","?","R","M","M","T","E","M","R","$","E"],"items_purchased_type":["Relic","Card"],"build_version":"2020-12-22","purchased_purges":1,"victory":false,"max_hp_per_floor":[73,73,73,73,73,73,73,76,76,76,76,76,76,76,76],"card_choices":[{"not_picked":["DemoMod:MachoBrace","DemoMod:HuntsMan"],"picked":"DemoMod:ConditionalReflex","floor":1},{"not_picked":["DemoMod:Replace","DemoMod:SpreadAmmo"],"picked":"DemoMod:DoubleSwitch","floor":4},{"not_picked":["DemoMod:StickyCrossBow","DemoMod:TripleGun","DemoMod:Evolver"],"picked":"SKIP","floor":5},{"not_picked":["DemoMod:StickyCrossBow","DemoMod:TripleGun"],"picked":"DemoMod:Evolver","floor":5},{"not_picked":["DemoMod:BoxingGlove","DemoMod:ProbeStrike"],"picked":"DemoMod:ZorGun","floor":7},{"not_picked":["DemoMod:BattleInHaste","DemoMod:Unity"],"picked":"DemoMod:Replace","floor":8},{"not_picked":["DemoMod:RadGun","DemoMod:FastSwitch+1"],"picked":"DemoMod:BSG","floor":10},{"not_picked":["DemoMod:MachoBrace+1","DemoMod:LifeOrb"],"picked":"DemoMod:HardPowerCard+1","floor":11}],"player_experience":124651,"relics_obtained":[{"floor":9,"key":"Toxic Egg 2"},{"floor":10,"key":"Toy Ornithopter"}],"event_choices":[],"is_beta":false,"boss_relics":[],"items_purged_floors":[2],"is_endless":false,"potions_floor_spawned":[1,4,8,11],"killed_by":"Gensokyo:Aya","ascension_level":3}}