{"host":"rl3s470f8onwqc1s","time":1613312881,"event":{"mods":["BaseMod","Gold Saver","Minty Spire (QoL Compilation)","MostiFishMod","RumiaBox-露米娅的神秘盒子","Shop Mod","Spicy Shops","StSLib","TestMod","【功能Mod】强力的原版药水"],"gold_per_floor":[114,1113,1030,178,197,230,245,868,868,879,888,918,918,951,951,1621,1621,1638,225,225,239,239,267,278,902,902,1526,1526,1526,1575,1575,1575,2247,2296,2908,3526,2412,2412,2412,3041,3041,3669,3693,4316,4316,4345,4345,4958,4958,4958,6156,6156,6156,54,83,83],"floor_reached":57,"language":"ZHS","playtime":2996,"items_purged":["Strike_B","Pain","Writhe"],"score":4029,"play_id":"16726060-2350-4b93-95e9-24bcba280304","local_time":"20210214222801","is_ascension_mode":true,"campfire_choices":[{"data":"MostiFishMod:DeathFromBelow","floor":13.0,"key":"SMITH"},{"data":"Dualcast","floor":15.0,"key":"SMITH"},{"floor":28,"key":"RECALL"},{"data":"Defragment","floor":32,"key":"SMITH"},{"data":"Storm","floor":41,"key":"SMITH"},{"data":"Defragment","floor":45,"key":"SMITH"},{"floor":49,"key":"REST"},{"data":"Echo Form","floor":53,"key":"SMITH"}],"circlet_count":0,"master_deck":["AscendersBane","Consume+1","Streamline+1","Reprogram+1","MostiFishMod:DeathFromBelow+1","Double Energy+1","Entrench+1","MostiFishMod:LinkProtocol+1","Storm+1","Capacitor","Echo Form+1","MostiFishMod:Overload+1","Skim+1","MostiFishMod:TalkingToTheRain+1","MostiFishMod:DawningShadow+1","Buffer","Machine Learning","MostiFishMod:Overload+1","MostiFishMod:Culaccino+1","Rainbow+1","MostiFishMod:ReadyAimFire+1","Steam Power+1","Turbo+1","Offering+1","Defragment+1","MostiFishMod:DeathFromBelow+1","Reprogram+1","Double Energy+1","Turbo+1","White Noise+1","MostiFishMod:ReadyAimFire+1","Defragment+1","Prepared+1","Defragment","Adrenaline+1","Tempest+1","Doubt","Injury","Doubt","Deadly Poison+1","Calculated Gamble+1","MostiFishMod:FlyOverUtopia+1","Calculated Gamble+1","Double Energy+1"],"relics":["testmod-TestBox","testmod-Fortitude","RhineCircuit","SynthV:TestCard","Ccalipers","testmod-Hope","Toxic Egg 2","testmod-Charity","Dodecahedron","testmod-HeartOfDaVinci","Self Forming Clay","Kunai","testmod-CrystalShield","Bronze Scales","Busted Crown","GodSword1","SumBook","Chemical X","Juzu Bracelet","Regal Pillow","Strange Spoon","SSSystem","Enchiridion","PreservedInsect","Paper Frog","Question Card","DaveBox","CombinedTypeHook","Tiny House","Membership Card","Bird Faced Urn","TungstenRod","ChiLing","Chi","Ling","InkBottle","Blood Vial","Happy Flower","Whetstone","Toy Ornithopter","The Courier","DianPoetry","Dead Branch","MostiFishMod:Haymaker","Tingsha","testmod-AssaultLearning","testmod-RealStoneCalender","Pantograph","Medical Kit","Paper Crane","Lantern","Nunchaku","Cauldron","War Paint","SecretRecord","MagicDraw1","MagicDraw3","Bag of Preparation","Letter Opener","GodSword5","Torii","StrikeDummy","testmod-Antiphasic","Boot","testmod-OneHitWonder","Centennial Puzzle","testmod-Nyarlathotep","Gambling Chip","Akabeko","testmod-Justice","Strawberry","testmod-Laevatain","Bottled Flame","White Beast Statue","Blue Candle","HornCleat","MagicDraw2","Shuriken","GodSword3","Oddly Smooth Stone","Cables","Pear","testmod-LifeArmor","ImprovedEquipment","Orichalcum","testmod-IntensifyImprint","The Specimen","Pen Nib","testmod-TurbochargingSystem","Vajra","Bottled Tornado","Art of War","Unceasing Top","BionicSphere","LastBattle","Anchor","ZombieArmy","DataDisk","Mercury Hourglass","testmod-BlackFramedGlasses","Snake Skull","Symbiotic Virus","GodSword6","Bottled Lightning","Red Skull","Ornamental Fan","GodSword4","Ninja Scroll","Sundial","Gremlin Horn","testmod-CasingShield","MagicDraw4"],"acts_visited":["Exordium","TheCity","TheBeyond","TheEnding"],"potions_floor_usage":[36,37,37,42,54,56],"damage_taken":[{"damage":2.0,"enemies":"Jaw Worm","floor":1.0,"turns":3.0},{"damage":8.0,"enemies":"Small Slimes","floor":5.0,"turns":5.0},{"damage":34.0,"enemies":"3 Sentries","floor":6.0,"turns":10.0},{"damage":6.0,"enemies":"Cultist","floor":7.0,"turns":4.0},{"damage":0.0,"enemies":"Gremlin Nob","floor":8.0,"turns":3.0},{"damage":0.0,"enemies":"Large Slime","floor":10.0,"turns":9.0},{"damage":16.0,"enemies":"2 Fungi Beasts","floor":11.0,"turns":4.0},{"damage":10.0,"enemies":"Lagavulin","floor":12.0,"turns":5.0},{"damage":0.0,"enemies":"Gremlin Nob","floor":14.0,"turns":2.0},{"damage":0.0,"enemies":"Slime Boss","floor":16.0,"turns":7.0},{"damage":3.0,"enemies":"Chosen","floor":18.0,"turns":6.0},{"damage":0.0,"enemies":"Spheric Guardian","floor":21.0,"turns":1.0},{"damage":0.0,"enemies":"Slavers","floor":23.0,"turns":1.0},{"damage":0.0,"enemies":"Shelled Parasite and Fungi","floor":24.0,"turns":1.0},{"damage":0.0,"enemies":"Gremlin Leader","floor":25.0,"turns":2.0},{"damage":6,"enemies":"Slavers","floor":27,"turns":1},{"damage":0,"enemies":"Collector","floor":33,"turns":3},{"damage":0,"enemies":"3 Shapes","floor":35,"turns":2},{"damage":0,"enemies":"Orb Walker","floor":36,"turns":1},{"damage":0,"enemies":"Nemesis","floor":40,"turns":1},{"damage":5,"enemies":"Giant Head","floor":42,"turns":1},{"damage":0,"enemies":"Nemesis","floor":44,"turns":1},{"damage":0,"enemies":"Giant Head","floor":46,"turns":2},{"damage":0,"enemies":"4 Shapes","floor":48,"turns":1},{"damage":0,"enemies":"Time Eater","floor":50,"turns":1},{"damage":0,"enemies":"Awakened One","floor":51,"turns":2},{"damage":0,"enemies":"Shield and Spear","floor":55,"turns":1},{"damage":0,"enemies":"The Heart","floor":56,"turns":2}],"seed_played":"7673214005664662221","potions_obtained":[{"floor":1.0,"key":"FairyPotion"},{"floor":6.0,"key":"Explosive Potion"},{"floor":8.0,"key":"FairyPotion"},{"floor":18.0,"key":"LiquidMemories"},{"floor":44,"key":"Strength Potion"},{"floor":54,"key":"Fruit Juice"},{"floor":54,"key":"GamblersBrew"}],"is_trial":false,"path_per_floor":["M","?","?","$","M","E","M","E","T","M","M","E","R","E","R","B",null,"M","$","?","M","?","E","M","E","T","E","R","?","?","?","R","B",null,"M","M","$","?","?","E","R","E","T","E","R","E","T","M","R","B","B",null,"R","$","E","B",null],"character_chosen":"DEFECT","items_purchased":["testmod-Hope","Toxic Egg 2","testmod-Charity","Dodecahedron","Streamline","GodSword1","SumBook","Chemical X","Juzu Bracelet","Regal Pillow","testmod-SpacePotion","DuplicationPotion","AttackPotion","Strange Spoon","Membership Card","Bird Faced Urn","testmod-SpacePotion","Swift Potion","Dexterity Potion","TungstenRod","ChiLing","InkBottle","Blood Vial","Turbo+1","DistilledChaos","MostiFishMod:Haymaker","Tingsha","testmod-AssaultLearning","testmod-RealStoneCalender","Pantograph","Defragment","Medical Kit","Paper Crane","Lantern","Nunchaku","Cauldron","Tempest+1","War Paint","SecretRecord","MagicDraw1","MagicDraw3","Bag of Preparation","Letter Opener","GodSword5","Torii","StrikeDummy","testmod-Antiphasic","Boot","testmod-OneHitWonder","Centennial Puzzle","testmod-Nyarlathotep","Gambling Chip","Akabeko","testmod-Justice","Strawberry","testmod-Laevatain","Bottled Flame","White Beast Statue","Blue Candle","HornCleat","MagicDraw2","Shuriken","GodSword3","Oddly Smooth Stone","Cables","Pear","testmod-LifeArmor","ImprovedEquipment","Orichalcum","testmod-IntensifyImprint","The Specimen","Pen Nib","testmod-TurbochargingSystem","Vajra","Bottled Tornado","Art of War","Unceasing Top","BionicSphere","LastBattle","Anchor","ZombieArmy","DataDisk","Mercury Hourglass","testmod-BlackFramedGlasses","Snake Skull","Symbiotic Virus","GodSword6","Bottled Lightning","Red Skull","Ornamental Fan","GodSword4","Ninja Scroll","Sundial","Gremlin Horn","testmod-CasingShield"],"campfire_rested":1,"item_purchase_floors":[4,4,4,4,4,19,19,19,19,19,19,19,19,19,37,37,37,37,37,37,37,37,37,37,37,54,54,54,54,54,54,54,54,54,54,54,54,54,54,54,54,54,54,54,54,54,54,54,54,54,54,54,54,54,54,54,54,54,54,54,54,54,54,54,54,54,54,54,54,54,54,54,54,54,54,54,54,54,54,54,54,54,54,54,54,54,54,54,54,54,54,54,54,54,54],"current_hp_per_floor":[62,62,62,62,55,22,17,19,19,20,5,24,24,25,25,27,68,66,66,66,67,46,47,48,50,50,46,46,46,47,47,47,49,88,90,92,92,113,113,115,115,117,118,120,120,121,121,123,123,123,125,125,125,147,148,148],"gold":83,"neow_bonus":"BOSS_RELIC","is_daily":false,"chose_seed":false,"campfire_upgraded":6,"win_rate":0.0,"timestamp":1613312881,"path_taken":["M","?","?","$","M","E","M","E","T","M","?","E","R","E","R","BOSS","M","$","?","M","?","E","M","E","T","E","R","?","?","?","R","BOSS","M","M","$","?","?","E","R","E","T","E","R","E","?","M","R","BOSS","BOSS","R","$","E","BOSS"],"items_purchased_type":["Relic","Relic","Relic","Relic","Card","Relic","Relic","Relic","Relic","Relic","Potion","Potion","Potion","Relic","Relic","Relic","Potion","Potion","Potion","Relic","Relic","Relic","Relic","Card","Potion","Relic","Relic","Relic","Relic","Relic","Card","Relic","Relic","Relic","Relic","Relic","Card","Relic","Relic","Relic","Relic","Relic","Relic","Relic","Relic","Relic","Relic","Relic","Relic","Relic","Relic","Relic","Relic","Relic","Relic","Relic","Relic","Relic","Relic","Relic","Relic","Relic","Relic","Relic","Relic","Relic","Relic","Relic","Relic","Relic","Relic","Relic","Relic","Relic","Relic","Relic","Relic","Relic","Relic","Relic","Relic","Relic","Relic","Relic","Relic","Relic","Relic","Relic","Relic","Relic","Relic","Relic","Relic","Relic","Relic"],"build_version":"2020-12-22","purchased_purges":3,"victory":true,"max_hp_per_floor":[71,71,71,71,72,73,74,76,76,77,78,79,79,80,80,82,82,83,83,83,84,84,85,86,88,88,90,90,90,91,91,91,93,99,101,103,103,113,113,115,115,117,118,120,120,121,121,123,123,123,125,125,125,147,148,148],"card_choices":[{"not_picked":["Hello World","Hologram"],"picked":"Consume","floor":1.0},{"not_picked":["Undo+1","Go for the Eyes","Turbo+1","Stack+1"],"picked":"Reprogram+1","floor":5.0},{"not_picked":["Ball Lightning","Chill+1","Undo+1","Reprogram+1"],"picked":"MostiFishMod:DeathFromBelow","floor":6.0},{"not_picked":["Gash","MostiFishMod:GatherIntelligence+1","Hologram+1","Turbo+1"],"picked":"Double Energy+1","floor":7.0},{"not_picked":["Compile Driver","MostiFishMod:LinkProtocol+1","MostiFishMod:PushDownKick","Steam+1","MostiFishMod:GatherIntelligence+1"],"picked":"SKIP","floor":8.0},{"not_picked":["Compile Driver","MostiFishMod:PushDownKick","Steam+1","MostiFishMod:GatherIntelligence+1"],"picked":"MostiFishMod:LinkProtocol+1","floor":8.0},{"not_picked":["Force Field+1","Barrage","Steam Power+1","Steam+1","Streamline"],"picked":"SKIP","floor":10.0},{"not_picked":["Conserve Battery+1","Leap+1","Auto Shields+1","MostiFishMod:LinkProtocol+1"],"picked":"Storm","floor":11.0},{"not_picked":["Hologram+1","Beam Cell","Cold Snap","Force Field+1"],"picked":"Capacitor","floor":12.0},{"not_picked":["Blizzard","Conserve Battery+1","Static Discharge","Chaos+1"],"picked":"Echo Form","floor":14.0},{"not_picked":["Seek+1","MostiFishMod:ActiveDefenseSystem","MostiFishMod:DawningShadow","MostiFishMod:Culaccino+1"],"picked":"MostiFishMod:Overload+1","floor":16.0},{"not_picked":["Leap+1","Storm"],"picked":"Skim+1","floor":18.0},{"not_picked":["Ball Lightning","MostiFishMod:PushDownKick"],"picked":"Steam Power+1","floor":21.0},{"not_picked":["Genetic Algorithm+1","Doom and Gloom+1","Barrage+1"],"picked":"SKIP","floor":23.0},{"not_picked":["Loop","Blizzard","Conserve Battery+1"],"picked":"SKIP","floor":24.0},{"not_picked":["Steam+1","Chaos+1"],"picked":"Turbo+1","floor":25},{"not_picked":["Compile Driver","Sweeping Beam"],"picked":"Defragment","floor":27},{"not_picked":["Compile Driver","Streamline+1","MostiFishMod:IceShield+1"],"picked":"Reprogram+1","floor":34},{"not_picked":["Sweeping Beam","Stack+1","Steam+1"],"picked":"Double Energy+1","floor":35},{"not_picked":["Ball Lightning+1","Leap+1","Scrape","Rebound"],"picked":"SKIP","floor":36},{"not_picked":["MostiFishMod:ReprogramOld+1","Compile Driver","Streamline+1"],"picked":"White Noise+1","floor":40},{"not_picked":["Auto Shields+1","Static Discharge+1","Melter"],"picked":"MostiFishMod:ReadyAimFire+1","floor":42},{"not_picked":["MostiFishMod:ReprogramOld+1","Scrape+1","Defragment","Doom and Gloom"],"picked":"SKIP","floor":44},{"not_picked":["MostiFishMod:ReprogramOld+1","Scrape+1","Doom and Gloom"],"picked":"Defragment","floor":44},{"not_picked":["Beam Cell","Steam+1","Loop","Ball Lightning"],"picked":"SKIP","floor":46},{"not_picked":["Conserve Battery+1","MostiFishMod:PushDownKick","Stack+1","Leap+1"],"picked":"SKIP","floor":48},{"not_picked":["Cold Snap+1","Reprogram+1","Rebound"],"picked":"Double Energy+1","floor":55}],"player_experience":1362487,"relics_obtained":[{"floor":1.0,"key":"SynthV:TestCard"},{"floor":6.0,"key":"testmod-HeartOfDaVinci"},{"floor":8.0,"key":"Self Forming Clay"},{"floor":9.0,"key":"Kunai"},{"floor":12.0,"key":"testmod-CrystalShield"},{"floor":14.0,"key":"Bronze Scales"},{"floor":22.0,"key":"Enchiridion"},{"floor":23.0,"key":"PreservedInsect"},{"floor":25,"key":"Paper Frog"},{"floor":27,"key":"Question Card"},{"floor":40,"key":"Happy Flower"},{"floor":42,"key":"Whetstone"},{"floor":43,"key":"Toy Ornithopter"},{"floor":44,"key":"The Courier"},{"floor":46,"key":"DianPoetry"},{"floor":47,"key":"Dead Branch"},{"floor":55,"key":"MagicDraw4"}],"event_choices":[{"damage_healed":0.0,"max_hp_gain":0.0,"max_hp_loss":0.0,"gold_gain":999.0,"event_name":"恩洛斯的盘子","player_choice":"Sell","floor":2.0,"relics_lost":["Cursed Key"],"gold_loss":0.0,"damage_taken":0.0},{"damage_healed":0.0,"max_hp_gain":0.0,"max_hp_loss":0.0,"gold_gain":0.0,"event_name":"WeMeetAgain","player_choice":"Paid Gold","floor":3.0,"gold_loss":83.0,"damage_taken":0.0,"relics_obtained":["Ccalipers"]},{"damage_healed":0.0,"max_hp_gain":0.0,"max_hp_loss":0.0,"gold_gain":0.0,"event_name":"The Mausoleum","player_choice":"Opened","floor":20.0,"gold_loss":0.0,"damage_taken":0.0,"relics_obtained":["SSSystem"],"cards_obtained":["Writhe"]},{"damage_healed":0.0,"max_hp_gain":0.0,"max_hp_loss":0.0,"gold_gain":0.0,"event_name":"Cursed Tome","player_choice":"Obtained Book","floor":22.0,"gold_loss":0.0,"damage_taken":21.0},{"damage_healed":0,"gold_gain":0,"player_choice":"Swap Relic","damage_taken":0,"relics_obtained":["DaveBox"],"max_hp_gain":0,"max_hp_loss":0,"event_name":"给自己的盒子","floor":29,"relics_lost":["DaveBox"],"gold_loss":0},{"damage_healed":0,"gold_gain":50,"player_choice":"Pray","damage_taken":0,"max_hp_gain":0,"max_hp_loss":0,"event_name":"Golden Shrine","floor":30,"gold_loss":0},{"damage_healed":0,"gold_gain":0,"player_choice":"Copied","damage_taken":0,"max_hp_gain":0,"max_hp_loss":0,"event_name":"Duplicator","floor":31,"gold_loss":0,"cards_obtained":["MostiFishMod:DeathFromBelow"]},{"cards_removed":["Amplify"],"damage_healed":11,"gold_gain":0,"player_choice":"Offered Rare","damage_taken":0,"max_hp_gain":10,"max_hp_loss":0,"event_name":"Bonfire Elementals","floor":38,"gold_loss":0},{"damage_healed":0,"gold_gain":0,"player_choice":"Got Potions","damage_taken":0,"max_hp_gain":0,"max_hp_loss":0,"event_name":"Lab","floor":39,"gold_loss":0}],"is_beta":false,"boss_relics":[{"not_picked":["SoulBox","testmod-EnergyCheck"],"picked":"Busted Crown"},{"not_picked":["testmod-StringDisintegrator","Velvet Choker"],"picked":"Tiny House"}],"items_purged_floors":[4,19,37],"is_endless":false,"potions_floor_spawned":[1,6,7,8,11,18,21,23,27,40,44,46,55],"ascension_level":20}}