{"host":"62zsjo1ie0b35vtx","time":1613289856,"event":{"mods":["2.2 Compatiblity","AchievementEnabler","Act Like it!","Ascension Reborn","Aspiration","BaseMod","Colored Map","Colored Powertips","Conspire","Custom Start","DeckTracker","Energized Spire","Friendly Minions","GifTheSpireLib","Gremlin Skip","Halation","Highlight Path","Hubris","Infinite Spire","Kiyohime????","Marisa????????","Minty Spire (QoL Compilation)","Quick Restart","Rare Cards Sparkle","Replay The Spire","Spicy Shops","Spikes Relics","StSLib","Strawberry Spire","Stuff the Spire","The Elementalist","The Hierophant","The Spell Scribe","The Vixen"],"gold_per_floor":[216,176,187,205,56,81,81,91,91,7,41,41,41,41],"floor_reached":13,"language":"ENG","playtime":1066,"items_purged":["Strike_G"],"score":118,"play_id":"b8a65f4c-b4e1-48cd-b246-5e9d4c8605e7","local_time":"20210214010416","is_ascension_mode":true,"campfire_choices":[{"data":"ReplayTheSpireMod:Scrap Shanks","floor":7.0,"key":"SMITH"},{"floor":12,"key":"REST"}],"circlet_count":0,"master_deck":["Strike_G","Strike_G","Strike_G","Strike_G","Defend_G","Defend_G","Defend_G","Defend_G","Defend_G","Survivor","Neutralize","Finisher","strawberrySpire:Rummage","Deflect","Escape Plan","ReplayTheSpireMod:Scrap Shanks+1","PiercingWail","Specialist","Expertise"],"relics":["Ring of the Snake","Du-Vu Doll","hubris:PeanutButter","Blue Doll"],"acts_visited":["Exordium"],"potions_floor_usage":[11,13],"damage_taken":[{"damage":2.0,"enemies":"Jaw Worm","floor":1.0,"turns":4.0},{"damage":0.0,"enemies":"Cultist","floor":3.0,"turns":3.0},{"damage":5.0,"enemies":"2 Louse","floor":4.0,"turns":2.0},{"damage":12.0,"enemies":"Gremlin Nob","floor":6.0,"turns":3.0},{"damage":4,"enemies":"conspire:2 RoseBushes","floor":8,"turns":6},{"damage":23,"enemies":"Lagavulin","floor":11,"turns":10},{"damage":58,"enemies":"Gremlin Nob","floor":13,"turns":6}],"seed_played":"-518096814138338983","potions_obtained":[{"floor":2.0,"key":"Dexterity Potion"},{"floor":2.0,"key":"Flashbang"},{"floor":2.0,"key":"Death Potion"},{"floor":3.0,"key":"SpeedPotion"},{"floor":6.0,"key":"SpeedPotion"}],"is_trial":false,"path_per_floor":["M","?","M","M","$","E","R","M","T","$","E","R","E"],"character_chosen":"THE_SILENT","items_purchased":["Escape Plan","ReplayTheSpireMod:Scrap Shanks","Specialist"],"campfire_rested":1,"item_purchase_floors":[5,5,10],"current_hp_per_floor":[68,68,68,63,63,51,51,47,47,47,24,45,0,0],"gold":41,"neow_bonus":"HUNDRED_GOLD","is_daily":false,"chose_seed":false,"campfire_upgraded":1,"win_rate":0.0,"timestamp":1613289856,"path_taken":["M","?","?","M","$","E","R","M","T","?","E","R","E"],"items_purchased_type":["Card","Card","Card"],"build_version":"2020-12-22","purchased_purges":1,"victory":false,"max_hp_per_floor":[70,70,70,70,70,70,70,70,70,70,70,70,70,70],"card_choices":[{"not_picked":["Hidden Blade","strawberrySpire:SpinKick"],"picked":"Finisher","floor":1.0},{"not_picked":["StuffTheSpire:Python","ReplayTheSpireMod:Shiv Toss"],"picked":"strawberrySpire:Rummage","floor":3.0},{"not_picked":["StuffTheSpire:Injection","strawberrySpire:Insectonator"],"picked":"Deflect","floor":4.0},{"not_picked":["Corpse Explosion","strawberrySpire:Rummage","hubris:SlightOfHand"],"picked":"SKIP","floor":6.0},{"not_picked":["Predator","Sucker Punch"],"picked":"PiercingWail","floor":8},{"not_picked":["StuffTheSpire:Shiver","StuffTheSpire:Injection"],"picked":"Expertise","floor":11}],"player_experience":1038310,"relics_obtained":[{"floor":6.0,"key":"Du-Vu Doll"},{"floor":9,"key":"hubris:PeanutButter"},{"floor":11,"key":"Blue Doll"}],"event_choices":[{"damage_healed":0.0,"max_hp_gain":0.0,"max_hp_loss":0.0,"gold_gain":0.0,"event_name":"The Woman in Blue","player_choice":"Bought 3 Potions","floor":2.0,"gold_loss":0.0,"damage_taken":0.0}],"is_beta":false,"boss_relics":[],"items_purged_floors":[10],"is_endless":false,"potions_floor_spawned":[3,6],"killed_by":"Gremlin Nob","ascension_level":0}}