{"host":"8cqz7u612ax6p4mk","time":1613276514,"event":{"mods":["AchievementEnabler","BaseMod","Bestiary","DeckTracker","Minty Spire (QoL Compilation)","Relic Stats","The Servant 0.9.4"],"gold_per_floor":[114,114,134,149,160,192,91,91,117,117,175,200,200,212,212,316,316,333,333,345,361,361,381,415,415,465,484,515,614,132,146,146,242,292,307,307,307,326,201,201,213,243,255,267,279,141,141,156,156,156],"floor_reached":51,"language":"ENG","playtime":2450,"items_purged":["Strike_R","Strike_R","Defend_R","Strike_R"],"score":785,"play_id":"ecb18c41-d0c5-4f02-b8f3-6b4f018ebe57","local_time":"20210213232154","is_ascension_mode":true,"campfire_choices":[{"data":"Shockwave","floor":8,"key":"SMITH"},{"floor":13,"key":"REST"},{"data":"Battle Trance","floor":15,"key":"SMITH"},{"data":"Double Tap","floor":25,"key":"SMITH"},{"floor":32,"key":"REST"},{"data":"Rage","floor":40,"key":"SMITH"},{"floor":44,"key":"REST"},{"data":"Deep Breath","floor":47,"key":"SMITH"},{"data":"Shrug It Off","floor":49,"key":"SMITH"}],"circlet_count":0,"master_deck":["Strike_R","Strike_R","Defend_R+1","Defend_R+1","Defend_R","Bash","Rampage+1","Shockwave+1","Battle Trance+1","Shrug It Off+1","Double Tap+1","Rage+1","Carnage+1","Rage+1","Deep Breath+1"],"relics":["Burning Blood","NeowsBlessing","Lantern","Centennial Puzzle","Pen Nib","Pantograph","Runic Cube","War Paint","Potion Belt","Sundial","Calipers","Tiny House","MawBank","Paper Frog"],"acts_visited":["Exordium","TheCity","TheBeyond"],"potions_floor_usage":[19,21,23,27,28,33,50,50,50,50,50],"damage_taken":[{"damage":0,"enemies":"Small Slimes","floor":1,"turns":1},{"damage":0,"enemies":"Cultist","floor":3,"turns":1},{"damage":0,"enemies":"2 Louse","floor":4,"turns":1},{"damage":0,"enemies":"Looter","floor":5,"turns":4},{"damage":36,"enemies":"3 Sentries","floor":6,"turns":8},{"damage":18,"enemies":"Lagavulin Event","floor":11,"turns":5},{"damage":21,"enemies":"Lagavulin","floor":12,"turns":4},{"damage":9,"enemies":"Lots of Slimes","floor":14,"turns":3},{"damage":7,"enemies":"The Guardian","floor":16,"turns":7},{"damage":14,"enemies":"3 Byrds","floor":18,"turns":4},{"damage":4,"enemies":"2 Thieves","floor":20,"turns":3},{"damage":9,"enemies":"Chosen and Byrds","floor":21,"turns":6},{"damage":14,"enemies":"Sentry and Sphere","floor":23,"turns":5},{"damage":12,"enemies":"Book of Stabbing","floor":24,"turns":3},{"damage":24,"enemies":"3 Cultists","floor":27,"turns":4},{"damage":16,"enemies":"Gremlin Leader","floor":28,"turns":6},{"damage":2,"enemies":"Snecko","floor":31,"turns":4},{"damage":33,"enemies":"Champ","floor":33,"turns":8},{"damage":17,"enemies":"3 Darklings","floor":35,"turns":4},{"damage":28,"enemies":"3 Shapes","floor":38,"turns":5},{"damage":11,"enemies":"Jaw Worm Horde","floor":41,"turns":4},{"damage":22,"enemies":"Nemesis","floor":42,"turns":3},{"damage":8,"enemies":"Sphere and 2 Shapes","floor":48,"turns":4},{"damage":93,"enemies":"Time Eater","floor":50,"turns":9}],"seed_played":"-1582437320210377992","potions_obtained":[{"floor":1,"key":"SpeedPotion"},{"floor":5,"key":"Explosive Potion"},{"floor":16,"key":"Strength Potion"},{"floor":19,"key":"Fruit Juice"},{"floor":19,"key":"BloodPotion"},{"floor":19,"key":"AttackPotion"},{"floor":21,"key":"FearPotion"},{"floor":24,"key":"LiquidBronze"},{"floor":28,"key":"CultistPotion"},{"floor":34,"key":"LiquidBronze"},{"floor":35,"key":"Weak Potion"},{"floor":42,"key":"Strength Potion"},{"floor":48,"key":"Regen Potion"}],"is_trial":false,"path_per_floor":["M","?","M","M","M","E","$","R","T","?","?","E","R","M","R","B",null,"M","?","M","M","?","M","E","R","T","M","E","?","$","M","R","B",null,"M","?","?","M","$","R","M","E","T","R","?","$","R","M","R","B",null],"character_chosen":"IRONCLAD","items_purchased":["Headbutt","Calipers","LiquidMemories"],"campfire_rested":3,"item_purchase_floors":[7,30,30],"current_hp_per_floor":[80,80,80,80,80,50,50,50,50,50,38,23,47,44,44,68,80,72,77,79,76,60,70,64,64,64,46,36,36,36,40,67,63,95,84,84,84,62,62,62,57,41,41,68,68,68,68,66,66,18],"gold":156,"neow_bonus":"THREE_ENEMY_KILL","is_daily":false,"chose_seed":false,"campfire_upgraded":6,"win_rate":0.0,"timestamp":1613276514,"path_taken":["M","?","?","M","M","E","?","R","T","?","?","E","R","M","R","BOSS","M","?","M","?","?","M","E","R","T","M","E","?","$","M","R","BOSS","M","?","?","M","$","R","M","E","T","R","?","$","R","M","R","BOSS"],"items_purchased_type":["Card","Relic","Potion"],"build_version":"2020-12-22","purchased_purges":4,"victory":true,"max_hp_per_floor":[80,80,80,80,80,80,80,80,80,80,80,80,80,80,80,80,80,80,85,85,85,90,90,90,90,90,90,90,90,90,90,90,90,95,95,90,90,90,90,90,90,90,90,90,90,90,90,90,90,90],"relic_stats":{"Centennial Puzzle":[57],"counters":[24,106],"Sundial":[14],"Pantograph":72,"Pen Nib":[17],"War Paint":["Defend_R","Rage"],"MawBank":48,"obtain_stats":[{"Potion Belt":26,"Lantern":6,"Calipers":30,"Tiny House":34,"NeowsBlessing":0,"Pen Nib":11,"War Paint":24,"MawBank":42,"Burning Blood":0,"Centennial Puzzle":9,"Sundial":28,"Pantograph":12,"Runic Cube":17,"Paper Frog":43},{"Potion Belt":14,"Lantern":5,"Calipers":16,"Tiny House":18,"NeowsBlessing":0,"Pen Nib":5,"War Paint":14,"MawBank":22,"Burning Blood":0,"Centennial Puzzle":5,"Sundial":16,"Pantograph":7,"Runic Cube":9,"Paper Frog":22},{"Potion Belt":55,"Lantern":15,"Calipers":65,"Tiny House":77,"NeowsBlessing":0,"Pen Nib":15,"War Paint":55,"MawBank":93,"Burning Blood":0,"Centennial Puzzle":15,"Sundial":65,"Pantograph":24,"Runic Cube":34,"Paper Frog":93}],"Burning Blood":120,"Runic Cube":[45]},"card_choices":[{"not_picked":["Rupture","Clash"],"picked":"Rampage","floor":1},{"not_picked":["Body Slam","Thunderclap","Flex"],"picked":"SKIP","floor":3},{"not_picked":["Havoc","Hemokinesis"],"picked":"Shockwave","floor":5},{"not_picked":["Flex","Shrug It Off"],"picked":"Battle Trance","floor":6},{"not_picked":["Limit Break","Uppercut","Infernal Blade"],"picked":"SKIP","floor":12},{"not_picked":["Cleave","Armaments"],"picked":"Shrug It Off","floor":14},{"not_picked":["Juggernaut","Brutality"],"picked":"Double Tap","floor":16},{"not_picked":["Thunderclap+1","Flex"],"picked":"Rage","floor":18},{"not_picked":["Second Wind","Intimidate","Headbutt"],"picked":"SKIP","floor":20},{"not_picked":["Perfected Strike","Iron Wave","Cleave"],"picked":"SKIP","floor":21},{"not_picked":["Heavy Blade","Iron Wave"],"picked":"Carnage+1","floor":23},{"not_picked":["Flame Barrier","Anger+1","Body Slam"],"picked":"SKIP","floor":24},{"not_picked":["Wild Strike","Body Slam"],"picked":"Rage","floor":27},{"not_picked":["Rupture","Anger","Clothesline"],"picked":"SKIP","floor":28},{"not_picked":["Reckless Charge+1","Pommel Strike","Sword Boomerang"],"picked":"SKIP","floor":31},{"not_picked":["Flex","Cleave+1","True Grit+1"],"picked":"SKIP","floor":35},{"not_picked":["Pommel Strike","Whirlwind+1","Ghostly Armor"],"picked":"SKIP","floor":38},{"not_picked":["Shrug It Off+1","Inflame","Dark Embrace"],"picked":"SKIP","floor":41},{"not_picked":["Sword Boomerang+1","Clash+1","Entrench+1"],"picked":"SKIP","floor":42},{"not_picked":["Chrysalis","Swift Strike"],"picked":"Deep Breath","floor":45},{"not_picked":["Flex+1","Cleave","Flame Barrier"],"picked":"SKIP","floor":48}],"player_experience":185776,"relics_obtained":[{"floor":6,"key":"Lantern"},{"floor":9,"key":"Centennial Puzzle"},{"floor":12,"key":"Pantograph"},{"floor":24,"key":"War Paint"},{"floor":26,"key":"Potion Belt"},{"floor":28,"key":"Sundial"},{"floor":42,"key":"MawBank"},{"floor":43,"key":"Paper Frog"}],"event_choices":[{"damage_healed":0,"gold_gain":0,"player_choice":"Forge","damage_taken":0,"max_hp_gain":0,"max_hp_loss":0,"event_name":"Accursed Blacksmith","floor":2,"gold_loss":0,"cards_upgraded":["Rampage"]},{"damage_healed":0,"gold_gain":0,"player_choice":"Ignored","damage_taken":0,"max_hp_gain":0,"max_hp_loss":0,"event_name":"Liars Game","floor":10,"gold_loss":0},{"damage_healed":0,"gold_gain":30,"player_choice":"Searched \u00273\u0027 times","damage_taken":0,"relics_obtained":["Pen Nib"],"max_hp_gain":0,"max_hp_loss":0,"event_name":"Dead Adventurer","floor":11,"gold_loss":0},{"damage_healed":0,"gold_gain":0,"player_choice":"Got Potions","damage_taken":0,"max_hp_gain":0,"max_hp_loss":0,"event_name":"Lab","floor":19,"gold_loss":0},{"damage_healed":0,"gold_gain":0,"player_choice":"Shed Blood","damage_taken":21,"max_hp_gain":5,"max_hp_loss":0,"event_name":"Forgotten Altar","floor":22,"gold_loss":0},{"damage_healed":0,"gold_gain":99,"player_choice":"Stole From Cult","damage_taken":0,"max_hp_gain":0,"max_hp_loss":0,"event_name":"Nest","floor":29,"gold_loss":0},{"damage_healed":0,"gold_gain":0,"player_choice":"Max HP","damage_taken":0,"max_hp_gain":0,"max_hp_loss":5,"event_name":"Winding Halls","floor":36,"gold_loss":0},{"cards_removed":["Headbutt"],"damage_healed":0,"gold_gain":0,"player_choice":"Removed Attack","damage_taken":0,"max_hp_gain":0,"max_hp_loss":0,"event_name":"Falling","floor":37,"gold_loss":0},{"damage_healed":0,"gold_gain":0,"player_choice":"Memory 1","damage_taken":0,"max_hp_gain":0,"max_hp_loss":0,"event_name":"SensoryStone","floor":45,"gold_loss":0}],"is_beta":false,"boss_relics":[{"not_picked":["Runic Dome","Cursed Key"],"picked":"Runic Cube"},{"not_picked":["Black Star","Snecko Eye"],"picked":"Tiny House"}],"items_purged_floors":[7,30,39,46],"is_endless":false,"potions_floor_spawned":[1,5,16,21,24,28,35,42,48],"ascension_level":1}}