{"host":"sxnl403xm2xmiyj1","time":1613308083,"event":{"mods":["AchievementEnabler","BaseMod","Colored Map","Keyboard Shortcuts","Minty Spire (QoL Compilation)","Quick Restart","StSLib","SuperFastMode"],"gold_per_floor":[119,44,194,494,494,514,544,544,544,524,524,552,565,80,80,157,157,176,189,4,4,21,21,71,71,71,98,117,117,117,117,117,193,193,204,53,70,84,84,115,115,147,147,147,147,147,175,188,188,188,188],"floor_reached":50,"language":"KOR","playtime":919,"items_purged":["Doubt","Strike_G"],"score":1269,"play_id":"30ca6bde-0e66-4559-b1ec-cf01cf20fd83","local_time":"20210214220803","is_ascension_mode":true,"campfire_choices":[{"data":"Blade Dance","floor":8.0,"key":"SMITH"},{"data":"Neutralize","floor":11.0,"key":"SMITH"},{"data":"Panache","floor":15.0,"key":"SMITH"},{"data":"Accuracy","floor":23.0,"key":"SMITH"},{"data":"Blade Dance","floor":25.0,"key":"SMITH"},{"data":"Finisher","floor":30.0,"key":"SMITH"},{"data":"Phantasmal Killer","floor":32.0,"key":"SMITH"},{"data":"A Thousand Cuts","floor":41.0,"key":"SMITH"},{"floor":44.0,"key":"RECALL"},{"data":"Reflex","floor":46.0,"key":"SMITH"},{"data":"Prepared","floor":49.0,"key":"SMITH"}],"circlet_count":0,"master_deck":["AscendersBane","Strike_G","Strike_G","Strike_G","Defend_G","Defend_G","Defend_G","Defend_G","Defend_G","Survivor","Neutralize+1","PiercingWail","Dodge and Roll","Blade Dance+1","Envenom+1","Prepared+1","Panache+1","Backflip","Blur","Masterful Stab","Phantasmal Killer+1","Quick Slash","Blade Dance+1","Accuracy+1","Reflex+1","Acrobatics","Finisher+1","Dodge and Roll+1","Acrobatics","A Thousand Cuts+1","Underhanded Strike","Dodge and Roll","Madness","Madness","Deflect","Backflip","Underhanded Strike"],"relics":["Ring of the Snake","NeowsBlessing","Old Coin","Kunai","Darkstone Periapt","Eternal Feather","Ancient Tea Set","Philosopher\u0027s Stone","StoneCalendar","Calipers","Busted Crown","Bag of Marbles","Bird Faced Urn","Meat on the Bone"],"acts_visited":["Exordium","TheCity","TheBeyond"],"potions_floor_usage":[],"damage_taken":[{"damage":0.0,"enemies":"2 Louse","floor":1.0,"turns":1.0},{"damage":0.0,"enemies":"Small Slimes","floor":6.0,"turns":1.0},{"damage":0.0,"enemies":"3 Sentries","floor":7.0,"turns":1.0},{"damage":22.0,"enemies":"Gremlin Nob","floor":12.0,"turns":5.0},{"damage":0.0,"enemies":"Jaw Worm","floor":13.0,"turns":4.0},{"damage":0.0,"enemies":"Hexaghost","floor":16.0,"turns":11.0},{"damage":25.0,"enemies":"2 Thieves","floor":18.0,"turns":4.0},{"damage":0.0,"enemies":"Spheric Guardian","floor":19.0,"turns":3.0},{"damage":7.0,"enemies":"Cultist and Chosen","floor":22.0,"turns":5.0},{"damage":20.0,"enemies":"Gremlin Leader","floor":27.0,"turns":7.0},{"damage":10.0,"enemies":"Centurion and Healer","floor":28.0,"turns":4.0},{"damage":3.0,"enemies":"Automaton","floor":33.0,"turns":7.0},{"damage":14.0,"enemies":"3 Darklings","floor":35.0,"turns":3.0},{"damage":5.0,"enemies":"Orb Walker","floor":37.0,"turns":3.0},{"damage":19.0,"enemies":"Spire Growth","floor":38.0,"turns":7.0},{"damage":0.0,"enemies":"Reptomancer","floor":40.0,"turns":2.0},{"damage":23.0,"enemies":"Giant Head","floor":42.0,"turns":7.0},{"damage":0.0,"enemies":"Reptomancer","floor":47.0,"turns":5.0},{"damage":39.0,"enemies":"Writhing Mass","floor":48.0,"turns":6.0},{"damage":68,"enemies":"Time Eater","floor":50,"turns":3}],"seed_played":"67534938147718905","potions_obtained":[{"floor":10.0,"key":"EntropicBrew"},{"floor":12.0,"key":"SmokeBomb"},{"floor":13.0,"key":"Regen Potion"},{"floor":18.0,"key":"PowerPotion"},{"floor":19.0,"key":"ColorlessPotion"},{"floor":28.0,"key":"DistilledChaos"},{"floor":37.0,"key":"DuplicationPotion"},{"floor":38.0,"key":"SteroidPotion"},{"floor":42.0,"key":"LiquidMemories"},{"floor":45.0,"key":"DistilledChaos"}],"is_trial":false,"path_per_floor":["M","?","?","T","?","M","E","R","T","?","R","E","M","$","R","B",null,"M","M","$","?","M","R","?","R","T","E","M","?","R","?","R","B",null,"M","$","M","M","?","E","R","E","T","R","?","R","E","M","R","B"],"character_chosen":"THE_SILENT","items_purchased":["Panache","Backflip","Blur","Masterful Stab","Accuracy","Reflex","Acrobatics","Underhanded Strike"],"campfire_rested":0,"item_purchase_floors":[14,14,14,14,20,20,20,36],"current_hp_per_floor":[59,59,59,59,24,24,24,24,24,24,33,11,11,11,23,38,59,34,34,34,34,27,42,42,57,57,37,27,27,45,45,63,60,65,51,51,46,27,15,15,36,13,13,34,34,55,63,44,65,0,0],"gold":188,"neow_bonus":"THREE_ENEMY_KILL","is_daily":false,"chose_seed":false,"campfire_upgraded":10,"win_rate":0.0,"timestamp":1613308083,"path_taken":["M","?","?","?","?","M","E","R","T","?","R","E","M","$","R","BOSS","M","?","?","?","?","R","?","R","T","E","M","?","R","?","R","BOSS","M","$","M","M","?","E","R","E","T","R","?","R","E","M","R","BOSS"],"items_purchased_type":["Card","Card","Card","Card","Card","Card","Card","Card"],"build_version":"2020-12-22","purchased_purges":2,"victory":false,"max_hp_per_floor":[66,66,66,66,66,66,66,66,66,66,66,66,66,66,66,66,66,66,66,66,66,66,66,66,66,66,66,66,66,66,66,66,66,66,66,66,66,66,66,66,66,66,66,66,66,66,66,66,66,66,66],"card_choices":[{"not_picked":["Prepared","Deadly Poison"],"picked":"PiercingWail","floor":1.0},{"not_picked":["Deadly Poison","Deflect"],"picked":"Dodge and Roll","floor":6.0},{"not_picked":["Heel Hook","Infinite Blades"],"picked":"Blade Dance","floor":7.0},{"not_picked":["Sucker Punch","Quick Slash"],"picked":"Envenom","floor":12.0},{"not_picked":["Well Laid Plans","Deadly Poison"],"picked":"Prepared","floor":13.0},{"not_picked":["Burst","Grand Finale"],"picked":"Phantasmal Killer","floor":16.0},{"not_picked":["Concentrate+1","Dagger Throw"],"picked":"Quick Slash","floor":18.0},{"not_picked":["Deadly Poison","Bane"],"picked":"Blade Dance","floor":19.0},{"not_picked":["Riddle With Holes","Dagger Spray"],"picked":"Finisher","floor":22.0},{"not_picked":["Caltrops","Poisoned Stab"],"picked":"Dodge and Roll+1","floor":27.0},{"not_picked":["Dodge and Roll","Setup"],"picked":"Acrobatics","floor":28.0},{"not_picked":["Corpse Explosion","Glass Knife"],"picked":"A Thousand Cuts","floor":33.0},{"not_picked":["Bane"],"picked":"SKIP","floor":35.0},{"not_picked":[],"picked":"Dodge and Roll","floor":37.0},{"not_picked":["Heel Hook"],"picked":"SKIP","floor":38.0},{"not_picked":[],"picked":"Deflect","floor":40.0},{"not_picked":[],"picked":"Backflip","floor":42.0},{"not_picked":["Noxious Fumes"],"picked":"SKIP","floor":47.0},{"not_picked":[],"picked":"Underhanded Strike","floor":48.0}],"player_experience":218172,"relics_obtained":[{"floor":4.0,"key":"Old Coin"},{"floor":7.0,"key":"Darkstone Periapt"},{"floor":9.0,"key":"Eternal Feather"},{"floor":12.0,"key":"Ancient Tea Set"},{"floor":26.0,"key":"StoneCalendar"},{"floor":27.0,"key":"Calipers"},{"floor":40.0,"key":"Bag of Marbles"},{"floor":42.0,"key":"Bird Faced Urn"},{"floor":47.0,"key":"Meat on the Bone"}],"event_choices":[{"cards_removed":["Strike_G"],"damage_healed":0.0,"max_hp_gain":0.0,"max_hp_loss":0.0,"gold_gain":0.0,"event_name":"The Cleric","player_choice":"Card Removal","floor":2.0,"gold_loss":75.0,"damage_taken":0.0},{"damage_healed":0.0,"max_hp_gain":0.0,"max_hp_loss":0.0,"gold_gain":150.0,"event_name":"Liars Game","player_choice":"AGREE","floor":3.0,"gold_loss":0.0,"damage_taken":0.0,"cards_obtained":["Doubt"]},{"damage_healed":0.0,"max_hp_gain":0.0,"max_hp_loss":0.0,"gold_gain":0.0,"event_name":"Scrap Ooze","player_choice":"Success","floor":5.0,"gold_loss":0.0,"damage_taken":35.0,"relics_obtained":["Kunai"]},{"damage_healed":0.0,"max_hp_gain":0.0,"max_hp_loss":0.0,"gold_gain":0.0,"event_name":"The Woman in Blue","player_choice":"Bought 1 Potion","floor":10.0,"gold_loss":0.0,"damage_taken":0.0},{"damage_healed":0.0,"max_hp_gain":0.0,"max_hp_loss":0.0,"gold_gain":0.0,"event_name":"Accursed Blacksmith","player_choice":"Forge","floor":21.0,"gold_loss":0.0,"damage_taken":0.0,"cards_upgraded":["Envenom"]},{"damage_healed":0.0,"max_hp_gain":0.0,"max_hp_loss":0.0,"gold_gain":50.0,"event_name":"Nest","player_choice":"Stole From Cult","floor":24.0,"gold_loss":0.0,"damage_taken":0.0},{"damage_healed":0.0,"max_hp_gain":0.0,"max_hp_loss":0.0,"gold_gain":0.0,"event_name":"The Mausoleum","player_choice":"Ignored","floor":29.0,"gold_loss":0.0,"damage_taken":0.0},{"damage_healed":0.0,"max_hp_gain":0.0,"max_hp_loss":0.0,"gold_gain":0.0,"event_name":"Ghosts","player_choice":"Ignored","floor":31.0,"gold_loss":0.0,"damage_taken":0.0},{"damage_healed":0.0,"max_hp_gain":0.0,"max_hp_loss":0.0,"gold_gain":0.0,"event_name":"Winding Halls","player_choice":"Embrace Madness","floor":39.0,"gold_loss":0.0,"damage_taken":12.0,"cards_obtained":["Madness","Madness"]},{"damage_healed":0.0,"max_hp_gain":0.0,"max_hp_loss":0.0,"gold_gain":0.0,"event_name":"Lab","player_choice":"Got Potions","floor":45.0,"gold_loss":0.0,"damage_taken":0.0}],"is_beta":false,"boss_relics":[{"not_picked":["Calling Bell","Astrolabe"],"picked":"Philosopher\u0027s Stone"},{"not_picked":["Ring of the Serpent","Velvet Choker"],"picked":"Busted Crown"}],"items_purged_floors":[14,36],"is_endless":false,"potions_floor_spawned":[12,13,18,19,28,37,38,42],"killed_by":"Time Eater","ascension_level":16}}