{"host":"fkpiy6brc0jk9mxy","time":1613289255,"event":{"mods":["BaseMod","Hermit","Keyboard Shortcuts","Minty Spire (QoL Compilation)","Permanent Neow","StSLib","SuperFastMode","The Servant 0.9.4","everything is the same but u backflip on backflip"],"gold_per_floor":[114,124,202,218,188,188,217,228,252,252,103,103,116,116,116,216,216,234,183,183,183,34,59,59,73,73,103,103,103,134,145,145,249,249,262,262,262,313,1312,1312,1332,1332,1332],"floor_reached":42,"language":"KOR","playtime":1874,"items_purged":[],"score":475,"play_id":"4b58e9e2-0a28-4534-88cf-c2220e78304d","local_time":"20210214165415","is_ascension_mode":false,"campfire_choices":[{"data":"hermit:GoldenBullet","floor":6.0,"key":"SMITH"},{"data":"hermit:Adapt","floor":12.0,"key":"SMITH"},{"data":"hermit:GhostlyPresence","floor":15.0,"key":"SMITH"},{"data":"hermit:Roughhouse","floor":24.0,"key":"SMITH"},{"data":"hermit:Deadeye","floor":29.0,"key":"SMITH"},{"floor":32.0,"key":"REST"},{"data":"hermit:GhostlyPresence","floor":40.0,"key":"SMITH"}],"circlet_count":0,"master_deck":["hermit:Strike_Hermit+1","hermit:Strike_Hermit+1","hermit:Strike_Hermit+1","hermit:Defend_Hermit+1","hermit:Defend_Hermit+1","hermit:Defend_Hermit+1","hermit:Defend_Hermit+1","hermit:Snapshot","hermit:Covet","hermit:GhostlyPresence+1","hermit:GoldenBullet+1","hermit:GhostlyPresence+1","hermit:Adapt+1","hermit:Enervate","hermit:Roughhouse+1","hermit:Misfire+1","hermit:Deadeye+1","hermit:Determination+1","hermit:Roughhouse+1","CurseOfTheBell","Normality","Normality"],"relics":["hermit:Momento","NeowsBlessing","Happy Flower","Juzu Bracelet","Lee\u0027s Waffle","PreservedInsect","Smiling Mask","Sundial","Tiny Chest","Orichalcum","Calling Bell","Blood Vial","HornCleat","CaptainsWheel","Akabeko"],"acts_visited":["Exordium","TheCity","TheBeyond"],"potions_floor_usage":[42,42],"damage_taken":[{"damage":0.0,"enemies":"Jaw Worm","floor":1.0,"turns":1.0},{"damage":0.0,"enemies":"2 Louse","floor":2.0,"turns":1.0},{"damage":0.0,"enemies":"Cultist","floor":4.0,"turns":2.0},{"damage":36.0,"enemies":"Lagavulin","floor":7.0,"turns":13.0},{"damage":0.0,"enemies":"3 Louse","floor":8.0,"turns":4.0},{"damage":3.0,"enemies":"Exordium Wildlife","floor":13.0,"turns":4.0},{"damage":13.0,"enemies":"The Guardian","floor":16.0,"turns":14.0},{"damage":0.0,"enemies":"Spheric Guardian","floor":18.0,"turns":3.0},{"damage":13.0,"enemies":"Book of Stabbing","floor":23.0,"turns":5.0},{"damage":0.0,"enemies":"Shell Parasite","floor":25.0,"turns":4.0},{"damage":6.0,"enemies":"Gremlin Leader","floor":27.0,"turns":8.0},{"damage":7.0,"enemies":"Book of Stabbing","floor":30.0,"turns":6.0},{"damage":7.0,"enemies":"Centurion and Healer","floor":31.0,"turns":5.0},{"damage":41.0,"enemies":"Collector","floor":33.0,"turns":10.0},{"damage":20.0,"enemies":"3 Shapes","floor":35.0,"turns":5.0},{"damage":5.0,"enemies":"Orb Walker","floor":41.0,"turns":3.0},{"damage":63,"enemies":"Giant Head","floor":42,"turns":9}],"seed_played":"-6195857541687166732","potions_obtained":[{"floor":1.0,"key":"Swift Potion"},{"floor":7.0,"key":"Fire Potion"},{"floor":8.0,"key":"CultistPotion"},{"floor":16.0,"key":"Block Potion"},{"floor":23.0,"key":"PowerPotion"},{"floor":30.0,"key":"GamblersBrew"},{"floor":33.0,"key":"hermit:BlackBile"},{"floor":35.0,"key":"BlessingOfTheForge"},{"floor":41.0,"key":"PowerPotion"}],"is_trial":false,"path_per_floor":["M","M","?","M","?","R","E","M","T","?","$","R","M","$","R","B",null,"M","$","?","?","$","E","R","M","T","E","?","R","E","M","R","B",null,"M","?","?","T","?","R","M","E"],"character_chosen":"HERMIT","items_purchased":["Lee\u0027s Waffle","Strength Potion","PreservedInsect"],"campfire_rested":1,"item_purchase_floors":[11,19,22],"current_hp_per_floor":[75,75,75,75,75,75,39,39,39,39,82,82,79,79,79,66,82,82,82,82,82,82,69,69,69,69,63,63,63,56,49,73,32,82,62,62,62,62,62,62,59,0,0],"gold":1332,"neow_bonus":"THREE_ENEMY_KILL","is_daily":false,"chose_seed":false,"campfire_upgraded":6,"win_rate":0.0,"timestamp":1613289255,"path_taken":["M","M","?","M","?","R","E","M","T","?","$","R","M","$","R","BOSS","M","$","?","?","?","E","R","M","T","E","?","R","E","M","R","BOSS","M","?","?","?","?","R","M","E"],"items_purchased_type":["Relic","Potion","Relic"],"build_version":"2020-12-22","purchased_purges":0,"victory":false,"max_hp_per_floor":[75,75,75,75,75,75,75,75,75,75,82,82,82,82,82,82,82,82,82,82,82,82,82,82,82,82,82,82,82,82,82,82,82,82,82,82,82,82,82,82,82,82,82],"card_choices":[{"not_picked":["hermit:Quickdraw","hermit:LowProfile"],"picked":"hermit:GhostlyPresence","floor":1.0},{"not_picked":["hermit:Malice","hermit:Dive"],"picked":"hermit:GoldenBullet","floor":2.0},{"not_picked":["hermit:Determination","hermit:Coalescence"],"picked":"hermit:GhostlyPresence","floor":4.0},{"not_picked":["hermit:LowProfile","hermit:Vantage"],"picked":"hermit:Adapt","floor":7.0},{"not_picked":["hermit:Spite","hermit:Virtue"],"picked":"hermit:Enervate","floor":8.0},{"not_picked":["hermit:SprayPray","hermit:ItchyTrigger","hermit:Coalescence"],"picked":"SKIP","floor":13.0},{"not_picked":["hermit:OverwhelmingPower","hermit:Reprieve"],"picked":"hermit:Roughhouse","floor":16.0},{"not_picked":["hermit:Desperado","hermit:Vantage","hermit:Quickdraw"],"picked":"SKIP","floor":18.0},{"not_picked":["hermit:HoleUp","hermit:Manifest","hermit:Coalescence+1"],"picked":"SKIP","floor":23.0},{"not_picked":["hermit:Roulette","hermit:LowProfile+1"],"picked":"hermit:Misfire+1","floor":25.0},{"not_picked":["hermit:Dive+1","hermit:Determination+1"],"picked":"hermit:Deadeye","floor":27.0},{"not_picked":["hermit:Grudge+1","hermit:FinalCanter"],"picked":"hermit:Determination+1","floor":30.0},{"not_picked":["hermit:Feint","hermit:Quickdraw","hermit:BigShot"],"picked":"SKIP","floor":31.0},{"not_picked":["hermit:BlackWind","hermit:EternalForm"],"picked":"hermit:Roughhouse","floor":33.0},{"not_picked":["hermit:SprayPray","hermit:WideOpen","hermit:Desperado"],"picked":"SKIP","floor":35.0},{"not_picked":["hermit:HoleUp","hermit:Dive","hermit:Glare+1"],"picked":"SKIP","floor":41.0}],"player_experience":359061,"relics_obtained":[{"floor":7.0,"key":"Happy Flower"},{"floor":9.0,"key":"Juzu Bracelet"},{"floor":23.0,"key":"Smiling Mask"},{"floor":26.0,"key":"Sundial"},{"floor":27.0,"key":"Tiny Chest"},{"floor":30.0,"key":"Orichalcum"},{"floor":34.0,"key":"Blood Vial"},{"floor":34.0,"key":"HornCleat"},{"floor":34.0,"key":"CaptainsWheel"},{"floor":38.0,"key":"Akabeko"}],"event_choices":[{"damage_healed":0.0,"max_hp_gain":0.0,"max_hp_loss":0.0,"gold_gain":78.0,"event_name":"Golden Wing","player_choice":"Gained Gold","floor":3.0,"gold_loss":0.0,"damage_taken":0.0},{"damage_healed":0.0,"max_hp_gain":0.0,"max_hp_loss":0.0,"gold_gain":0.0,"event_name":"World of Goop","player_choice":"Left Gold","floor":5.0,"gold_loss":30.0,"damage_taken":0.0},{"damage_healed":0.0,"max_hp_gain":0.0,"max_hp_loss":0.0,"gold_gain":0.0,"event_name":"The Woman in Blue","player_choice":"Bought 0 Potions","floor":10.0,"gold_loss":0.0,"damage_taken":0.0},{"damage_healed":0.0,"max_hp_gain":0.0,"max_hp_loss":0.0,"gold_gain":0.0,"event_name":"Vampires","player_choice":"Ignored","floor":20.0,"gold_loss":0.0,"damage_taken":0.0},{"damage_healed":0.0,"max_hp_gain":0.0,"max_hp_loss":0.0,"gold_gain":0.0,"event_name":"Back to Basics","player_choice":"Simplicity","floor":21.0,"gold_loss":0.0,"damage_taken":0.0,"cards_upgraded":["hermit:Strike_Hermit","hermit:Strike_Hermit","hermit:Strike_Hermit","hermit:Strike_Hermit","hermit:Defend_Hermit","hermit:Defend_Hermit","hermit:Defend_Hermit","hermit:Defend_Hermit"]},{"damage_healed":0.0,"max_hp_gain":0.0,"max_hp_loss":0.0,"gold_gain":0.0,"event_name":"NoteForYourself","player_choice":"Ignored","floor":28.0,"gold_loss":0.0,"damage_taken":0.0},{"damage_healed":0.0,"max_hp_gain":0.0,"max_hp_loss":0.0,"gold_gain":0.0,"event_name":"Accursed Blacksmith","player_choice":"Forge","floor":36.0,"gold_loss":0.0,"damage_taken":0.0,"cards_upgraded":["hermit:Roughhouse"]},{"cards_removed":["hermit:Strike_Hermit"],"damage_healed":0.0,"max_hp_gain":0.0,"max_hp_loss":0.0,"gold_gain":0.0,"event_name":"Falling","player_choice":"Removed Attack","floor":37.0,"gold_loss":0.0,"damage_taken":0.0},{"damage_healed":0.0,"max_hp_gain":0.0,"max_hp_loss":0.0,"gold_gain":999.0,"event_name":"MindBloom","player_choice":"Gold","floor":39.0,"gold_loss":0.0,"damage_taken":0.0,"cards_obtained":["Normality","Normality"]}],"is_beta":false,"boss_relics":[{"not_picked":["Coffee Dripper","Snecko Eye","Fusion Hammer"]},{"not_picked":["SlaversCollar","Pandora\u0027s Box"],"picked":"Calling Bell"}],"items_purged_floors":[],"is_endless":false,"potions_floor_spawned":[1,7,8,16,23,30,31,33,35,41],"killed_by":"Giant Head","ascension_level":0}}