{"host":"8qpl9oe08dw5eaib","time":1613273605,"event":{"mods":["Act Like it!","BaseMod","Colored Map","Downfall","Minty Spire (QoL Compilation)","StSLib"],"gold_per_floor":[99,117,117,133,43,343,343,343,357,370,388,488,515,14,31,134,134,134,151,151,36,36,55,79,97,97,97,97],"floor_reached":26,"language":"ENG","playtime":1904,"items_purged":["champ:Strike","champ:Strike"],"score":233,"play_id":"e76f9b9b-41d4-41be-a0e1-67520adaf217","local_time":"20210213223325","is_ascension_mode":false,"campfire_choices":[{"data":"champ:Taunt","floor":1,"key":"SMITH"},{"data":"expansioncontent:DashGenerateEvil","floor":18,"key":"SMITH"}],"circlet_count":0,"master_deck":["champ:Strike","champ:Strike","champ:Defend","champ:Defend","champ:Defend","champ:Defend","champ:Execute","champ:Taunt+1","champ:FlashCut","champ:TornadoPunch","champ:GutPunch","downfall:Icky","downfall:Icky","champ:DefensiveShout","champ:Backstep","champ:PreciseThrust","champ:RisingSlash","champ:BerserkersShout","champ:PreemptiveStrike","expansioncontent:DashGenerateEvil+1","champ:Haymaker","champ:GladiatorForm","champ:IronFortress+1","champ:FancyFootwork","champ:VampiricStrike","champ:Parry","champ:BringItOn","champ:SetATrap+1"],"relics":["champ:ChampionCrown","Bottled Flame","Champion Belt","Eternal Feather","Lee\u0027s Waffle","Black Star","downfall:RedIOU"],"acts_visited":["Exordium","TheCity"],"potions_floor_usage":[13,19,23,25,25,25,26,26],"damage_taken":[{"damage":17,"enemies":"Jaw Worm","floor":2,"turns":5},{"damage":1,"enemies":"Small Slimes","floor":4,"turns":3},{"damage":10,"enemies":"downfall:FleeingMerchant","floor":5,"turns":4},{"damage":5,"enemies":"Cultist","floor":9,"turns":4},{"damage":9,"enemies":"Blue Slaver","floor":10,"turns":4},{"damage":0,"enemies":"Lots of Slimes","floor":11,"turns":3},{"damage":29,"enemies":"Lots of Slimes","floor":12,"turns":5},{"damage":26,"enemies":"Lagavulin","floor":13,"turns":5},{"damage":5,"enemies":"downfall:FleeingMerchant","floor":14,"turns":4},{"damage":0,"enemies":"Exordium Wildlife","floor":15,"turns":2},{"damage":70,"enemies":"SI_SHIV_ARCHETYPE","floor":16,"turns":13},{"damage":45,"enemies":"Spheric Guardian","floor":19,"turns":6},{"damage":10,"enemies":"downfall:FleeingMerchant","floor":21,"turns":4},{"damage":64,"enemies":"3 Byrds","floor":23,"turns":6},{"damage":23,"enemies":"Cultist and Chosen","floor":25,"turns":7},{"damage":38,"enemies":"Snecko","floor":26,"turns":5}],"seed_played":"4401998225677933061","potions_obtained":[{"floor":9,"key":"champ:CounterPotion"},{"floor":11,"key":"CultistPotion"},{"floor":12,"key":"EntropicBrew"},{"floor":16,"key":"FearPotion"},{"floor":19,"key":"Weak Potion"}],"is_trial":false,"path_per_floor":["R","M","?","M","$","?","T","?","M","M","M","?","E","$","M","B",null,"R","M","?","$","?","M","T","M","M"],"character_chosen":"THE_CHAMP","items_purchased":["Lee\u0027s Waffle","expansioncontent:DashGenerateEvil","champ:DefensiveTrainingManual"],"campfire_rested":0,"item_purchase_floors":[14,14,14],"current_hp_per_floor":[99,97,102,101,101,101,101,101,101,97,97,83,62,111,111,81,111,111,76,76,76,76,42,42,24,0,0,0],"gold":97,"neow_bonus":"TEN_PERCENT_HP_BONUS","is_daily":false,"chose_seed":false,"campfire_upgraded":2,"win_rate":0.0,"timestamp":1613273605,"path_taken":["R","M","?","M","$","?","T","?","M","M","?","?","E","$","M","BOSS","R","M","?","$","?","M","T","M","?"],"items_purchased_type":["Relic","Card","Relic"],"build_version":"2020-12-22","purchased_purges":2,"victory":false,"max_hp_per_floor":[99,99,104,104,104,104,104,104,104,104,104,104,104,111,111,111,111,111,111,111,111,111,111,111,111,111,111,111],"card_choices":[{"not_picked":["champ:TornadoPunch","champ:Encircle"],"picked":"champ:FlashCut","floor":2},{"not_picked":["champ:GladiatorStyle","champ:Circumvent"],"picked":"champ:TornadoPunch","floor":4},{"not_picked":["champ:AdrenalArmor","champ:FaceSlap"],"picked":"champ:GutPunch","floor":5},{"not_picked":["champ:PerfectedStrike","champ:Shatter"],"picked":"champ:DefensiveShout","floor":9},{"not_picked":["champ:BladeFlurry","champ:TripleStrike"],"picked":"champ:Backstep","floor":10},{"not_picked":["champ:DeathBlow","champ:Parry"],"picked":"champ:PreciseThrust","floor":11},{"not_picked":["champ:CalledShot","champ:EnragedBash"],"picked":"champ:RisingSlash","floor":12},{"not_picked":["champ:HeartStrike","champ:Endure"],"picked":"champ:BerserkersShout","floor":13},{"not_picked":["champ:GutPunch","champ:FancyFootwork"],"picked":"champ:PreemptiveStrike","floor":14},{"not_picked":["champ:RecklessLeap","champ:PerfectedStrike"],"picked":"champ:Haymaker","floor":15},{"not_picked":["champ:CheapShot","champ:VampiricStrike"],"picked":"champ:GladiatorForm","floor":16},{"not_picked":["champ:Duel+1","champ:BerserkersShout"],"picked":"champ:IronFortress+1","floor":19},{"not_picked":["champ:RapidStrikes","champ:Backstep"],"picked":"champ:FancyFootwork","floor":21},{"not_picked":["champ:RecklessLeap+1","champ:Backstep"],"picked":"champ:BringItOn","floor":23},{"not_picked":["champ:TornadoPunch","champ:BringItOn"],"picked":"champ:SetATrap+1","floor":25}],"player_experience":208708,"relics_obtained":[{"floor":7,"key":"Bottled Flame"},{"floor":12,"key":"Champion Belt"},{"floor":13,"key":"Eternal Feather"}],"event_choices":[{"damage_healed":0,"gold_gain":0,"player_choice":"Donut","damage_taken":0,"max_hp_gain":5,"max_hp_loss":0,"event_name":"Big Fish","floor":3,"gold_loss":0}],"is_beta":false,"boss_relics":[{"not_picked":["Coffee Dripper","Tiny House"],"picked":"Black Star"}],"items_purged_floors":[5,21],"is_endless":false,"potions_floor_spawned":[9,11,12,16,19],"killed_by":"Snecko","ascension_level":0}}