{"host":"n3vqtvx9hbigdfc4","time":1613275404,"event":{"mods":["AchievementEnabler","BaseMod","Better Third Choice","Block Reminder","Colored Map","Colored Powertips","Downfall","Minty Spire (QoL Compilation)","Permanent Neow","Rare Cards Sparkle","Relic Stats","Replay The Spire","Shop Mod","StSLib"],"gold_per_floor":[114,126,143,143,143,143,171,190,190,190,190,229,267,303,303,317,317],"floor_reached":16,"language":"ENG","playtime":1292,"items_purged":[],"score":187,"play_id":"afacbb56-753f-427b-85e6-0a87dd968ae2","local_time":"20210213220324","is_ascension_mode":true,"campfire_choices":[{"data":"Well Laid Plans","floor":6.0,"key":"SMITH"},{"data":"Doppelganger","floor":11.0,"key":"SMITH"},{"floor":15,"key":"REST"}],"circlet_count":0,"master_deck":["AscendersBane","Strike_G","Strike_G","Strike_G","Defend_G","Defend_G","Defend_G","Defend_G","Survivor","Neutralize","All Out Attack","Well Laid Plans+1","Quick Slash","Sneak Up","Flechettes","Doppelganger+1","Accuracy","Hidden Blade","Dagger Throw","Sucker Punch"],"relics":["Ring of the Snake","Centennial Puzzle","Replay:Bandana"],"acts_visited":["Exordium"],"potions_floor_usage":[13,13,16],"damage_taken":[{"damage":0.0,"enemies":"2 Louse","floor":1.0,"turns":2.0},{"damage":7.0,"enemies":"Jaw Worm","floor":2.0,"turns":6.0},{"damage":0.0,"enemies":"Cultist","floor":3.0,"turns":4.0},{"damage":12.0,"enemies":"Gremlin Nob","floor":7.0,"turns":4.0},{"damage":3.0,"enemies":"Looter","floor":8.0,"turns":5.0},{"damage":11,"enemies":"Exordium Thugs","floor":12,"turns":4},{"damage":2,"enemies":"Gremlin Gang","floor":13,"turns":5},{"damage":1,"enemies":"Looter","floor":14,"turns":3},{"damage":49,"enemies":"Slime Boss","floor":16,"turns":12}],"seed_played":"-5500194700148071539","potions_obtained":[{"floor":3.0,"key":"CunningPotion"},{"floor":7.0,"key":"Adrenaline Potion"},{"floor":12,"key":"LifebloodPotion"},{"floor":14,"key":"LiquidBronze"}],"is_trial":false,"path_per_floor":["M","M","M","?","?","R","E","M","T","?","R","M","M","M","R","B"],"character_chosen":"THE_SILENT","items_purchased":[],"campfire_rested":1,"item_purchase_floors":[],"current_hp_per_floor":[59,52,52,52,52,52,40,37,37,37,37,26,24,23,42,0,0],"gold":317,"neow_bonus":"THREE_CARDS","is_daily":false,"chose_seed":false,"campfire_upgraded":2,"win_rate":0.0,"timestamp":1613275404,"path_taken":["M","M","M","?","?","R","E","M","T","?","R","M","?","M","R","BOSS"],"items_purchased_type":[],"build_version":"2020-12-22","purchased_purges":0,"victory":false,"max_hp_per_floor":[66,66,66,66,66,66,66,66,66,66,66,66,66,66,66,66,66],"relic_stats":{"Centennial Puzzle":[15],"counters":[9,45],"obtain_stats":[{"Centennial Puzzle":7,"Replay:Bandana":9,"Ring of the Snake":0},{"Centennial Puzzle":4,"Replay:Bandana":5,"Ring of the Snake":0},{"Centennial Puzzle":16,"Replay:Bandana":21,"Ring of the Snake":0}],"Ring of the Snake":[18]},"card_choices":[{"not_picked":["Dash","Endless Agony"],"picked":"All Out Attack","floor":0.0},{"not_picked":["Sucker Punch","Toxin Wave"],"picked":"Well Laid Plans","floor":1.0},{"not_picked":["Catalyst","Masterful Stab"],"picked":"Quick Slash","floor":2.0},{"not_picked":["ReplayTheSpireMod:Speed Training","Dagger Spray"],"picked":"Sneak Up","floor":3.0},{"not_picked":["PiercingWail","Bane"],"picked":"Doppelganger","floor":7.0},{"not_picked":["Dagger Spray","Cloak And Dagger"],"picked":"Accuracy","floor":8.0},{"not_picked":["Sucker Punch","Crippling Poison"],"picked":"Hidden Blade","floor":12},{"not_picked":["Eviscerate","Prepared"],"picked":"Dagger Throw","floor":13},{"not_picked":["Deadly Poison","Dagger Throw"],"picked":"Sucker Punch","floor":14}],"player_experience":527300,"relics_obtained":[{"floor":7.0,"key":"Centennial Puzzle"},{"floor":9.0,"key":"Replay:Bandana"}],"event_choices":[{"damage_healed":0.0,"max_hp_gain":0.0,"max_hp_loss":0.0,"gold_gain":0.0,"cards_transformed":["Strike_G"],"event_name":"Living Wall","player_choice":"Change","floor":5.0,"gold_loss":0.0,"damage_taken":0.0,"cards_obtained":["Flechettes"]},{"cards_removed":["Strike_G"],"damage_healed":0.0,"max_hp_gain":0.0,"max_hp_loss":0.0,"gold_gain":0.0,"event_name":"Purifier","player_choice":"Purged","floor":10.0,"gold_loss":0.0,"damage_taken":0.0}],"is_beta":false,"boss_relics":[],"items_purged_floors":[],"is_endless":false,"potions_floor_spawned":[3,7,12,14],"killed_by":"Slime Boss","ascension_level":16}}