{"host":"h2g8ky7y1n1j4svm","time":1613320620,"event":{"mods":["AchievementEnabler","BaseMod","Bestiary","Block Reminder","Colored Map","Highlight Path","Minty Spire (QoL Compilation)","Quick Restart","Relic Stats","SuperFastMode"],"gold_per_floor":[111,129,28,44,44,44,72,88,88,88,103,116,116,116,116,218,218,238,257,45,58,58,58,76,76,99,119,130,55,55,55,55,155,155,168,3,18,68,82,82,82,82,105,105,120,120,120,220,220,220],"floor_reached":51,"language":"ENG","playtime":18011,"items_purged":["Strike_R","Strike_R","Strike_R"],"score":622,"play_id":"b4eb7d49-6530-465a-b1d4-1363c90eaef9","local_time":"20210214173700","is_ascension_mode":false,"campfire_choices":[{"data":"Body Slam","floor":6.0,"key":"SMITH"},{"data":"Iron Wave","floor":10.0,"key":"SMITH"},{"data":"Iron Wave","floor":13.0,"key":"SMITH"},{"data":"Flame Barrier","floor":15.0,"key":"SMITH"},{"data":"Armaments","floor":23.0,"key":"SMITH"},{"data":"Iron Wave","floor":25.0,"key":"SMITH"},{"data":"Iron Wave","floor":32.0,"key":"SMITH"},{"data":"Demon Form","floor":40.0,"key":"SMITH"},{"data":"Juggernaut","floor":41.0,"key":"SMITH"},{"data":"Metallicize","floor":42.0,"key":"SMITH"},{"data":"Inflame","floor":46.0,"key":"SMITH"},{"data":"Metallicize","floor":49.0,"key":"SMITH"}],"circlet_count":0,"master_deck":["Defend_R","Defend_R","Defend_R","Defend_R","Bash","Body Slam+1","Shrug It Off","Iron Wave+1","Iron Wave+1","Flame Barrier+1","Juggernaut+1","Armaments+1","Iron Wave+1","Bloodletting","Metallicize+1","Iron Wave+1","Seeing Red","Demon Form+1","Metallicize+1","Inflame+1"],"relics":["Black Blood","WingedGreaves"],"acts_visited":["Exordium","TheCity","TheBeyond"],"potions_floor_usage":[50,50,50],"damage_taken":[{"damage":2.0,"enemies":"Small Slimes","floor":1.0,"turns":6.0},{"damage":0.0,"enemies":"Cultist","floor":2.0,"turns":4.0},{"damage":1.0,"enemies":"Jaw Worm","floor":4.0,"turns":5.0},{"damage":19.0,"enemies":"3 Sentries","floor":7.0,"turns":15.0},{"damage":4.0,"enemies":"Exordium Wildlife","floor":8.0,"turns":7.0},{"damage":0.0,"enemies":"2 Fungi Beasts","floor":11.0,"turns":3.0},{"damage":0.0,"enemies":"3 Louse","floor":12.0,"turns":4.0},{"damage":21.0,"enemies":"The Guardian","floor":16.0,"turns":15.0},{"damage":7.0,"enemies":"Chosen","floor":18.0,"turns":7.0},{"damage":3.0,"enemies":"Spheric Guardian","floor":19.0,"turns":4.0},{"damage":10.0,"enemies":"Centurion and Healer","floor":21.0,"turns":7.0},{"damage":14.0,"enemies":"Sentry and Sphere","floor":24.0,"turns":6.0},{"damage":3.0,"enemies":"Shelled Parasite and Fungi","floor":27.0,"turns":6.0},{"damage":20.0,"enemies":"Snake Plant","floor":28.0,"turns":7.0},{"damage":37.0,"enemies":"Champ","floor":33.0,"turns":16.0},{"damage":23.0,"enemies":"Orb Walker","floor":35.0,"turns":6.0},{"damage":5.0,"enemies":"3 Shapes","floor":37.0,"turns":5.0},{"damage":6.0,"enemies":"Mind Bloom Boss Battle","floor":38.0,"turns":7.0},{"damage":25.0,"enemies":"Sphere and 2 Shapes","floor":39.0,"turns":7.0},{"damage":10.0,"enemies":"4 Shapes","floor":45.0,"turns":8.0},{"damage":23,"enemies":"Time Eater","floor":50,"turns":12}],"seed_played":"753391014456345129","potions_obtained":[{"floor":1.0,"key":"DistilledChaos"},{"floor":7.0,"key":"SteroidPotion"},{"floor":12.0,"key":"SkillPotion"},{"floor":16.0,"key":"Weak Potion"},{"floor":24.0,"key":"SmokeBomb"},{"floor":28.0,"key":"DuplicationPotion"},{"floor":33.0,"key":"Ancient Potion"},{"floor":39.0,"key":"LiquidMemories"},{"floor":45.0,"key":"HeartOfIron"}],"is_trial":false,"path_per_floor":["M","M","$","M","?","R","E","M","T","R","M","M","R","?","R","B",null,"M","M","$","M","?","R","M","R","T","M","M","?","?","?","R","B",null,"M","$","M","?","M","R","R","R","T","?","M","R","?","?","R","B",null],"character_chosen":"IRONCLAD","items_purchased":["Iron Wave","Bloodletting","Metallicize","Metallicize"],"campfire_rested":0,"item_purchase_floors":[3,20,20,36],"current_hp_per_floor":[80,80,80,80,80,80,67,69,69,69,75,80,80,80,80,65,80,80,80,80,80,80,80,78,78,78,80,72,72,72,72,72,47,80,69,69,76,80,67,67,67,67,67,67,69,69,69,69,69,58],"gold":220,"neow_bonus":"REMOVE_CARD","is_daily":false,"chose_seed":false,"campfire_upgraded":12,"win_rate":0.0,"timestamp":1613320620,"path_taken":["M","M","$","M","?","R","E","M","T","R","M","?","R","?","R","BOSS","M","M","$","M","?","R","M","R","T","M","M","?","?","?","R","BOSS","M","$","M","?","M","R","R","R","T","?","M","R","?","?","R","BOSS"],"items_purchased_type":["Card","Card","Card","Card"],"build_version":"2020-12-22","purchased_purges":3,"victory":true,"max_hp_per_floor":[80,80,80,80,80,80,80,80,80,80,80,80,80,80,80,80,80,80,80,80,80,80,80,80,80,80,80,80,80,80,80,80,80,80,80,80,80,80,80,80,80,80,80,80,80,80,76,76,76,76],"relic_stats":{"counters":[21,157],"Black Blood":163,"obtain_stats":[{"Black Blood":17,"WingedGreaves":38,"Burning Blood":0},{"Black Blood":8,"WingedGreaves":18,"Burning Blood":0},{"Black Blood":59,"WingedGreaves":130,"Burning Blood":0}]},"card_choices":[{"not_picked":["Headbutt","Clash"],"picked":"Body Slam","floor":1.0},{"not_picked":["Perfected Strike","Entrench"],"picked":"Shrug It Off","floor":2.0},{"not_picked":["Feel No Pain","Juggernaut"],"picked":"Shrug It Off","floor":4.0},{"not_picked":["Clash","Heavy Blade"],"picked":"Iron Wave","floor":7.0},{"not_picked":["Flex","Wild Strike","Uppercut"],"picked":"SKIP","floor":8.0},{"not_picked":["Spot Weakness","Carnage"],"picked":"Flame Barrier","floor":12.0},{"not_picked":["Limit Break","Exhume"],"picked":"Juggernaut","floor":16.0},{"not_picked":["Cleave","Headbutt"],"picked":"Armaments","floor":18.0},{"not_picked":["Intimidate","Warcry"],"picked":"Iron Wave","floor":19.0},{"not_picked":["Fiend Fire","Bloodletting","Havoc"],"picked":"SKIP","floor":21.0},{"not_picked":["Rage","Flex"],"picked":"Iron Wave","floor":24.0},{"not_picked":["Infernal Blade","Dark Embrace+1"],"picked":"Seeing Red","floor":27.0},{"not_picked":["Pummel","Armaments+1","Uppercut"],"picked":"SKIP","floor":28.0},{"not_picked":["Berserk","Feed"],"picked":"Demon Form","floor":33.0},{"not_picked":["Wild Strike+1","True Grit+1","Infernal Blade+1"],"picked":"SKIP","floor":35.0},{"not_picked":["Twin Strike+1","Cleave","Whirlwind"],"picked":"SKIP","floor":37.0},{"not_picked":["Headbutt+1","Uppercut+1","Sword Boomerang+1"],"picked":"SKIP","floor":39.0},{"not_picked":["Havoc","Spot Weakness+1"],"picked":"Inflame","floor":45.0}],"player_experience":996748,"relics_obtained":[{"floor":38.0,"key":"WingedGreaves"}],"event_choices":[{"damage_healed":0.0,"max_hp_gain":0.0,"max_hp_loss":0.0,"gold_gain":0.0,"event_name":"NoteForYourself","player_choice":"Ignored","floor":5.0,"gold_loss":0.0,"damage_taken":0.0},{"damage_healed":0.0,"max_hp_gain":0.0,"max_hp_loss":0.0,"gold_gain":0.0,"event_name":"Liars Game","player_choice":"Ignored","floor":14.0,"gold_loss":0.0,"damage_taken":0.0},{"cards_removed":["Strike_R"],"damage_healed":0.0,"max_hp_gain":0.0,"max_hp_loss":0.0,"gold_gain":0.0,"event_name":"Beggar","player_choice":"Gave Gold","floor":29.0,"gold_loss":75.0,"damage_taken":0.0},{"damage_healed":0.0,"max_hp_gain":0.0,"max_hp_loss":0.0,"gold_gain":0.0,"event_name":"Cursed Tome","player_choice":"Ignored","floor":30.0,"gold_loss":0.0,"damage_taken":0.0},{"damage_healed":0.0,"max_hp_gain":0.0,"max_hp_loss":0.0,"gold_gain":0.0,"event_name":"Match and Keep!","player_choice":"0 cards matched","floor":31.0,"gold_loss":0.0,"damage_taken":0.0,"cards_obtained":[]},{"damage_healed":0.0,"max_hp_gain":0.0,"max_hp_loss":0.0,"gold_gain":0.0,"event_name":"MindBloom","player_choice":"Fight","floor":38.0,"gold_loss":0.0,"damage_taken":0.0},{"cards_removed":["Shrug It Off"],"damage_healed":0.0,"max_hp_gain":0.0,"max_hp_loss":0.0,"gold_gain":0.0,"event_name":"Falling","player_choice":"Removed Skill","floor":44.0,"gold_loss":0.0,"damage_taken":0.0},{"damage_healed":0.0,"max_hp_gain":0.0,"max_hp_loss":4.0,"gold_gain":0.0,"event_name":"Winding Halls","player_choice":"Max HP","floor":47.0,"gold_loss":0.0,"damage_taken":0.0},{"damage_healed":0.0,"max_hp_gain":0.0,"max_hp_loss":0.0,"gold_gain":100.0,"event_name":"Golden Shrine","player_choice":"Pray","floor":48.0,"gold_loss":0.0,"damage_taken":0.0}],"is_beta":false,"boss_relics":[{"not_picked":["Runic Pyramid","Mark of Pain"],"picked":"Black Blood"},{"not_picked":["Astrolabe","Cursed Key","Busted Crown"]}],"items_purged_floors":[3,20,36],"is_endless":false,"potions_floor_spawned":[1,7,12,16,24,28,33,39,45],"ascension_level":0}}