{"host":"bp3tm7tvk8nf4kb2","time":1613279771,"event":{"mods":["2.2 Compatiblity","AchievementEnabler","BaseMod","Bestiary","Better Match","Better Third Choice","BetterRewards","Colored Map","Colored Powertips","Curses Come First","DeckTracker","Downfall","Duelist Mod","Friendly Minions","Googly Eyes","Halation","Highlight Path","Marisa????????","Minty Spire (QoL Compilation)","Morshu Shopkeeper - ENHANCED","Permanent Neow","Quick Restart","Rare Cards Sparkle","Reorder Act Four","Replay The Spire","Shop Mod","Spicy Shops","StSLib","The Animator","TheBandit","Waifu the Spire","Wide Potions","everything is the same but u backflip on backflip"],"gold_per_floor":[111,184,211,298,330,342,369,381,393,405,448,470,482,504,516,630,642,669,681,693,3,3,3,3,3],"floor_reached":24,"language":"ENG","playtime":1066,"items_purged":[],"score":319,"play_id":"f4bba1c7-bf2a-49f6-9634-f81ac2fc7562","local_time":"20210213211611","is_ascension_mode":false,"campfire_choices":[{"floor":6,"key":"REST"},{"floor":8,"key":"REST"},{"floor":10,"key":"REST"},{"floor":13,"key":"REST"},{"floor":15,"key":"REST"},{"floor":23,"key":"REST"}],"circlet_count":0,"master_deck":["Defend_B","Defend_B","Defend_B","Defend_B","Zap","Dualcast","Defragment","BasicCrystalCard","Panic Button","Reboot","Compile Driver","Conserve Battery","Ball Lightning","Compile Driver","Echo Form","Conserve Battery","Bite","Bite","Bite","Bite","Bite","Defragment","ReplayTheSpireMod:Calculation Training","Creative AI","ReplayTheSpireMod:Calculation Training"],"relics":["Cracked Core","Prayer Wheel","MawBank","Question Card","halation:QuantumPhysicsTextbook","Sozu","Ancient Tea Set","Regal Pillow","Bottled Tornado","Orrery"],"acts_visited":["Exordium","TheCity"],"potions_floor_usage":[16,16],"damage_taken":[{"damage":8,"enemies":"Jaw Worm","floor":1,"turns":4},{"damage":11,"enemies":"Small Slimes","floor":3,"turns":3},{"damage":9,"enemies":"2 Louse","floor":5,"turns":2},{"damage":34,"enemies":"Large Slime","floor":7,"turns":5},{"damage":45,"enemies":"Gremlin Nob","floor":11,"turns":5},{"damage":3,"enemies":"Looter","floor":12,"turns":2},{"damage":10,"enemies":"Blue Slaver","floor":14,"turns":3},{"damage":39,"enemies":"Hexaghost","floor":16,"turns":7},{"damage":39,"enemies":"2 Thieves","floor":18,"turns":5},{"damage":72,"enemies":"Gremlin Leader","floor":24,"turns":5}],"seed_played":"8789391873673835272","potions_obtained":[{"floor":2,"key":"Milkshake"},{"floor":2,"key":"bronze:BurnAndBuffPotion"},{"floor":12,"key":"Fire Potion"}],"is_trial":false,"path_per_floor":["M","?","M","?","M","R","M","R","T","R","E","M","R","M","R","B",null,"M","$","?","$","?","R","E"],"character_chosen":"DEFECT","items_purchased":["Ancient Tea Set","Regal Pillow","Defragment","Bottled Tornado","Orrery"],"campfire_rested":6,"item_purchase_floors":[21,21,21,21,21],"current_hp_per_floor":[59,59,48,37,28,50,16,38,38,60,15,12,34,24,46,7,75,36,36,36,36,28,57,0,0],"gold":3,"neow_bonus":"","is_daily":false,"chose_seed":false,"campfire_upgraded":0,"win_rate":0.0,"timestamp":1613279771,"path_taken":["M","?","M","?","M","R","M","R","T","R","E","M","R","M","R","BOSS","M","$","?","$","?","R","E"],"items_purchased_type":["Relic","Relic","Card","Relic","Relic"],"build_version":"2020-12-22","purchased_purges":0,"victory":false,"max_hp_per_floor":[75,75,75,75,75,75,75,75,75,75,75,75,75,75,75,75,75,75,75,52,52,57,57,57,57],"card_choices":[{"not_picked":["Genetic Algorithm","Heatsinks"],"picked":"Defragment","floor":1},{"not_picked":["ReplaySort","Sweeping Beam","Gash"],"picked":"SKIP","floor":1},{"not_picked":["BootSequence","Glacier"],"picked":"BasicCrystalCard","floor":3},{"not_picked":["Stack","Fusion","Streamline"],"picked":"SKIP","floor":3},{"not_picked":["Loop","Steam Power"],"picked":"Panic Button","floor":5},{"not_picked":["BasicCrystalCard","Go for the Eyes"],"picked":"Reboot","floor":5},{"not_picked":["Chill","Streamline"],"picked":"Compile Driver","floor":7},{"not_picked":["Steam","Time Bomb"],"picked":"Conserve Battery","floor":7},{"not_picked":["Steam","Beam Cell","ReplayTheSpireMod:Repulse","Chaos"],"picked":"SKIP","floor":11},{"not_picked":["Reboot","Redo","Gash"],"picked":"Ball Lightning","floor":12},{"not_picked":["Reprogram","Go for the Eyes","Darkness","Panic Button"],"picked":"SKIP","floor":12},{"not_picked":["Barrage","Sweeping Beam","FTL"],"picked":"Compile Driver","floor":14},{"not_picked":["Barrage","Blizzard","Lockon","FTL"],"picked":"SKIP","floor":14},{"not_picked":["ReplayRNGCard","Mirror Shield","Rainbow"],"picked":"Echo Form","floor":16},{"not_picked":["ReplaySort+1","Redo","Chaos"],"picked":"Conserve Battery","floor":18},{"not_picked":["Coolheaded","Steam","Go for the Eyes","Panic Button+1"],"picked":"SKIP","floor":18},{"not_picked":["Steam Power","Go for the Eyes","Rip and Tear"],"picked":"ReplayTheSpireMod:Calculation Training","floor":21},{"not_picked":["Compile Driver+1","Rebound+1","Coolheaded"],"picked":"Creative AI","floor":21},{"not_picked":["Stack","Cold Snap","Compile Driver+1"],"picked":"ReplayTheSpireMod:Calculation Training","floor":21}],"player_experience":48101,"relics_obtained":[{"floor":2,"key":"MawBank"},{"floor":9,"key":"Question Card"},{"floor":11,"key":"halation:QuantumPhysicsTextbook"}],"event_choices":[{"damage_healed":0,"gold_gain":75,"player_choice":"Gold","damage_taken":11,"max_hp_gain":0,"max_hp_loss":0,"event_name":"betterThird:BetterGoop","floor":4,"gold_loss":0},{"damage_healed":0,"gold_gain":0,"player_choice":"Became a vampire","damage_taken":0,"max_hp_gain":0,"max_hp_loss":23,"event_name":"Vampires","floor":20,"gold_loss":0,"cards_obtained":["Bite","Bite","Bite","Bite","Bite"]},{"damage_healed":0,"gold_gain":0,"player_choice":"Shed Blood","damage_taken":13,"max_hp_gain":5,"max_hp_loss":0,"event_name":"Forgotten Altar","floor":22,"gold_loss":0}],"is_beta":false,"boss_relics":[{"not_picked":["halation:Yufonium","Coffee Dripper"],"picked":"Sozu"}],"items_purged_floors":[],"is_endless":false,"potions_floor_spawned":[3,11,12,18],"killed_by":"Gremlin Leader","ascension_level":0}}