{"host":"czen9m7c7ttmirt2","time":1613289862,"event":{"mods":["AchievementEnabler","Aspiration","BaseMod","Better Third Choice","Colored Map","Colored Powertips","Conspire","Hubris","Minty Spire (QoL Compilation)","Replay The Spire","StSLib"],"gold_per_floor":[115,127,139,158,175,175,203,203,203,203,203,218,235,161,161,161,161],"floor_reached":16,"language":"ENG","playtime":532,"items_purged":[],"score":125,"play_id":"414ff763-0833-41db-b93b-8e7e182c44b2","local_time":"20210214020422","is_ascension_mode":true,"campfire_choices":[{"floor":6,"key":"RECALL"},{"floor":8,"key":"REST"},{"data":"Defragment","floor":11,"key":"SMITH"},{"floor":15,"key":"REST"}],"circlet_count":0,"master_deck":["Strike_B","Strike_B","Strike_B","Strike_B","Defend_B","Defend_B","Defend_B","Defend_B","Zap","Dualcast","ReplaySolidLightProjector","Skim","Conserve Battery","Sweeping Beam","Consume","Defragment+1","Compile Driver","Leap+1","hubris:PowerSurge"],"relics":["Cracked Core","Omamori","Ornamental Fan","Toxic Egg 2"],"acts_visited":["Exordium"],"potions_floor_usage":[16],"damage_taken":[{"damage":0,"enemies":"Cultist","floor":1,"turns":4},{"damage":3,"enemies":"Jaw Worm","floor":2,"turns":5},{"damage":0,"enemies":"2 Louse","floor":3,"turns":3},{"damage":8,"enemies":"Looter","floor":4,"turns":4},{"damage":0,"enemies":"2 Fungi Beasts","floor":5,"turns":3},{"damage":40,"enemies":"3 Sentries","floor":7,"turns":7},{"damage":1,"enemies":"conspire:2 RoseBushes","floor":12,"turns":4},{"damage":23,"enemies":"Exordium Thugs","floor":13,"turns":5},{"damage":84,"enemies":"Fading Forest","floor":16,"turns":8}],"seed_played":"8855682891997685182","potions_obtained":[{"floor":5,"key":"FairyPotion"},{"floor":13,"key":"Strength Potion"}],"is_trial":false,"path_per_floor":["M","M","M","M","M","R","E","R","T","T","R","M","M","$","R","B"],"character_chosen":"DEFECT","items_purchased":["hubris:PowerSurge"],"campfire_rested":2,"item_purchase_floors":[14],"current_hp_per_floor":[75,72,72,64,64,64,24,46,46,46,46,45,22,22,44,0,0],"gold":161,"neow_bonus":"RANDOM_COMMON_RELIC","is_daily":false,"chose_seed":false,"campfire_upgraded":1,"win_rate":0.0,"timestamp":1613289862,"path_taken":["M","M","M","?","?","R","E","R","T","?","R","M","M","?","R","BOSS"],"items_purchased_type":["Card"],"build_version":"2020-12-22","purchased_purges":0,"victory":false,"max_hp_per_floor":[75,75,75,75,75,75,75,75,75,75,75,75,75,75,75,75,75],"card_choices":[{"not_picked":["Stack","Hologram"],"picked":"ReplaySolidLightProjector","floor":1},{"not_picked":["Gash","Hologram"],"picked":"Skim","floor":2},{"not_picked":["Doom and Gloom","ReplaySolidLightProjector"],"picked":"Conserve Battery","floor":3},{"not_picked":["Sunder","Darkness"],"picked":"Sweeping Beam","floor":4},{"not_picked":["Go for the Eyes","Aggregate"],"picked":"Consume","floor":5},{"not_picked":["Go for the Eyes","Ball Lightning"],"picked":"Defragment","floor":7},{"not_picked":["Beam Cell","Streamline"],"picked":"Compile Driver","floor":12},{"not_picked":["Ball Lightning","conspire:SharedLibrary"],"picked":"Leap+1","floor":13}],"player_experience":220025,"relics_obtained":[{"floor":7,"key":"Ornamental Fan"},{"floor":9,"key":"Toxic Egg 2"}],"event_choices":[],"is_beta":false,"boss_relics":[],"items_purged_floors":[],"is_endless":false,"potions_floor_spawned":[5,13],"killed_by":"Fading Forest","ascension_level":4}}