{"host":"c42c28n64hdcaetz","time":1613277408,"event":{"mods":["BaseMod","Curses Come First","Dio Mod","Jedi Mod","Minty Spire (QoL Compilation)","StSLib","The Edgeheg","Uncapped"],"gold_per_floor":[116,116,47,62,62,62,78,104,156,156,168,183,258,258,258,356,356,375,375,199,199,210,210,210,235,235,235,118,146,146,180,180,276,276,289,289,289],"floor_reached":36,"language":"ENG","playtime":3036,"items_purged":[],"score":591,"play_id":"0a659da8-9095-4ead-9569-4195e76531c8","local_time":"20210213203648","daily_mods":["Cursed Run","Elite Swarm"],"is_ascension_mode":false,"campfire_choices":[{"data":"Consume","floor":6,"key":"SMITH"},{"data":"Echo Form","floor":10,"key":"SMITH"},{"data":"jedi:blockon","floor":15,"key":"SMITH"},{"data":"Coolheaded","floor":23,"key":"SMITH"},{"data":"Amplify","floor":27,"key":"SMITH"},{"floor":30,"key":"REST"},{"floor":32,"key":"REST"}],"circlet_count":0,"master_deck":["Strike_B","Strike_B","Strike_B","Strike_B+1","Defend_B","Defend_B","Defend_B","Defend_B","Zap","Dualcast+1","jedi:blockon+1","Consume+1","Chill","Multi-Cast","Echo Form+1","Writhe","Steam","Redo","Regret","Shame","Biased Cognition","Rip and Tear+1","Coolheaded+1","Ball Lightning","Turbo+1","Writhe","Amplify+1","Pain","Tempest","Storm","Creative AI","All For One","jedi:frostbite","Echo Form","Redo+1"],"relics":["Cursed Key","Darkstone Periapt","Du-Vu Doll","jedi:crownofsimplicity","Akabeko","Strawberry","jedi:paperlyon","Lantern","InkBottle","Whetstone","Unceasing Top","jedi:arcanewood","Tiny Chest","Inserter"],"acts_visited":["Exordium","TheCity","TheBeyond"],"potions_floor_usage":[12,13,16],"damage_taken":[{"damage":0,"enemies":"2 Louse","floor":1,"turns":2},{"damage":10,"enemies":"Jaw Worm","floor":4,"turns":4},{"damage":0,"enemies":"Cultist","floor":7,"turns":3},{"damage":19,"enemies":"Lagavulin","floor":8,"turns":8},{"damage":10,"enemies":"Blue Slaver","floor":11,"turns":3},{"damage":0,"enemies":"3 Louse","floor":12,"turns":4},{"damage":11,"enemies":"Slime Boss","floor":16,"turns":8},{"damage":6,"enemies":"3 Byrds","floor":18,"turns":5},{"damage":2,"enemies":"2 Thieves","floor":22,"turns":3},{"damage":17,"enemies":"Book of Stabbing","floor":25,"turns":4},{"damage":49,"enemies":"Slavers","floor":29,"turns":4},{"damage":26,"enemies":"Gremlin Leader","floor":31,"turns":5},{"damage":65,"enemies":"Automaton","floor":33,"turns":9},{"damage":35,"enemies":"Orb Walker","floor":35,"turns":4}],"seed_played":"6585030567248175288","potions_obtained":[{"floor":1,"key":"SteroidPotion"},{"floor":7,"key":"jedi:mysterypotion"},{"floor":12,"key":"Fruit Juice"},{"floor":22,"key":"Dexterity Potion"},{"floor":35,"key":"Strength Potion"}],"is_trial":true,"path_per_floor":["M","?","$","M","?","R","M","E","T","R","M","M","?","T","R","B",null,"M","?","$","?","M","R","?","E","T","R","$","E","R","E","R","B",null,"M","?"],"character_chosen":"DEFECT","items_purchased":["Consume","Coolheaded","Lantern","Tempest","Storm"],"campfire_rested":2,"item_purchase_floors":[3,20,20,28,28],"current_hp_per_floor":[75,75,75,65,75,75,75,56,62,62,52,57,46,59,59,54,105,99,99,99,99,97,97,103,86,92,92,92,43,78,52,87,28,123,88,0,0],"gold":289,"neow_bonus":"","is_daily":false,"chose_seed":false,"campfire_upgraded":5,"win_rate":0.0,"timestamp":1613277408,"path_taken":["M","?","$","M","?","R","M","E","T","R","?","M","?","?","R","BOSS","M","?","$","?","?","R","?","E","T","R","$","E","R","E","R","BOSS","M","?"],"items_purchased_type":["Card","Card","Relic","Card","Card"],"build_version":"2020-12-22","purchased_purges":0,"victory":false,"max_hp_per_floor":[75,75,75,75,75,75,75,75,81,81,81,86,86,99,99,105,105,105,105,105,105,105,105,111,111,117,117,117,117,117,117,117,123,123,123,123,123],"card_choices":[{"not_picked":["Defragment","Turbo"],"picked":"jedi:blockon","floor":1},{"not_picked":["FTL","Turbo"],"picked":"Chill","floor":4},{"not_picked":["Sweeping Beam","Stack"],"picked":"Multi-Cast","floor":7},{"not_picked":["jedi:meditation","Creative AI"],"picked":"Echo Form","floor":8},{"not_picked":["jedi:blockon","Rebound"],"picked":"Steam","floor":11},{"not_picked":["Tempest","jedi:BurstLightning"],"picked":"Redo","floor":12},{"not_picked":["Hyperbeam","jedi:meditation"],"picked":"Biased Cognition","floor":16},{"not_picked":["jedi:sharpshooter","Hello World"],"picked":"Rip and Tear","floor":18},{"not_picked":["jedi:BurstFrost","Hologram+1"],"picked":"Turbo+1","floor":22},{"not_picked":["Biased Cognition","Buffer"],"picked":"Amplify","floor":25},{"not_picked":["jedi:studyfrost","Meteor Strike"],"picked":"Creative AI","floor":29},{"not_picked":["Buffer","jedi:readyaimfire"],"picked":"All For One","floor":31},{"not_picked":["jedi:studyfrost","jedi:meditation"],"picked":"Echo Form","floor":33},{"not_picked":["Leap","BootSequence+1"],"picked":"Redo+1","floor":35}],"player_experience":40851,"relics_obtained":[{"floor":8,"key":"jedi:crownofsimplicity"},{"floor":9,"key":"Akabeko"},{"floor":14,"key":"Strawberry"},{"floor":25,"key":"Whetstone"},{"floor":26,"key":"Unceasing Top"},{"floor":29,"key":"jedi:arcanewood"},{"floor":31,"key":"Tiny Chest"}],"event_choices":[{"damage_healed":0,"gold_gain":0,"player_choice":"Grow","damage_taken":0,"max_hp_gain":0,"max_hp_loss":0,"event_name":"Living Wall","floor":2,"gold_loss":0,"cards_upgraded":["Dualcast"]},{"damage_healed":10,"gold_gain":0,"player_choice":"Full Heal","damage_taken":0,"max_hp_gain":0,"max_hp_loss":0,"event_name":"Wheel of Change","floor":5,"gold_loss":0},{"damage_healed":0,"gold_gain":75,"player_choice":"Gather Gold","damage_taken":11,"max_hp_gain":0,"max_hp_loss":0,"event_name":"World of Goop","floor":13,"gold_loss":0},{"damage_healed":0,"gold_gain":0,"player_choice":"Ignored","damage_taken":0,"max_hp_gain":0,"max_hp_loss":0,"event_name":"Vampires","floor":19,"gold_loss":0},{"damage_healed":0,"gold_gain":0,"player_choice":"Read","damage_taken":0,"max_hp_gain":0,"max_hp_loss":0,"event_name":"The Library","floor":21,"gold_loss":0,"cards_obtained":["Ball Lightning"]},{"damage_healed":0,"gold_gain":0,"player_choice":"Opened","damage_taken":0,"relics_obtained":["InkBottle"],"max_hp_gain":0,"max_hp_loss":0,"event_name":"The Mausoleum","floor":24,"gold_loss":0,"cards_obtained":["Writhe"]}],"is_beta":false,"boss_relics":[{"not_picked":["Fusion Hammer","Runic Pyramid"],"picked":"jedi:paperlyon"},{"not_picked":["Snecko Eye","Philosopher\u0027s Stone"],"picked":"Inserter"}],"items_purged_floors":[],"is_endless":false,"potions_floor_spawned":[1,7,12,22,35],"ascension_level":0}}