{"host":"soyfmymeou4emntr","time":1613278105,"event":{"mods":["BaseMod","Minty Spire (QoL Compilation)","Permanent Neow","Relic Sorter","Relic Stats","StSLib"],"gold_per_floor":[117,133,151,165,165,165,198,198,244,268,285,315,363,388,388,465,465,465,465,213,213,213,213,213,213,213,213,213,213,213,213,213,213,213,213,213,213,213,213,213,213],"floor_reached":40,"language":"ENG","playtime":2684,"items_purged":[],"score":925,"play_id":"f835b59c-f54a-43d2-a13d-407056e49b1d","local_time":"20210213214825","is_ascension_mode":true,"campfire_choices":[{"data":"Perfected Strike","floor":6.0,"key":"SMITH"},{"data":"Perfected Strike","floor":8.0,"key":"SMITH"},{"data":"Juggernaut","floor":15.0,"key":"SMITH"},{"floor":28.0,"key":"REST"},{"data":"Sword Boomerang","floor":32.0,"key":"SMITH"}],"circlet_count":0,"master_deck":["AscendersBane","Strike_R","Strike_R","Strike_R","Strike_R","Defend_R","Defend_R","Defend_R","Defend_R","Bash+1","Iron Wave","Perfected Strike+1","Wild Strike","Twin Strike","Seeing Red","Perfected Strike+1","Inflame","Juggernaut+1","Spot Weakness","Fire Breathing","Immolate","Feel No Pain","Armaments+1","Double Tap","Dual Wield","Sword Boomerang+1","Perfected Strike","Impervious","Spot Weakness","Corruption","CurseOfTheBell","Hemokinesis+1","Feel No Pain","True Grit","Flame Barrier+1","Feel No Pain"],"relics":["Burning Blood","Eternal Feather","PreservedInsect","Odd Mushroom","Anchor","Oddly Smooth Stone","Shovel","Ectoplasm","OrangePellets","MutagenicStrength","Bronze Scales","Dream Catcher","Pear","MealTicket","Calling Bell","Orichalcum","Sundial","Champion Belt"],"acts_visited":["Exordium","TheCity","TheBeyond"],"potions_floor_usage":[39,39,39,40],"damage_taken":[{"damage":7.0,"enemies":"Jaw Worm","floor":1.0,"turns":3.0},{"damage":4.0,"enemies":"2 Louse","floor":2.0,"turns":3.0},{"damage":8.0,"enemies":"Small Slimes","floor":3.0,"turns":3.0},{"damage":3.0,"enemies":"3 Louse","floor":4.0,"turns":4.0},{"damage":25.0,"enemies":"3 Sentries","floor":7.0,"turns":8.0},{"damage":4.0,"enemies":"The Mushroom Lair","floor":10.0,"turns":3.0},{"damage":7.0,"enemies":"Looter","floor":11.0,"turns":3.0},{"damage":8.0,"enemies":"Gremlin Nob","floor":12.0,"turns":3.0},{"damage":8.0,"enemies":"3 Sentries","floor":14.0,"turns":4.0},{"damage":32.0,"enemies":"The Guardian","floor":16.0,"turns":8.0},{"damage":0.0,"enemies":"3 Byrds","floor":18.0,"turns":3.0},{"damage":26.0,"enemies":"Shell Parasite","floor":19.0,"turns":5.0},{"damage":33.0,"enemies":"Shelled Parasite and Fungi","floor":21.0,"turns":5.0},{"damage":16.0,"enemies":"Slavers","floor":23.0,"turns":3.0},{"damage":11.0,"enemies":"Sentry and Sphere","floor":27.0,"turns":3.0},{"damage":13.0,"enemies":"Gremlin Leader","floor":29.0,"turns":5.0},{"damage":0.0,"enemies":"Centurion and Healer","floor":31.0,"turns":4.0},{"damage":59.0,"enemies":"Champ","floor":33.0,"turns":11.0},{"damage":1.0,"enemies":"Orb Walker","floor":35.0,"turns":3.0},{"damage":3.0,"enemies":"3 Shapes","floor":36.0,"turns":8.0},{"damage":16.0,"enemies":"Sphere and 2 Shapes","floor":37.0,"turns":4.0},{"damage":19.0,"enemies":"Writhing Mass","floor":38.0,"turns":5.0},{"damage":51,"enemies":"Maw","floor":39,"turns":6},{"damage":11,"enemies":"Nemesis","floor":40,"turns":2}],"seed_played":"8020256107803693034","potions_obtained":[{"floor":3.0,"key":"Strength Potion"},{"floor":7.0,"key":"SneckoOil"},{"floor":11.0,"key":"SpeedPotion"},{"floor":12.0,"key":"FearPotion"},{"floor":16.0,"key":"LiquidMemories"},{"floor":19.0,"key":"PowerPotion"},{"floor":23.0,"key":"Ancient Potion"},{"floor":33.0,"key":"EntropicBrew"}],"is_trial":false,"path_per_floor":["M","M","M","M","?","R","E","R","T","?","M","E","T","E","R","B",null,"M","M","$","M","?","E","?","?","T","M","R","E","T","M","R","B",null,"M","M","M","M","M","E"],"character_chosen":"IRONCLAD","items_purchased":["OrangePellets","Double Tap"],"campfire_rested":1,"item_purchase_floors":[20,20],"current_hp_per_floor":[67,69,67,70,70,70,51,60,60,62,61,59,59,57,69,43,67,73,53,53,26,26,16,16,16,16,11,48,51,51,57,72,19,69,74,77,67,54,9,0,0],"gold":213,"neow_bonus":"UPGRADE_CARD","is_daily":false,"chose_seed":false,"campfire_upgraded":4,"win_rate":0.0,"timestamp":1613278105,"path_taken":["M","M","M","M","?","R","E","R","T","?","M","E","?","E","R","BOSS","M","M","$","M","?","E","?","?","T","M","R","E","?","M","R","BOSS","M","?","M","?","M","E"],"items_purchased_type":["Relic","Card"],"build_version":"2020-12-22","purchased_purges":0,"victory":false,"max_hp_per_floor":[75,75,75,75,75,75,75,75,75,75,75,75,75,75,75,75,75,75,75,75,75,75,75,75,75,75,75,75,85,85,85,85,85,85,85,85,85,85,85,85,85],"relic_stats":{"counters":[24,109],"Eternal Feather":51,"PreservedInsect":194,"Orichalcum":[24],"Burning Blood":138,"OrangePellets":[8],"Dream Catcher":1,"Shovel":0,"Sundial":[0],"Bronze Scales":[97],"MealTicket":0,"Ectoplasm":354,"Champion Belt":[2],"obtain_stats":[{"Pear":29,"Oddly Smooth Stone":13,"Eternal Feather":7,"PreservedInsect":9,"Odd Mushroom":10,"Orichalcum":34,"Burning Blood":0,"Calling Bell":34,"OrangePellets":20,"Anchor":12,"Dream Catcher":26,"Shovel":14,"Sundial":34,"MutagenicStrength":22,"Bronze Scales":23,"MealTicket":30,"Ectoplasm":17,"Champion Belt":34},{"Pear":16,"Oddly Smooth Stone":8,"Eternal Feather":5,"PreservedInsect":5,"Odd Mushroom":6,"Orichalcum":18,"Burning Blood":0,"Calling Bell":18,"OrangePellets":12,"Anchor":8,"Dream Catcher":14,"Shovel":9,"Sundial":18,"MutagenicStrength":13,"Bronze Scales":14,"MealTicket":16,"Ectoplasm":10,"Champion Belt":18},{"Pear":66,"Oddly Smooth Stone":30,"Eternal Feather":21,"PreservedInsect":21,"Odd Mushroom":24,"Orichalcum":81,"Burning Blood":0,"Calling Bell":81,"OrangePellets":50,"Anchor":30,"Dream Catcher":58,"Shovel":34,"Sundial":81,"MutagenicStrength":55,"Bronze Scales":58,"MealTicket":66,"Ectoplasm":42,"Champion Belt":81}]},"card_choices":[{"not_picked":["Second Wind","Anger"],"picked":"Iron Wave","floor":1.0},{"not_picked":["Wild Strike","Power Through"],"picked":"Perfected Strike","floor":2.0},{"not_picked":["Headbutt","Warcry"],"picked":"Wild Strike","floor":3.0},{"not_picked":["Heavy Blade","Body Slam"],"picked":"Twin Strike","floor":4.0},{"not_picked":["Anger","Wild Strike"],"picked":"Perfected Strike","floor":7.0},{"not_picked":["Power Through","Iron Wave"],"picked":"Inflame","floor":10.0},{"not_picked":["Anger","Sentinel"],"picked":"Juggernaut","floor":11.0},{"not_picked":["Anger","Iron Wave"],"picked":"Spot Weakness","floor":12.0},{"not_picked":["Shrug It Off","Cleave"],"picked":"Fire Breathing","floor":14.0},{"not_picked":["Juggernaut","Brutality"],"picked":"Immolate","floor":16.0},{"not_picked":["Hemokinesis+1","Thunderclap"],"picked":"Feel No Pain","floor":18.0},{"not_picked":["Warcry+1","Power Through"],"picked":"Armaments+1","floor":19.0},{"not_picked":["Bloodletting","Body Slam","Searing Blow"],"picked":"SKIP","floor":21.0},{"not_picked":["Wild Strike","Headbutt+1"],"picked":"Dual Wield","floor":23.0},{"not_picked":["Armaments","Clash"],"picked":"Sword Boomerang","floor":27.0},{"not_picked":["Thunderclap","Cleave+1"],"picked":"Perfected Strike","floor":28.0},{"not_picked":["True Grit","Burning Pact"],"picked":"Impervious","floor":29.0},{"not_picked":["Anger","Sentinel+1"],"picked":"Spot Weakness","floor":31.0},{"not_picked":["Exhume","Bludgeon"],"picked":"Corruption","floor":33.0},{"not_picked":["Rupture","Flex"],"picked":"Hemokinesis+1","floor":35.0},{"not_picked":["Clothesline","Warcry+1"],"picked":"Feel No Pain","floor":36.0},{"not_picked":["Twin Strike","Clash"],"picked":"True Grit","floor":37.0},{"not_picked":["Anger+1","Heavy Blade+1"],"picked":"Flame Barrier+1","floor":38.0},{"not_picked":["Headbutt","Body Slam"],"picked":"Feel No Pain","floor":39}],"player_experience":3294641,"relics_obtained":[{"floor":7.0,"key":"Eternal Feather"},{"floor":9.0,"key":"PreservedInsect"},{"floor":10.0,"key":"Odd Mushroom"},{"floor":12.0,"key":"Anchor"},{"floor":13.0,"key":"Oddly Smooth Stone"},{"floor":14.0,"key":"Shovel"},{"floor":23.0,"key":"Bronze Scales"},{"floor":26.0,"key":"Dream Catcher"},{"floor":29.0,"key":"Pear"},{"floor":30.0,"key":"MealTicket"},{"floor":34.0,"key":"Orichalcum"},{"floor":34.0,"key":"Sundial"},{"floor":34.0,"key":"Champion Belt"}],"event_choices":[{"damage_healed":0.0,"max_hp_gain":0.0,"max_hp_loss":0.0,"gold_gain":0.0,"cards_transformed":["Strike_R"],"event_name":"Living Wall","player_choice":"Change","floor":5.0,"gold_loss":0.0,"damage_taken":0.0,"cards_obtained":["Seeing Red"]},{"damage_healed":0.0,"max_hp_gain":0.0,"max_hp_loss":0.0,"gold_gain":0.0,"event_name":"Mushrooms","player_choice":"Fought Mushrooms","floor":10.0,"gold_loss":0.0,"damage_taken":0.0},{"damage_healed":0.0,"max_hp_gain":0.0,"max_hp_loss":0.0,"gold_gain":0.0,"event_name":"Drug Dealer","player_choice":"Inject Mutagens","floor":22.0,"gold_loss":0.0,"damage_taken":0.0,"relics_obtained":["MutagenicStrength"]},{"damage_healed":0.0,"max_hp_gain":0.0,"max_hp_loss":0.0,"gold_gain":0.0,"event_name":"Ghosts","player_choice":"Ignored","floor":24.0,"gold_loss":0.0,"damage_taken":0.0},{"damage_healed":0.0,"max_hp_gain":0.0,"max_hp_loss":0.0,"gold_gain":0.0,"event_name":"The Mausoleum","player_choice":"Ignored","floor":25.0,"gold_loss":0.0,"damage_taken":0.0}],"is_beta":false,"boss_relics":[{"not_picked":["Black Star","SacredBark"],"picked":"Ectoplasm"},{"not_picked":["Tiny House","Fusion Hammer"],"picked":"Calling Bell"}],"items_purged_floors":[],"is_endless":false,"potions_floor_spawned":[3,7,11,12,16,19,23,33,36,37],"killed_by":"Nemesis","ascension_level":20}}