{"host":"blhqr6uo32maonpv","time":1613331775,"event":{"mods":["BaseMod","Downfall","Minty Spire (QoL Compilation)","StSLib","The Bug Knight","The Marked"],"gold_per_floor":[115,75,75,94,110,110,141,141,141,141,141,181,181,214,214,333,333,352,352,368,467,537,572,588,619,619,143,168,168,168,186,186,310,310,333,353,353,372,705,705,705,302,302,322,356,368,393,411,411,411],"floor_reached":51,"language":"ENG","playtime":2263,"items_purged":[],"score":938,"play_id":"7c806556-008b-4744-8303-90770f718558","local_time":"20210214154255","is_ascension_mode":false,"campfire_choices":[{"data":"Blade Dance","floor":6,"key":"SMITH"},{"data":"Adrenaline","floor":8,"key":"SMITH"},{"floor":11,"key":"REST"},{"data":"Masterful Stab","floor":15,"key":"SMITH"},{"floor":30,"key":"REST"},{"floor":32,"key":"REST"},{"data":"Distraction","floor":40,"key":"SMITH"},{"floor":49,"key":"REST"}],"circlet_count":0,"master_deck":["Strike_G","Strike_G","Strike_G","Defend_G","Defend_G","Defend_G","Defend_G+1","Defend_G","Survivor","Neutralize","Blade Dance+1","Masterful Stab+1","Finisher+1","Adrenaline+1","Caltrops+1","Backflip","Sucker Punch","Envenom+1","Heel Hook","Blade Dance","PiercingWail","Caltrops+1","Dodge and Roll","Infinite Blades+1","Burst","Prepared+1","Night Terror","Dash","Distraction+1","Venomology","Skewer+1","Blade Dance","Bandage Up","Deep Breath","Doppelganger","Noxious Fumes+1","Deflect","Noxious Fumes+1","Dodge and Roll"],"relics":["Ring of the Snake","Frozen Egg 2","Bottled Flame","Nunchaku","Pantograph","Black Star","Shuriken","Happy Flower","Bag of Marbles","Peace Pipe","Snake Skull","WingedGreaves","Kunai","SlaversCollar","Oddly Smooth Stone","HornCleat","Vajra","Ninja Scroll","Sundial","White Beast Statue","Ornamental Fan"],"acts_visited":["Exordium","TheCity","TheBeyond"],"potions_floor_usage":[14,15,23,25,35,36,36,45,47,48,50,50,50],"damage_taken":[{"damage":5,"enemies":"Cultist","floor":1,"turns":5},{"damage":0,"enemies":"Small Slimes","floor":4,"turns":3},{"damage":0,"enemies":"2 Louse","floor":5,"turns":1},{"damage":0,"enemies":"HollowMod:MossKnight","floor":7,"turns":2},{"damage":9,"enemies":"3 Sentries","floor":12,"turns":4},{"damage":0,"enemies":"Lagavulin","floor":14,"turns":3},{"damage":4,"enemies":"Slime Boss","floor":16,"turns":5},{"damage":20,"enemies":"Spheric Guardian","floor":18,"turns":4},{"damage":5,"enemies":"2 Thieves","floor":20,"turns":2},{"damage":0,"enemies":"Gremlin Leader","floor":23,"turns":3},{"damage":8,"enemies":"Snake Plant","floor":24,"turns":3},{"damage":13,"enemies":"Slavers","floor":25,"turns":5},{"damage":0,"enemies":"Centurion and Healer","floor":28,"turns":1},{"damage":8,"enemies":"Sentry and Sphere","floor":31,"turns":4},{"damage":37,"enemies":"Automaton","floor":33,"turns":8},{"damage":10,"enemies":"Orb Walker","floor":35,"turns":2},{"damage":0,"enemies":"3 Darklings","floor":36,"turns":3},{"damage":0,"enemies":"Spire Growth","floor":38,"turns":2},{"damage":0,"enemies":"Sphere and 2 Shapes","floor":44,"turns":3},{"damage":0,"enemies":"Giant Head","floor":45,"turns":1},{"damage":0,"enemies":"Maw","floor":46,"turns":4},{"damage":18,"enemies":"HollowMod:StalkingDevout","floor":47,"turns":5},{"damage":0,"enemies":"Transient","floor":48,"turns":5},{"damage":35,"enemies":"Awakened One","floor":50,"turns":8}],"seed_played":"4038744500482662139","potions_obtained":[{"floor":5,"key":"PowerPotion"},{"floor":7,"key":"FearPotion"},{"floor":14,"key":"Fruit Juice"},{"floor":16,"key":"hexamod:SoulburnPotion"},{"floor":20,"key":"FearPotion"},{"floor":28,"key":"Guardian:BlockOnCardUsePotion"},{"floor":31,"key":"CunningPotion"},{"floor":47,"key":"bronze:BurnAndBuffPotion"},{"floor":48,"key":"ColorlessPotion"}],"is_trial":false,"path_per_floor":["M","$","?","M","M","R","E","R","T","?","R","E","?","E","R","B",null,"M","?","M","?","T","E","M","E","T","$","M","?","R","M","R","B",null,"M","M","?","M","?","R","?","$","T","M","E","M","E","M","R","B",null],"character_chosen":"THE_SILENT","items_purchased":["Masterful Stab","Infinite Blades+1","Kunai","Burst","Oddly Smooth Stone","HornCleat"],"campfire_rested":4,"item_purchase_floors":[2,27,27,27,42,42],"current_hp_per_floor":[72,72,72,72,72,72,72,72,72,53,76,67,52,52,57,78,82,62,62,57,57,57,57,49,36,36,36,36,36,60,52,76,45,82,72,72,67,71,71,71,71,71,71,71,71,75,61,65,82,51],"gold":411,"neow_bonus":"TEN_PERCENT_HP_BONUS","is_daily":false,"chose_seed":false,"campfire_upgraded":4,"win_rate":0.0,"timestamp":1613331775,"path_taken":["M","?","?","M","M","R","E","R","T","?","R","E","?","E","R","BOSS","M","?","M","?","?","E","M","E","T","$","?","?","R","M","R","BOSS","M","M","?","M","?","R","?","$","T","M","E","?","E","M","R","BOSS"],"items_purchased_type":["Card","Card","Relic","Card","Relic","Relic"],"build_version":"2020-12-22","purchased_purges":0,"victory":true,"max_hp_per_floor":[77,77,77,77,77,77,77,77,77,77,77,77,77,77,82,82,82,82,82,82,82,82,82,82,82,82,82,82,82,82,82,82,82,82,82,82,82,82,82,82,82,82,82,82,82,82,82,82,82,82],"card_choices":[{"not_picked":["Poisoned Stab","Dagger Throw"],"picked":"Blade Dance","floor":1},{"not_picked":["Skewer","Prepared"],"picked":"Finisher","floor":4},{"not_picked":["Slice","Flechettes"],"picked":"Adrenaline","floor":5},{"not_picked":["Backflip","Masterful Stab"],"picked":"Caltrops+1","floor":7},{"not_picked":["Backstab","Night Terror"],"picked":"Backflip","floor":12},{"not_picked":["Outmaneuver","Quick Slash"],"picked":"Sucker Punch","floor":14},{"not_picked":["Malaise","Bullet Time"],"picked":"Envenom+1","floor":16},{"not_picked":["Poisoned Stab","Sucker Punch"],"picked":"Heel Hook","floor":18},{"not_picked":["Sucker Punch+1","Riddle With Holes"],"picked":"Blade Dance","floor":20},{"not_picked":["Caltrops+1","Dash+1"],"picked":"PiercingWail","floor":23},{"not_picked":["Choke","Riddle With Holes"],"picked":"Caltrops+1","floor":24},{"not_picked":["PiercingWail","Eviscerate+1"],"picked":"Dodge and Roll","floor":25},{"not_picked":["Deflect","Expertise"],"picked":"Prepared+1","floor":28},{"not_picked":["Masterful Stab","Prepared+1"],"picked":"Distraction","floor":31},{"not_picked":["A Thousand Cuts+1","Doppelganger"],"picked":"Venomology","floor":33},{"not_picked":["Backflip+1","Sucker Punch"],"picked":"Skewer+1","floor":35},{"not_picked":["Flying Knee+1","Footwork+1"],"picked":"Blade Dance","floor":36},{"not_picked":["Swift Strike","Enlightenment"],"picked":"Bandage Up","floor":37},{"not_picked":["PanicButton","Forethought"],"picked":"Deep Breath","floor":37},{"not_picked":["PiercingWail","Dagger Throw+1"],"picked":"Doppelganger","floor":38},{"not_picked":["Quick Slash","Underhanded Strike+1","Tactician+1"],"picked":"SKIP","floor":44},{"not_picked":["Deadly Poison","Backflip"],"picked":"Noxious Fumes+1","floor":45},{"not_picked":["All Out Attack","Doppelganger"],"picked":"Deflect","floor":46},{"not_picked":["Caltrops+1","Flying Knee+1"],"picked":"Noxious Fumes+1","floor":47},{"not_picked":["Deadly Poison+1","Riddle With Holes+1"],"picked":"Dodge and Roll","floor":48}],"player_experience":8309,"relics_obtained":[{"floor":7,"key":"Frozen Egg 2"},{"floor":9,"key":"Bottled Flame"},{"floor":12,"key":"Nunchaku"},{"floor":14,"key":"Pantograph"},{"floor":22,"key":"Shuriken"},{"floor":23,"key":"Happy Flower"},{"floor":23,"key":"Bag of Marbles"},{"floor":25,"key":"Peace Pipe"},{"floor":25,"key":"Snake Skull"},{"floor":26,"key":"WingedGreaves"},{"floor":43,"key":"Vajra"},{"floor":45,"key":"Ninja Scroll"},{"floor":45,"key":"Sundial"},{"floor":47,"key":"White Beast Statue"},{"floor":47,"key":"Ornamental Fan"}],"event_choices":[{"damage_healed":0,"gold_gain":0,"player_choice":"Leave","damage_taken":0,"max_hp_gain":0,"max_hp_loss":0,"event_name":"The Cleric","floor":3,"gold_loss":0},{"damage_healed":0,"gold_gain":0,"player_choice":"Take Damage","damage_taken":19,"relics_obtained":["Golden Idol"],"max_hp_gain":0,"max_hp_loss":0,"event_name":"Golden Idol","floor":10,"gold_loss":0},{"damage_healed":0,"gold_gain":0,"player_choice":"Entered Light","damage_taken":15,"max_hp_gain":0,"max_hp_loss":0,"event_name":"Shining Light","floor":13,"gold_loss":0,"cards_upgraded":["Defend_G","Finisher"]},{"damage_healed":0,"gold_gain":0,"player_choice":"Ignored","damage_taken":0,"max_hp_gain":0,"max_hp_loss":0,"event_name":"Beggar","floor":19,"gold_loss":0},{"damage_healed":0,"gold_gain":99,"player_choice":"Stole From Cult","damage_taken":0,"max_hp_gain":0,"max_hp_loss":0,"event_name":"Nest","floor":21,"gold_loss":0},{"damage_healed":0,"gold_gain":0,"cards_transformed":["Strike_G","Strike_G"],"player_choice":"Became Test Subject","damage_taken":0,"max_hp_gain":0,"max_hp_loss":0,"event_name":"Drug Dealer","floor":29,"gold_loss":0,"cards_obtained":["Night Terror","Dash"]},{"damage_healed":0,"gold_gain":0,"player_choice":"Memory 2","damage_taken":5,"max_hp_gain":0,"max_hp_loss":0,"event_name":"SensoryStone","floor":37,"gold_loss":0},{"damage_healed":0,"gold_gain":333,"player_choice":"Gave Idol","damage_taken":0,"max_hp_gain":0,"max_hp_loss":0,"event_name":"The Moai Head","floor":39,"relics_lost":["Golden Idol"],"gold_loss":0},{"damage_healed":0,"gold_gain":0,"player_choice":"Ignored","damage_taken":0,"max_hp_gain":0,"max_hp_loss":0,"event_name":"NoteForYourself","floor":41,"gold_loss":0}],"is_beta":false,"boss_relics":[{"not_picked":["bronze:MakeshiftBattery","Snecko Eye"],"picked":"Black Star"},{"not_picked":["Empty Cage","HoveringKite"],"picked":"SlaversCollar"}],"items_purged_floors":[],"is_endless":false,"potions_floor_spawned":[5,7,14,16,20,28,31,35,47,48],"ascension_level":0}}