{"host":"t5vp0whyqzs05fb6","time":1613287032,"event":{"mods":["AchievementEnabler","BaseMod","Colored Map","Minty Spire (QoL Compilation)","Rare Cards Sparkle","SuperFastMode","everything is the same but u backflip on backflip"],"gold_per_floor":[113,113,113,3,26,60,60,75,124,140,140,215,215,115,115,115,115],"floor_reached":16,"language":"KOR","playtime":214,"items_purged":["Strike_G","Strike_G"],"score":123,"play_id":"afb94476-15c7-4636-a9d8-b6bad50b5006","local_time":"20210214161712","is_ascension_mode":false,"campfire_choices":[{"data":"Bouncing Flask","floor":13,"key":"SMITH"},{"data":"Backflip","floor":15,"key":"SMITH"}],"circlet_count":0,"master_deck":["Strike_G","Defend_G","Defend_G","Defend_G","Defend_G","Defend_G","Survivor","Neutralize","Backflip+1","Tactician","PiercingWail","Bouncing Flask+1","Cloak And Dagger","Cloak And Dagger"],"relics":["Ring of the Snake","NeowsBlessing","Golden Idol","Omamori","Bag of Marbles"],"acts_visited":["Exordium"],"potions_floor_usage":[10],"damage_taken":[{"damage":0,"enemies":"Small Slimes","floor":1,"turns":1},{"damage":0,"enemies":"Jaw Worm","floor":5,"turns":1},{"damage":0,"enemies":"Lagavulin","floor":6,"turns":1},{"damage":6,"enemies":"2 Louse","floor":8,"turns":3},{"damage":8,"enemies":"Exordium Thugs","floor":10,"turns":6},{"damage":27,"enemies":"Slime Boss","floor":16,"turns":7}],"seed_played":"-7203798562943414775","potions_obtained":[{"floor":5,"key":"Fire Potion"},{"floor":8,"key":"Ancient Potion"}],"is_trial":false,"path_per_floor":["M","?","?","$","M","E","$","M","T","M","?","?","R","$","R","B"],"character_chosen":"THE_SILENT","items_purchased":["Tactician"],"campfire_rested":0,"item_purchase_floors":[4],"current_hp_per_floor":[70,70,65,65,65,65,65,59,59,51,44,33,33,33,33,6,6],"gold":115,"neow_bonus":"THREE_ENEMY_KILL","is_daily":false,"chose_seed":false,"campfire_upgraded":2,"win_rate":0.0,"timestamp":1613287032,"path_taken":["M","?","?","$","?","E","$","M","T","M","?","?","R","?","R","BOSS"],"items_purchased_type":["Card"],"build_version":"2020-12-22","purchased_purges":2,"victory":false,"max_hp_per_floor":[70,70,65,65,65,65,65,65,65,65,65,65,65,65,65,65,65],"card_choices":[{"not_picked":["Dagger Throw","Deadly Poison"],"picked":"Backflip","floor":1},{"not_picked":["Underhanded Strike","Dagger Spray"],"picked":"PiercingWail","floor":5},{"not_picked":["Backflip","Heel Hook"],"picked":"Bouncing Flask","floor":6},{"not_picked":["Dodge and Roll","Accuracy"],"picked":"Cloak And Dagger","floor":8},{"not_picked":["Deflect","Unload"],"picked":"Cloak And Dagger","floor":10}],"player_experience":219217,"relics_obtained":[{"floor":6,"key":"Omamori"},{"floor":9,"key":"Bag of Marbles"}],"event_choices":[{"cards_removed":["Strike_G"],"damage_healed":0,"gold_gain":0,"player_choice":"Forget","damage_taken":0,"max_hp_gain":0,"max_hp_loss":0,"event_name":"Living Wall","floor":2,"gold_loss":0},{"damage_healed":0,"gold_gain":0,"player_choice":"Lose Max HP","damage_taken":0,"relics_obtained":["Golden Idol"],"max_hp_gain":0,"max_hp_loss":5,"event_name":"Golden Idol","floor":3,"gold_loss":0},{"cards_removed":["Strike_G"],"damage_healed":0,"gold_gain":0,"player_choice":"Card Removal","damage_taken":7,"max_hp_gain":0,"max_hp_loss":0,"event_name":"Golden Wing","floor":11,"gold_loss":0},{"damage_healed":0,"gold_gain":75,"player_choice":"Gather Gold","damage_taken":11,"max_hp_gain":0,"max_hp_loss":0,"event_name":"World of Goop","floor":12,"gold_loss":0}],"is_beta":false,"boss_relics":[],"items_purged_floors":[4,14],"is_endless":false,"potions_floor_spawned":[5,8],"killed_by":"Slime Boss","ascension_level":0}}