{"host":"3pgt7cyequ6zy3lm","time":1613294297,"event":{"mods":["Aspiration","BaseMod","Better Synergies","Bossed Relics","Colored Powertips","Conspire","Displayed Cursed Tome","Downfall","Energized Spire","Halation","Hubris","Infinite Spire","Minty Spire (QoL Compilation)","Quick Restart","Reliquary","Replay The Spire","Shop Mod","StSLib","SuperFastMode","The Construct","everything is the same but u backflip on backflip"],"gold_per_floor":[99,113,132,132,132,167,167,185,185,205,218,235,235,264,281,281,281,281],"floor_reached":16,"language":"RUS","playtime":837,"items_purged":[],"score":114,"play_id":"32732fb2-6dc9-4123-a3c5-1717bd66fa48","local_time":"20210214121817","is_ascension_mode":false,"campfire_choices":[{"data":"Guardian:CurlUp","floor":9,"key":"SMITH"},{"floor":13,"key":"REST"}],"circlet_count":0,"master_deck":["Guardian:Strike_Guardian","Guardian:Strike_Guardian","Guardian:Strike_Guardian","Guardian:Strike_Guardian","Guardian:Defend_Guardian","Guardian:Defend_Guardian","Guardian:Defend_Guardian","Guardian:Defend_Guardian","Guardian:CurlUp+1","Guardian:TwinSlam","Guardian:Incinerate","Guardian:MultiBeam","Guardian:Repulse","Guardian:Reroute","Guardian:Suspension","Guardian:Gem_Red","Guardian:Gem_Fragmented"],"relics":["Guardian:ModeShifter","hubris:Icosahedron","Pocketwatch","Pet Ghost","hubris:BundleOfHerbs"],"acts_visited":["Exordium"],"potions_floor_usage":[1,6,16,16],"damage_taken":[{"damage":0,"enemies":"2 Louse","floor":2,"turns":4},{"damage":1,"enemies":"Cultist","floor":3,"turns":4},{"damage":42,"enemies":"Lagavulin","floor":6,"turns":8},{"damage":10,"enemies":"Small Slimes","floor":8,"turns":2},{"damage":4,"enemies":"Blue Slaver","floor":10,"turns":4},{"damage":8,"enemies":"3 Louse","floor":11,"turns":2},{"damage":0,"enemies":"Lots of Slimes","floor":12,"turns":1},{"damage":30,"enemies":"3 Sentries","floor":14,"turns":7},{"damage":0,"enemies":"2 Fungi Beasts","floor":15,"turns":2},{"damage":33,"enemies":"IC_STATUS_ARCHETYPE","floor":16,"turns":8}],"seed_played":"-4321163743494975789","potions_obtained":[{"floor":1,"key":"Death Potion"},{"floor":1,"key":"Fruit Juice"},{"floor":3,"key":"Adrenaline Potion"},{"floor":11,"key":"Adrenaline Potion"},{"floor":15,"key":"Elixir"}],"is_trial":false,"path_per_floor":["R","M","M","?","?","E","T","M","R","M","M","M","R","E","M","B"],"character_chosen":"GUARDIAN","items_purchased":[],"campfire_rested":1,"item_purchase_floors":[],"current_hp_per_floor":[93,93,92,92,93,51,51,41,41,37,29,29,56,26,26,0,0,0],"gold":281,"neow_bonus":"TEN_PERCENT_HP_BONUS","is_daily":false,"chose_seed":false,"campfire_upgraded":1,"win_rate":0.0,"timestamp":1613294297,"path_taken":["R","M","M","?","?","E","T","M","R","?","M","M","R","E","M","BOSS"],"items_purchased_type":[],"build_version":"2020-12-22","purchased_purges":0,"victory":false,"max_hp_per_floor":[93,93,93,93,93,93,93,93,93,93,93,93,93,93,93,93,93,93],"card_choices":[{"not_picked":["Guardian:Clone","Guardian:DonusPower"],"picked":"Guardian:Gem_Red","floor":2},{"not_picked":["Guardian:EvasiveProtocol","Guardian:Planning"],"picked":"Guardian:Incinerate","floor":3},{"not_picked":["Guardian:Gem_White","Guardian:BronzeArmor"],"picked":"Guardian:MultiBeam","floor":6},{"not_picked":["Guardian:TemporalShield","Guardian:RefractedBeam","Guardian:MultiBeam"],"picked":"SKIP","floor":8},{"not_picked":["Guardian:RollAttack","Guardian:BodySlam"],"picked":"Guardian:Repulse","floor":10},{"not_picked":["Guardian:WalkerClaw","Guardian:TemporalShield"],"picked":"Guardian:Reroute","floor":11},{"not_picked":["Guardian:VentSteam","Guardian:Planning"],"picked":"Guardian:Suspension","floor":12},{"not_picked":["Guardian:TimeBomb","Guardian:Reroute"],"picked":"Guardian:Gem_Red","floor":14},{"not_picked":["Guardian:TemporalShield","Guardian:DecasProtection"],"picked":"Guardian:Gem_Fragmented","floor":15}],"player_experience":145848,"relics_obtained":[{"floor":6,"key":"Pocketwatch"},{"floor":7,"key":"Pet Ghost"},{"floor":14,"key":"hubris:BundleOfHerbs"}],"event_choices":[],"is_beta":false,"boss_relics":[],"items_purged_floors":[],"is_endless":false,"potions_floor_spawned":[3,11,15],"killed_by":"IC_STATUS_ARCHETYPE","ascension_level":0}}