{"host":"e8062yfkmywf26f0","time":1613337211,"event":{"mods":["AchievementEnabler","BaseMod","Colored Map","Minty Spire (QoL Compilation)","Quick Restart","Shop Mod","StSLib"],"gold_per_floor":[111,111,111,130,130,130,142,168,168,133,133,145,145,156,156,256,256,268,279,279,279,292,327,327,344,344,358,389,389,20,31,31,131,131,146,163,217,235,0,0,17,17,17,67,95,115,115,132,132,132,132],"floor_reached":50,"language":"ENG","playtime":4779,"items_purged":[],"score":614,"play_id":"b0e13833-616e-476c-befe-c399ab641a28","local_time":"20210214211331","is_ascension_mode":false,"campfire_choices":[{"data":"Neutralize","floor":6,"key":"SMITH"},{"data":"Poisoned Stab","floor":11,"key":"SMITH"},{"floor":15,"key":"REST"},{"data":"Skewer","floor":24,"key":"SMITH"},{"data":"Finisher","floor":29,"key":"SMITH"},{"data":"Backstab","floor":32,"key":"SMITH"},{"floor":40,"key":"REST"},{"floor":42,"key":"REST"},{"floor":49,"key":"REST"}],"circlet_count":0,"master_deck":["Defend_G+1","Defend_G+1","Defend_G+1","Defend_G+1","Defend_G+1","Survivor","Neutralize+1","Flying Knee","Crippling Poison","Blade Dance","Poisoned Stab+1","Finisher+1","Bite","Bite","Bite","Bite","Bite","Skewer+1","Backstab+1"],"relics":["Ring of the Snake","Mango","InkBottle","CaptainsWheel","White Beast Statue","Sozu","PreservedInsect","Bottled Flame","Singing Bowl","Bird Faced Urn","Busted Crown","Prayer Wheel","Red Mask","Bottled Lightning","Incense Burner","Ancient Tea Set"],"acts_visited":["Exordium","TheCity","TheBeyond"],"potions_floor_usage":[33,33,45],"damage_taken":[{"damage":0,"enemies":"Jaw Worm","floor":1,"turns":5},{"damage":0,"enemies":"2 Louse","floor":4,"turns":3},{"damage":0,"enemies":"Small Slimes","floor":7,"turns":3},{"damage":33,"enemies":"Gremlin Nob","floor":8,"turns":5},{"damage":14,"enemies":"Gremlin Gang","floor":12,"turns":3},{"damage":11,"enemies":"3 Louse","floor":14,"turns":3},{"damage":46,"enemies":"Hexaghost","floor":16,"turns":10},{"damage":0,"enemies":"Shell Parasite","floor":18,"turns":4},{"damage":0,"enemies":"Chosen","floor":19,"turns":4},{"damage":7,"enemies":"Centurion and Healer","floor":22,"turns":9},{"damage":8,"enemies":"Book of Stabbing","floor":23,"turns":8},{"damage":16,"enemies":"Snake Plant","floor":25,"turns":5},{"damage":16,"enemies":"Snecko","floor":27,"turns":6},{"damage":0,"enemies":"Gremlin Leader","floor":28,"turns":5},{"damage":2,"enemies":"Sentry and Sphere","floor":31,"turns":4},{"damage":98,"enemies":"Collector","floor":33,"turns":8},{"damage":0,"enemies":"Orb Walker","floor":35,"turns":2},{"damage":35,"enemies":"3 Shapes","floor":36,"turns":2},{"damage":64,"enemies":"2 Orb Walkers","floor":37,"turns":7},{"damage":16,"enemies":"Spire Growth","floor":38,"turns":5},{"damage":39,"enemies":"Writhing Mass","floor":41,"turns":6},{"damage":9,"enemies":"Mind Bloom Boss Battle","floor":44,"turns":7},{"damage":58,"enemies":"Nemesis","floor":45,"turns":7},{"damage":4,"enemies":"3 Darklings","floor":46,"turns":5},{"damage":14,"enemies":"Jaw Worm Horde","floor":48,"turns":4},{"damage":115,"enemies":"Donu and Deca","floor":50,"turns":10}],"seed_played":"4085956631782510792","potions_obtained":[{"floor":7,"key":"DistilledChaos"},{"floor":12,"key":"CunningPotion"},{"floor":14,"key":"Fire Potion"}],"is_trial":false,"path_per_floor":["M","?","?","M","?","R","M","E","T","?","R","M","T","M","R","B",null,"M","M","?","?","M","E","R","M","T","M","E","R","$","M","R","B",null,"M","M","?","M","?","R","M","R","T","?","E","M","$","M","R","B"],"character_chosen":"THE_SILENT","items_purchased":["Backstab","Bird Faced Urn"],"campfire_rested":4,"item_purchase_floors":[30,30],"current_hp_per_floor":[70,75,60,62,73,73,75,44,44,66,66,54,54,45,71,27,89,89,89,89,89,89,85,85,77,77,73,89,89,89,93,93,5,95,97,70,24,24,24,55,30,62,62,69,29,47,47,45,81,0,0],"gold":132,"neow_bonus":"RANDOM_COMMON_RELIC","is_daily":false,"chose_seed":false,"campfire_upgraded":5,"win_rate":0.0,"timestamp":1613337211,"path_taken":["M","?","?","M","?","R","M","E","T","?","R","M","?","M","R","BOSS","M","?","?","?","M","E","R","M","T","M","E","R","$","M","R","BOSS","M","M","?","M","?","R","M","R","T","?","E","M","$","?","R","BOSS"],"items_purchased_type":["Card","Relic"],"build_version":"2020-12-22","purchased_purges":0,"victory":false,"max_hp_per_floor":[70,75,75,75,89,89,89,89,89,89,89,89,89,89,89,89,89,89,89,89,89,89,89,89,89,89,89,91,91,91,93,93,95,95,97,99,101,105,105,105,109,109,109,111,113,117,117,121,121,121,121],"card_choices":[{"not_picked":["Acrobatics","Slice"],"picked":"Flying Knee","floor":1},{"not_picked":["Prepared","Deadly Poison"],"picked":"Crippling Poison","floor":4},{"not_picked":["Deadly Poison","Quick Slash"],"picked":"Blade Dance","floor":7},{"not_picked":["Dagger Spray","Bane"],"picked":"Poisoned Stab","floor":8},{"not_picked":["Dagger Spray","Venomology","Sucker Punch"],"picked":"SKIP","floor":12},{"not_picked":["Underhanded Strike","Backflip"],"picked":"Finisher","floor":14},{"not_picked":["PiercingWail","Finisher","Dash"],"picked":"SKIP","floor":18},{"not_picked":["PiercingWail+1","Caltrops","Slice"],"picked":"SKIP","floor":19},{"not_picked":["Dagger Spray","Expertise"],"picked":"Skewer","floor":22},{"not_picked":["Bane","Distraction+1","Tactician"],"picked":"SKIP","floor":23},{"not_picked":["Dagger Throw","Sucker Punch","Tactician"],"picked":"SKIP","floor":25},{"not_picked":["Acrobatics+1","Infinite Blades","Night Terror"],"picked":"SKIP","floor":27},{"not_picked":["All Out Attack","Dodge and Roll","Acrobatics"],"picked":"Singing Bowl","floor":28},{"not_picked":["Cloak And Dagger","Heel Hook","Footwork"],"picked":"Singing Bowl","floor":31},{"not_picked":["Die Die Die","Storm of Steel","Envenom"],"picked":"Singing Bowl","floor":33},{"not_picked":["Backflip"],"picked":"Singing Bowl","floor":35},{"not_picked":["Flying Knee+1"],"picked":"Singing Bowl","floor":36},{"not_picked":["All Out Attack"],"picked":"Singing Bowl","floor":37},{"not_picked":["Infinite Blades+1"],"picked":"Singing Bowl","floor":38},{"not_picked":["Cloak And Dagger+1"],"picked":"Singing Bowl","floor":38},{"not_picked":["Well Laid Plans"],"picked":"Singing Bowl","floor":41},{"not_picked":["Dagger Spray"],"picked":"Singing Bowl","floor":41},{"not_picked":["Quick Slash"],"picked":"Singing Bowl","floor":44},{"not_picked":["Well Laid Plans"],"picked":"Singing Bowl","floor":45},{"not_picked":["Quick Slash"],"picked":"Singing Bowl","floor":46},{"not_picked":["Dagger Spray"],"picked":"Singing Bowl","floor":46},{"not_picked":["Bane"],"picked":"Singing Bowl","floor":48},{"not_picked":["Distraction"],"picked":"Singing Bowl","floor":48}],"player_experience":85855,"relics_obtained":[{"floor":8,"key":"InkBottle"},{"floor":9,"key":"CaptainsWheel"},{"floor":13,"key":"White Beast Statue"},{"floor":23,"key":"PreservedInsect"},{"floor":26,"key":"Bottled Flame"},{"floor":28,"key":"Singing Bowl"},{"floor":37,"key":"Prayer Wheel"},{"floor":43,"key":"Bottled Lightning"},{"floor":44,"key":"Incense Burner"},{"floor":45,"key":"Ancient Tea Set"}],"event_choices":[{"damage_healed":0,"gold_gain":0,"player_choice":"Donut","damage_taken":0,"max_hp_gain":5,"max_hp_loss":0,"event_name":"Big Fish","floor":2,"gold_loss":0},{"damage_healed":0,"gold_gain":0,"player_choice":"Entered Light","damage_taken":15,"max_hp_gain":0,"max_hp_loss":0,"event_name":"Shining Light","floor":3,"gold_loss":0,"cards_upgraded":["Defend_G","Strike_G"]},{"damage_healed":0,"gold_gain":0,"player_choice":"Success","damage_taken":3,"relics_obtained":["Mango"],"max_hp_gain":0,"max_hp_loss":0,"event_name":"Scrap Ooze","floor":5,"gold_loss":0},{"damage_healed":22,"gold_gain":0,"player_choice":"Healed","damage_taken":0,"max_hp_gain":0,"max_hp_loss":0,"event_name":"The Cleric","floor":10,"gold_loss":35},{"damage_healed":0,"gold_gain":0,"player_choice":"Became a vampire (Vial)","damage_taken":0,"max_hp_gain":0,"max_hp_loss":0,"event_name":"Vampires","floor":20,"relics_lost":["Blood Vial"],"gold_loss":0,"cards_obtained":["Bite","Bite","Bite","Bite","Bite"]},{"damage_healed":0,"gold_gain":0,"player_choice":"Simplicity","damage_taken":0,"max_hp_gain":0,"max_hp_loss":0,"event_name":"Back to Basics","floor":21,"gold_loss":0,"cards_upgraded":["Defend_G","Defend_G","Defend_G","Defend_G"]},{"damage_healed":0,"gold_gain":0,"player_choice":"Fight","damage_taken":0,"max_hp_gain":0,"max_hp_loss":0,"event_name":"Mysterious Sphere","floor":37,"gold_loss":0},{"damage_healed":0,"gold_gain":0,"player_choice":"Paid","damage_taken":0,"relics_obtained":["Red Mask"],"max_hp_gain":0,"max_hp_loss":0,"event_name":"Tomb of Lord Red Mask","floor":39,"gold_loss":235},{"damage_healed":0,"gold_gain":0,"player_choice":"Fight","damage_taken":0,"max_hp_gain":0,"max_hp_loss":0,"event_name":"MindBloom","floor":44,"gold_loss":0}],"is_beta":false,"boss_relics":[{"not_picked":["HoveringKite","Tiny House"],"picked":"Sozu"},{"not_picked":["Runic Pyramid","Snecko Eye"],"picked":"Busted Crown"}],"items_purged_floors":[],"is_endless":false,"potions_floor_spawned":[7,12,14,16,18,19,22,23,25,27,28,31,33,35,36,37,38,41,44,45,46,48],"killed_by":"Donu and Deca","ascension_level":0}}