{"host":"2n2g1vowfllvjtvi","time":1613324542,"event":{"mods":["AchievementEnabler","BaseMod","Custom Start","GifTheSpireLib","Keyboard Shortcuts","Minty Spire (QoL Compilation)","Permanent Neow","Quick Restart","StSLib","SuperFastMode"],"gold_per_floor":[118,43,43,43,43,43,84,100,100,100,135,154,195,145,145,145,145],"floor_reached":16,"language":"KOR","playtime":225,"items_purged":["Strike_P"],"score":226,"play_id":"564834d3-1587-47d0-abb8-88b0666f75cb","local_time":"20210215024222","is_ascension_mode":true,"campfire_choices":[{"data":"Vigilance","floor":6.0,"key":"SMITH"},{"data":"CrushJoints","floor":10.0,"key":"SMITH"},{"data":"Prostrate","floor":15.0,"key":"SMITH"}],"circlet_count":0,"master_deck":["AscendersBane","Strike_P","Strike_P","Defend_P","Defend_P","Defend_P","Defend_P","Eruption+1","Vigilance+1","BowlingBash","CrushJoints+1","Prostrate+1"],"relics":["PureWater","NeowsBlessing","Golden Idol","Strawberry","Turnip","Matryoshka","Letter Opener"],"acts_visited":["Exordium"],"potions_floor_usage":[],"damage_taken":[{"damage":0.0,"enemies":"Jaw Worm","floor":1.0,"turns":1.0},{"damage":0.0,"enemies":"Lagavulin","floor":7.0,"turns":1.0},{"damage":0.0,"enemies":"Cultist","floor":8.0,"turns":1.0},{"damage":7.0,"enemies":"3 Sentries","floor":11.0,"turns":6.0},{"damage":0.0,"enemies":"2 Louse","floor":12.0,"turns":1.0},{"damage":16.0,"enemies":"Gremlin Nob","floor":13.0,"turns":3.0},{"damage":28,"enemies":"Slime Boss","floor":16,"turns":9}],"seed_played":"8327735751348446041","potions_obtained":[{"floor":1.0,"key":"PowerPotion"},{"floor":8.0,"key":"BlessingOfTheForge"},{"floor":11.0,"key":"GamblersBrew"}],"is_trial":false,"path_per_floor":["M","$","?","$","?","R","E","M","T","R","E","M","E","?","R","B"],"character_chosen":"WATCHER","items_purchased":[],"campfire_rested":0,"item_purchase_floors":[],"current_hp_per_floor":[65,65,47,47,47,47,54,54,54,54,47,47,31,31,31,3,3],"gold":145,"neow_bonus":"THREE_ENEMY_KILL","is_daily":false,"chose_seed":false,"campfire_upgraded":3,"win_rate":0.0,"timestamp":1613324542,"path_taken":["M","$","?","$","?","R","E","?","T","R","E","M","E","?","R","BOSS"],"items_purchased_type":[],"build_version":"2020-12-22","purchased_purges":1,"victory":false,"max_hp_per_floor":[72,72,72,72,72,72,79,79,79,79,79,79,79,79,79,79,79],"card_choices":[{"not_picked":["Sanctity","JustLucky","Crescendo"],"picked":"SKIP","floor":1.0},{"not_picked":["CarveReality","Conclude"],"picked":"BowlingBash","floor":7.0},{"not_picked":["PathToVictory","BowlingBash"],"picked":"CrushJoints","floor":8.0},{"not_picked":["Blasphemy","Weave","JustLucky"],"picked":"SKIP","floor":11.0},{"not_picked":["Evaluate","PathToVictory"],"picked":"Prostrate","floor":12.0},{"not_picked":["PathToVictory","ClearTheMind","Meditate"],"picked":"SKIP","floor":13.0}],"player_experience":234089,"relics_obtained":[{"floor":7.0,"key":"Strawberry"},{"floor":9.0,"key":"Turnip"},{"floor":11.0,"key":"Matryoshka"},{"floor":13.0,"key":"Letter Opener"}],"event_choices":[{"damage_healed":0.0,"max_hp_gain":0.0,"max_hp_loss":0.0,"gold_gain":0.0,"event_name":"Golden Idol","player_choice":"Take Damage","floor":3.0,"gold_loss":0.0,"damage_taken":18.0,"relics_obtained":["Golden Idol"]},{"damage_healed":0.0,"max_hp_gain":0.0,"max_hp_loss":0.0,"gold_gain":0.0,"event_name":"Upgrade Shrine","player_choice":"Upgraded","floor":5.0,"gold_loss":0.0,"damage_taken":0.0,"cards_upgraded":["Eruption"]},{"cards_removed":["Strike_P"],"damage_healed":0.0,"max_hp_gain":0.0,"max_hp_loss":0.0,"gold_gain":0.0,"event_name":"The Cleric","player_choice":"Card Removal","floor":14.0,"gold_loss":50.0,"damage_taken":0.0}],"is_beta":false,"boss_relics":[],"items_purged_floors":[2],"is_endless":false,"potions_floor_spawned":[1,8,11],"killed_by":"Slime Boss","ascension_level":12}}