{"host":"jwpp8hxpigr0nknu","time":1613283301,"event":{"mods":["BaseMod","BetterRewards","Colored Map","Colored Powertips","Minty Spire (QoL Compilation)","Rare Cards Sparkle","Shop Mod","StSLib"],"gold_per_floor":[115,115,115,129,174,210,210,254,254,289,324,368,401,441,441,531,531,501,501,501,501,65,65,65,65,65,65,65,65,65,65,65,65,65,65,65,65,65,65,65,65,65,65,65,65,65,65,65,65,65,65,65,65,65,65,65,65,65,65,65,65,65,65],"floor_reached":62,"language":"ENG","playtime":4219,"items_purged":["Writhe"],"score":2496,"play_id":"75f01044-6df8-411b-aadf-09941e269423","local_time":"20210214001501","daily_mods":["Draft","Red Cards","Heirloom","Flight","DeadlyEvents","Elite Swarm"],"is_ascension_mode":true,"campfire_choices":[{"data":"Seeing Red","floor":7.0,"key":"SMITH"},{"data":"Berserk","floor":15.0,"key":"SMITH"},{"data":"Limit Break","floor":30.0,"key":"SMITH"},{"data":"Demon Form","floor":32.0,"key":"SMITH"},{"data":"1","floor":45.0,"key":"LIFT"},{"data":"2","floor":46.0,"key":"LIFT"},{"data":"3","floor":49.0,"key":"LIFT"},{"data":"Exhume","floor":61,"key":"SMITH"}],"circlet_count":0,"master_deck":["AscendersBane","Thunderclap+1","Rage","Thunderclap","Rage+1","Seeing Red+1","Power Through","Ghostly Armor","Flex","Battle Trance","Ghostly Armor","Sword Boomerang+1","Whirlwind","Bloodletting+1","Sword Boomerang","Flex","Reaper+1","Berserk+1","Exhume+1","Feed+1","Demon Form+1","Offering","Offering","Exhume","Flame Barrier","Pummel+1","Pummel+1","Second Wind","Limit Break+1","Impervious","Exhume","Offering","Corruption+1","Clothesline+1","Fire Breathing+1","Clash+1","Havoc+1","Demon Form+1","Reaper+1","Double Tap","Offering","Uppercut+1","Dark Embrace+1","Limit Break","Exhume","Reaper+1"],"relics":["Burning Blood","Prayer Wheel","Golden Idol","Art of War","Molten Egg 2","Eternal Feather","Question Card","Blue Candle","Bottled Lightning","Ancient Tea Set","Centennial Puzzle","Matryoshka","Ectoplasm","Gambling Chip","Frozen Egg 2","MealTicket","Unceasing Top","Mummified Hand","Blood Vial","War Paint","Potion Belt","Singing Bowl","Regal Pillow","Darkstone Periapt","Astrolabe","Torii","Sundial","Nunchaku","Whetstone","Pantograph","Orichalcum","Girya","Happy Flower","White Beast Statue","Coffee Dripper"],"acts_visited":["Exordium","TheCity","TheBeyond","Exordium"],"potions_floor_usage":[],"damage_taken":[{"damage":3.0,"enemies":"2 Louse","floor":1.0,"turns":2.0},{"damage":3.0,"enemies":"Small Slimes","floor":4.0,"turns":2.0},{"damage":13.0,"enemies":"Gremlin Nob","floor":6.0,"turns":3.0},{"damage":3.0,"enemies":"3 Sentries","floor":8.0,"turns":4.0},{"damage":33.0,"enemies":"Gremlin Nob","floor":10.0,"turns":4.0},{"damage":10.0,"enemies":"3 Sentries","floor":11.0,"turns":3.0},{"damage":31.0,"enemies":"Lagavulin","floor":12.0,"turns":6.0},{"damage":23.0,"enemies":"3 Sentries","floor":13.0,"turns":5.0},{"damage":29.0,"enemies":"Gremlin Nob","floor":14.0,"turns":4.0},{"damage":53.0,"enemies":"The Guardian","floor":16.0,"turns":8.0},{"damage":37.0,"enemies":"2 Thieves","floor":18.0,"turns":2.0},{"damage":12.0,"enemies":"Chosen","floor":21.0,"turns":4.0},{"damage":35.0,"enemies":"Gremlin Leader","floor":23.0,"turns":5.0},{"damage":21.0,"enemies":"Slavers","floor":24.0,"turns":3.0},{"damage":36.0,"enemies":"Book of Stabbing","floor":25.0,"turns":3.0},{"damage":21.0,"enemies":"Gremlin Leader","floor":27.0,"turns":5.0},{"damage":21.0,"enemies":"Book of Stabbing","floor":28.0,"turns":3.0},{"damage":15.0,"enemies":"Gremlin Leader","floor":29.0,"turns":3.0},{"damage":44.0,"enemies":"Slavers","floor":31.0,"turns":9.0},{"damage":86.0,"enemies":"Collector","floor":33.0,"turns":8.0},{"damage":6.0,"enemies":"Orb Walker","floor":35.0,"turns":2.0},{"damage":40.0,"enemies":"3 Darklings","floor":36.0,"turns":3.0},{"damage":35.0,"enemies":"Spire Growth","floor":38.0,"turns":4.0},{"damage":52.0,"enemies":"Nemesis","floor":39.0,"turns":7.0},{"damage":36.0,"enemies":"Giant Head","floor":40.0,"turns":6.0},{"damage":38.0,"enemies":"Reptomancer","floor":41.0,"turns":4.0},{"damage":46.0,"enemies":"Giant Head","floor":42.0,"turns":4.0},{"damage":12.0,"enemies":"Nemesis","floor":44.0,"turns":3.0},{"damage":29.0,"enemies":"Reptomancer","floor":47.0,"turns":5.0},{"damage":23.0,"enemies":"Nemesis","floor":48.0,"turns":5.0},{"damage":100.0,"enemies":"Time Eater","floor":50.0,"turns":7.0},{"damage":51.0,"enemies":"Jaw Worm","floor":52.0,"turns":2.0},{"damage":12.0,"enemies":"2 Louse","floor":53.0,"turns":1.0},{"damage":0,"enemies":"Small Slimes","floor":56,"turns":2},{"damage":0,"enemies":"Lagavulin","floor":57,"turns":2},{"damage":24,"enemies":"Gremlin Nob","floor":58,"turns":2},{"damage":15,"enemies":"Lagavulin","floor":59,"turns":1},{"damage":39,"enemies":"3 Sentries","floor":60,"turns":2},{"damage":0,"enemies":"Lagavulin","floor":62,"turns":1}],"seed_played":"-4143792145100001218","potions_obtained":[{"floor":4.0,"key":"Dexterity Potion"},{"floor":10.0,"key":"BlessingOfTheForge"},{"floor":12.0,"key":"SteroidPotion"},{"floor":13.0,"key":"SpeedPotion"},{"floor":18.0,"key":"Fruit Juice"},{"floor":23.0,"key":"ColorlessPotion"},{"floor":28.0,"key":"Weak Potion"},{"floor":31.0,"key":"BloodPotion"},{"floor":35.0,"key":"EssenceOfSteel"},{"floor":40.0,"key":"Dexterity Potion"},{"floor":41.0,"key":"DuplicationPotion"},{"floor":48.0,"key":"Strength Potion"},{"floor":50.0,"key":"PowerPotion"},{"floor":52.0,"key":"ElixirPotion"},{"floor":53.0,"key":"CultistPotion"},{"floor":57,"key":"SpeedPotion"},{"floor":60,"key":"Energy Potion"}],"is_trial":true,"path_per_floor":["M","?","?","M","T","E","R","E","T","E","E","E","E","E","R","B",null,"M","?","?","M","$","E","E","E","T","E","E","E","R","E","R","B",null,"M","M","?","M","E","E","E","E","T","E","R","R","E","E","R","B",null,"M","M","?","?","M","E","E","E","E","R","E"],"character_chosen":"IRONCLAD","items_purchased":["Pummel+1","Frozen Egg 2","Second Wind"],"campfire_rested":0,"item_purchase_floors":[22,22,22],"current_hp_per_floor":[71,53,75,75,75,68,68,75,75,55,72,58,59,46,61,21,71,70,70,70,68,68,78,97,74,74,88,88,106,106,74,95,67,101,114,118,120,95,74,68,66,85,85,102,123,134,126,111,135,136,136,121,140,140,145,147,149,133,126,151,151,151,151],"gold":65,"neow_bonus":"","is_daily":false,"chose_seed":false,"campfire_upgraded":5,"win_rate":0.0,"timestamp":1613283301,"path_taken":["M","?","?","?","?","E","R","E","T","E","E","E","E","?","R","BOSS","M","?","?","?","$","E","E","E","T","E","?","E","R","E","R","BOSS","M","M","?","?","?","E","E","E","T","E","R","R","E","E","R","BOSS","M","M","?","?","M","E","E","E","E","R","E"],"items_purchased_type":["Card","Relic","Card"],"build_version":"2020-12-22","purchased_purges":1,"victory":false,"max_hp_per_floor":[75,75,75,75,75,75,75,75,75,75,75,79,87,87,87,87,87,87,87,87,91,91,100,104,104,104,104,104,106,106,112,112,112,112,114,118,120,124,126,130,130,132,132,134,134,134,136,136,136,136,136,136,140,140,145,147,149,151,151,151,151,151,151],"card_choices":[{"not_picked":["Searing Blow","Clash"],"picked":"Heavy Blade","floor":0.0},{"not_picked":["Thunderclap","Twin Strike"],"picked":"Carnage","floor":0.0},{"not_picked":["Clothesline","Cleave"],"picked":"Thunderclap","floor":0.0},{"not_picked":["Blood for Blood","Clash"],"picked":"Rage","floor":0.0},{"not_picked":["Searing Blow","Sword Boomerang"],"picked":"Thunderclap","floor":0.0},{"not_picked":["Infernal Blade","Headbutt"],"picked":"Rage","floor":0.0},{"not_picked":["Pommel Strike","Wild Strike"],"picked":"Seeing Red","floor":0.0},{"not_picked":["Flex","Ghostly Armor"],"picked":"Power Through","floor":0.0},{"not_picked":["Cleave","Iron Wave"],"picked":"Ghostly Armor","floor":0.0},{"not_picked":["Intimidate","Thunderclap"],"picked":"Flex","floor":0.0},{"not_picked":["Metallicize","Warcry"],"picked":"Battle Trance","floor":0.0},{"not_picked":["Clothesline","Body Slam"],"picked":"Ghostly Armor","floor":0.0},{"not_picked":["Twin Strike","Thunderclap"],"picked":"Sword Boomerang","floor":0.0},{"not_picked":["Warcry","Cleave"],"picked":"Whirlwind","floor":0.0},{"not_picked":["Twin Strike","Clothesline"],"picked":"Bloodletting","floor":0.0},{"not_picked":["Iron Wave","Twin Strike"],"picked":"Sword Boomerang","floor":1.0},{"not_picked":["Body Slam","Pommel Strike"],"picked":"Flex","floor":1.0},{"not_picked":["Sword Boomerang","Clothesline","Thunderclap"],"picked":"SKIP","floor":4.0},{"not_picked":["Wild Strike","Havoc","Cleave"],"picked":"SKIP","floor":4.0},{"not_picked":["Double Tap","Corruption"],"picked":"Reaper+1","floor":6.0},{"not_picked":["Brutality","Bludgeon+1"],"picked":"Berserk","floor":8.0},{"not_picked":["Bludgeon+1","Reaper+1","Corruption"],"picked":"Exhume","floor":10.0},{"not_picked":["Reaper+1","Corruption","Berserk"],"picked":"Feed+1","floor":11.0},{"not_picked":["Bludgeon+1","Immolate+1","Feed+1"],"picked":"Demon Form","floor":12.0},{"not_picked":["Feed+1","Double Tap","Fiend Fire+1"],"picked":"Offering","floor":13.0},{"not_picked":["Fiend Fire+1","Demon Form","Barricade"],"picked":"Offering","floor":14.0},{"not_picked":["Berserk","Limit Break","Impervious"],"picked":"Exhume","floor":16.0},{"not_picked":["Thunderclap+1","Armaments","Fire Breathing+1"],"picked":"Flame Barrier","floor":18.0},{"not_picked":["Wild Strike+1","Evolve","Body Slam+1","Armaments"],"picked":"SKIP","floor":18.0},{"not_picked":["Shrug It Off","Carnage+1","Iron Wave+1"],"picked":"Pummel+1","floor":21.0},{"not_picked":["Shrug It Off","True Grit","Bloodletting","Fire Breathing+1"],"picked":"SKIP","floor":21.0},{"not_picked":["Berserk+1","Double Tap","Exhume"],"picked":"Limit Break","floor":23.0},{"not_picked":["Exhume","Bludgeon+1","Offering"],"picked":"Impervious","floor":24.0},{"not_picked":["Juggernaut+1","Offering","Limit Break"],"picked":"Exhume","floor":25.0},{"not_picked":["Juggernaut+1","Offering","Bludgeon+1"],"picked":"Exhume","floor":27.0},{"not_picked":["Feed+1","Immolate+1","Brutality+1"],"picked":"Offering","floor":28.0},{"not_picked":["Double Tap","Berserk+1","Fiend Fire+1","Juggernaut+1"],"picked":"Singing Bowl","floor":29.0},{"not_picked":["Barricade+1","Limit Break","Brutality+1","Exhume"],"picked":"Singing Bowl","floor":31.0},{"not_picked":["Feed+1","Offering","Juggernaut+1"],"picked":"Corruption+1","floor":33.0},{"not_picked":["Hemokinesis+1","Headbutt+1","True Grit","Inflame+1"],"picked":"Singing Bowl","floor":35.0},{"not_picked":["Iron Wave+1","Flame Barrier","True Grit"],"picked":"Havoc+1","floor":35.0},{"not_picked":["Twin Strike+1","Feel No Pain+1","Evolve+1","Burning Pact"],"picked":"Singing Bowl","floor":36.0},{"not_picked":["Metallicize+1","Iron Wave+1","Clash+1","True Grit+1"],"picked":"Singing Bowl","floor":36.0},{"not_picked":["Dramatic Entrance+1","Purity","PanicButton","Panacea"],"picked":"Singing Bowl","floor":37.0},{"not_picked":["Ghostly Armor","Pommel Strike+1","Power Through+1","Clash+1"],"picked":"Singing Bowl","floor":38.0},{"not_picked":["Body Slam+1","Havoc","Sword Boomerang+1","Rupture+1"],"picked":"Singing Bowl","floor":38.0},{"not_picked":["Limit Break","Bludgeon+1","Brutality+1","Juggernaut+1"],"picked":"Singing Bowl","floor":39.0},{"not_picked":["Berserk+1","Corruption+1","Reaper+1"],"picked":"Demon Form+1","floor":40.0},{"not_picked":["Immolate+1","Brutality+1","Impervious"],"picked":"Reaper+1","floor":41.0},{"not_picked":["Impervious","Immolate+1","Corruption+1","Limit Break"],"picked":"Singing Bowl","floor":42.0},{"not_picked":["Brutality+1","Double Tap","Bludgeon+1","Immolate+1"],"picked":"Singing Bowl","floor":44.0},{"not_picked":["Limit Break","Feed+1","Juggernaut+1","Impervious"],"picked":"Singing Bowl","floor":47.0},{"not_picked":["Berserk+1","Demon Form+1","Reaper+1"],"picked":"Double Tap","floor":48.0},{"not_picked":["Bludgeon+1","Fiend Fire+1","Reaper+1"],"picked":"Offering","floor":50.0},{"not_picked":["Heavy Blade+1","Dual Wield","Twin Strike+1"],"picked":"Uppercut+1","floor":52.0},{"not_picked":["Inflame+1","Evolve+1","Heavy Blade+1"],"picked":"Dark Embrace+1","floor":52.0},{"not_picked":["Thunderclap+1","Metallicize+1","Combust+1","Sword Boomerang+1"],"picked":"Singing Bowl","floor":53.0},{"not_picked":["Wild Strike+1","Ghostly Armor","Shrug It Off","Pommel Strike+1"],"picked":"Singing Bowl","floor":53.0},{"not_picked":["Iron Wave+1","Twin Strike+1","Hemokinesis+1","Flex"],"picked":"Singing Bowl","floor":56},{"not_picked":["Pommel Strike+1","Shrug It Off","Flex"],"picked":"Limit Break","floor":56},{"not_picked":["Berserk+1","Offering","Juggernaut+1","Fiend Fire+1"],"picked":"Singing Bowl","floor":57},{"not_picked":["Juggernaut+1","Limit Break","Double Tap","Demon Form+1"],"picked":"Singing Bowl","floor":58},{"not_picked":["Double Tap","Offering","Corruption+1"],"picked":"Exhume","floor":59},{"not_picked":["Immolate+1","Demon Form+1","Limit Break"],"picked":"Reaper+1","floor":60}],"player_experience":350244,"relics_obtained":[{"floor":5.0,"key":"Art of War"},{"floor":6.0,"key":"Molten Egg 2"},{"floor":8.0,"key":"Eternal Feather"},{"floor":9.0,"key":"Question Card"},{"floor":10.0,"key":"Blue Candle"},{"floor":11.0,"key":"Bottled Lightning"},{"floor":12.0,"key":"Ancient Tea Set"},{"floor":13.0,"key":"Centennial Puzzle"},{"floor":14.0,"key":"Matryoshka"},{"floor":23.0,"key":"MealTicket"},{"floor":24.0,"key":"Unceasing Top"},{"floor":25.0,"key":"Mummified Hand"},{"floor":26.0,"key":"Blood Vial"},{"floor":26.0,"key":"War Paint"},{"floor":27.0,"key":"Potion Belt"},{"floor":28.0,"key":"Singing Bowl"},{"floor":29.0,"key":"Regal Pillow"},{"floor":31.0,"key":"Darkstone Periapt"},{"floor":39.0,"key":"Torii"},{"floor":40.0,"key":"Sundial"},{"floor":41.0,"key":"Nunchaku"},{"floor":42.0,"key":"Whetstone"},{"floor":43.0,"key":"Pantograph"},{"floor":43.0,"key":"Orichalcum"},{"floor":44.0,"key":"Girya"},{"floor":47.0,"key":"Happy Flower"},{"floor":48.0,"key":"White Beast Statue"}],"event_choices":[{"damage_healed":0.0,"max_hp_gain":0.0,"max_hp_loss":0.0,"gold_gain":0.0,"event_name":"Golden Idol","player_choice":"Take Damage","floor":2.0,"gold_loss":0.0,"damage_taken":18.0,"relics_obtained":["Golden Idol"]},{"damage_healed":22.0,"max_hp_gain":0.0,"max_hp_loss":0.0,"gold_gain":0.0,"event_name":"Wheel of Change","player_choice":"Full Heal","floor":3.0,"gold_loss":0.0,"damage_taken":0.0},{"damage_healed":0.0,"max_hp_gain":0.0,"max_hp_loss":0.0,"gold_gain":0.0,"event_name":"The Mausoleum","player_choice":"Opened","floor":19.0,"gold_loss":0.0,"damage_taken":0.0,"relics_obtained":["Gambling Chip"],"cards_obtained":["Writhe"]},{"damage_healed":0.0,"max_hp_gain":0.0,"max_hp_loss":0.0,"gold_gain":0.0,"event_name":"Vampires","player_choice":"Ignored","floor":20.0,"gold_loss":0.0,"damage_taken":0.0},{"damage_healed":0.0,"max_hp_gain":0.0,"max_hp_loss":0.0,"gold_gain":0.0,"event_name":"SensoryStone","player_choice":"Memory 1","floor":37.0,"gold_loss":0.0,"damage_taken":0.0},{"damage_healed":0,"gold_gain":0,"player_choice":"Ignored","damage_taken":0,"max_hp_gain":0,"max_hp_loss":0,"event_name":"Liars Game","floor":54,"gold_loss":0},{"damage_healed":0,"gold_gain":0,"player_choice":"Donut","damage_taken":0,"max_hp_gain":5,"max_hp_loss":0,"event_name":"Big Fish","floor":55,"gold_loss":0}],"is_beta":false,"boss_relics":[{"not_picked":["Mark of Pain","Calling Bell"],"picked":"Ectoplasm"},{"not_picked":["Busted Crown","Philosopher\u0027s Stone"],"picked":"Astrolabe"},{"not_picked":["Snecko Eye","Runic Dome"],"picked":"Coffee Dripper"}],"items_purged_floors":[22],"is_endless":true,"potions_floor_spawned":[4,10,12,13,16,18,23,28,31,35,40,41,48,50,52,53,56,57,58,59,60],"killed_by":"Lagavulin","ascension_level":14}}