{"host":"3hzk4hwwdropes3d","time":1613338398,"event":{"mods":["BaseMod","Downfall","Hermit","Minty Spire (QoL Compilation)","StSLib"],"gold_per_floor":[119,40,215,230,305,305,324,324,351,363,102,130,95,95,95,196,196,215,215,48,48,66,66,66,66],"floor_reached":24,"language":"ENG","playtime":880,"items_purged":["Doubt","Shame"],"score":326,"play_id":"5998b1ce-b16a-4851-a9da-a80e58287a4b","local_time":"20210214133318","is_ascension_mode":true,"campfire_choices":[{"data":"hermit:Manifest","floor":6,"key":"SMITH"},{"data":"hermit:FlashPowder","floor":8,"key":"SMITH"},{"data":"hermit:Covet","floor":10,"key":"SMITH"},{"floor":15,"key":"REST"},{"floor":23,"key":"REST"}],"circlet_count":0,"master_deck":["hermit:Strike_Hermit","hermit:Strike_Hermit","hermit:Strike_Hermit","hermit:Strike_Hermit+1","hermit:Defend_Hermit","hermit:Defend_Hermit","hermit:Defend_Hermit","hermit:Defend_Hermit","hermit:Snapshot+1","hermit:Covet+1","hermit:Manifest+1","hermit:FlashPowder+1","hermit:PistolWhip","hermit:Dive","hermit:WideOpen","hermit:Dissolve","hermit:Ricochet","hermit:Enervate"],"relics":["hermit:Momento","NeowsBlessing","MawBank","Whetstone","Boot","sneckomod:BlankCard","hermit:DentedPlate","HornCleat"],"acts_visited":["Exordium","TheCity"],"potions_floor_usage":[16,16,16,18],"damage_taken":[{"damage":0,"enemies":"Cultist","floor":1,"turns":1},{"damage":0,"enemies":"Jaw Worm","floor":4,"turns":1},{"damage":0,"enemies":"2 Louse","floor":7,"turns":1},{"damage":41,"enemies":"Gremlin Nob","floor":12,"turns":5},{"damage":1,"enemies":"The Guardian","floor":16,"turns":9},{"damage":21,"enemies":"2 Thieves","floor":18,"turns":5},{"damage":35,"enemies":"Shell Parasite","floor":22,"turns":8},{"damage":0,"enemies":"Gremlin Leader","floor":24,"turns":2}],"seed_played":"-4707773305920293096","potions_obtained":[{"floor":1,"key":"hermit:BlackBile"},{"floor":12,"key":"EntropicBrew"}],"is_trial":false,"path_per_floor":["M","$","?","M","?","R","M","R","T","R","$","E","?","?","R","B",null,"M","?","$","?","M","R","E"],"character_chosen":"HERMIT","items_purchased":["hermit:FlashPowder","Whetstone","hermit:WideOpen","hermit:Enervate"],"campfire_rested":2,"item_purchase_floors":[2,11,11,20],"current_hp_per_floor":[75,75,75,75,64,64,64,64,64,64,64,23,41,34,56,55,87,66,66,66,66,31,63,63,63],"gold":66,"neow_bonus":"THREE_ENEMY_KILL","is_daily":false,"chose_seed":false,"campfire_upgraded":3,"win_rate":0.0,"timestamp":1613338398,"path_taken":["M","$","?","M","?","R","M","R","T","R","$","E","?","?","R","BOSS","M","?","$","?","M","R","E"],"items_purchased_type":["Card","Relic","Card","Card"],"build_version":"2020-12-22","purchased_purges":2,"victory":false,"max_hp_per_floor":[75,75,75,75,75,75,75,75,75,75,75,75,75,75,75,75,107,107,107,107,107,107,107,107,107],"card_choices":[{"not_picked":["hermit:Midnight","hermit:Showdown"],"picked":"hermit:Manifest","floor":1},{"not_picked":["hermit:TrackingShot","hermit:Spite"],"picked":"hermit:PistolWhip","floor":4},{"not_picked":["hermit:Desperado","hermit:Manifest"],"picked":"hermit:Dive","floor":7},{"not_picked":["hermit:LowProfile","hermit:Roulette","hermit:ItchyTrigger"],"picked":"SKIP","floor":12},{"not_picked":["hermit:BlackWind","hermit:RoundhouseKick"],"picked":"hermit:Dissolve","floor":16},{"not_picked":["hermit:Feint","hermit:HoleUp+1"],"picked":"hermit:Ricochet","floor":18},{"not_picked":["hermit:GhostlyPresence","hermit:NoHoldsBarred+1","hermit:Maintenance"],"picked":"SKIP","floor":22}],"player_experience":404304,"relics_obtained":[{"floor":9,"key":"MawBank"},{"floor":12,"key":"Boot"}],"event_choices":[{"damage_healed":0,"gold_gain":175,"player_choice":"AGREE","damage_taken":0,"max_hp_gain":0,"max_hp_loss":0,"event_name":"Liars Game","floor":3,"gold_loss":0,"cards_obtained":["Doubt"]},{"damage_healed":0,"gold_gain":75,"player_choice":"Gather Gold","damage_taken":11,"max_hp_gain":0,"max_hp_loss":0,"event_name":"World of Goop","floor":5,"gold_loss":0},{"damage_healed":18,"gold_gain":0,"player_choice":"Healed","damage_taken":0,"max_hp_gain":0,"max_hp_loss":0,"event_name":"The Cleric","floor":13,"gold_loss":35},{"damage_healed":0,"gold_gain":0,"player_choice":"Success","damage_taken":7,"relics_obtained":["sneckomod:BlankCard"],"max_hp_gain":0,"max_hp_loss":0,"event_name":"Scrap Ooze","floor":14,"gold_loss":0},{"damage_healed":0,"gold_gain":0,"player_choice":"Stole Relic","damage_taken":0,"relics_obtained":["HornCleat"],"max_hp_gain":0,"max_hp_loss":0,"event_name":"Addict","floor":19,"gold_loss":0,"cards_obtained":["Shame"]}],"is_beta":false,"boss_relics":[{"not_picked":["Busted Crown","Runic Pyramid"],"picked":"hermit:DentedPlate"}],"items_purged_floors":[11,20],"is_endless":false,"potions_floor_spawned":[1,7,12],"killed_by":"Gremlin Leader","ascension_level":3}}