{"host":"q57ekfojy3i00x9o","time":1613314674,"event":{"mods":["Act Like it!","Arknights","Aspiration","BaseMod","Colored Map","Energized Spire","Hermit","Minty Spire (QoL Compilation)","Quick Restart","Spicy Shops","Spikes Relics","StSLib","slay the spire mod where everything is the same but ironclad has a cowboy hat"],"gold_per_floor":[116,132,149,149,149,178,178,203,203,233,90,90,100,113,113,210,210,225,150,249,260,306,332,348,348,393,149,149,149,2,2,2,103,103,118,118,15,15,33,33,33,33,33,33,86,86,0,0,0,0,0],"floor_reached":50,"language":"RUS","playtime":1134,"items_purged":["ats:Strike C","Writhe"],"score":755,"play_id":"8b5a0e97-8c62-4f8e-892f-b506985da58f","local_time":"20210214195754","is_ascension_mode":true,"campfire_choices":[{"data":"ats:Sashimi Platter","floor":7.0,"key":"SMITH"},{"data":"ats:Flexible Camouflage","floor":15.0,"key":"SMITH"},{"floor":25.0,"key":"REST"},{"floor":32.0,"key":"REST"},{"data":"ats:Calcification","floor":41,"key":"SMITH"},{"data":"ats:Calcification","floor":42,"key":"SMITH"},{"data":"ats:Flexible Camouflage","floor":44,"key":"SMITH"},{"floor":46,"key":"REST"},{"data":"ats:Mental Burst","floor":49,"key":"SMITH"}],"circlet_count":0,"master_deck":["AscendersBane","ats:Strike G","ats:Strike S+1","ats:Armor Crushing Shot+1","ats:Defend","ats:Defend","ats:Defend","ats:Defend","ats:Emotion Absorption","ats:Explosion Area Strengthen+1","ats:Magnetic Hammer","ats:Sashimi Platter+1","ats:Mental Burst+1","ats:Rapid Magazine","ats:Powerful Strike","ats:Apocalypse","ats:Red Shift","ats:Flexible Camouflage+1","ats:Powerful Strike","ats:Soul Rend+1","ats:Guard Mode+1","ats:Very Hot Blade+1","ats:Poison Spread+1","ats:Poison Spread+1","ats:Thermite Blade","ats:Sashimi Platter+1","ats:Explosion Area Strengthen","ats:Calcification+1","ats:Apocalypse+1","ats:Closed Bolt Burst Fire","ats:Flexible Camouflage+1","ats:Sword Rain","ats:Calcification+1","ats:Explosion Area Strengthen+1","ats:Overload","ats:Flame Of Heaven+1","Doubt"],"relics":["ats:Sanity","ats:Originium","ats:Emergency Defibrillator","Dream Catcher","BrokenLever","Bag of Marbles","aspiration:HiddenCompartment","Black Star","Smiling Mask","Singing Bowl","Toy Ornithopter","Bag of Preparation","DollysMirror","WingedGreaves","Vajra","Gremlin Horn","Philosopher\u0027s Stone","RoseTintedShades","CrustySpines","Red Mask"],"acts_visited":["Exordium","TheCity","TheBeyond"],"potions_floor_usage":[45],"damage_taken":[{"damage":6.0,"enemies":"Cultist","floor":1.0,"turns":4.0},{"damage":17.0,"enemies":"ats:Genji","floor":2.0,"turns":5.0},{"damage":0.0,"enemies":"2 Louse","floor":3.0,"turns":2.0},{"damage":22.0,"enemies":"3 Sentries","floor":6.0,"turns":6.0},{"damage":17.0,"enemies":"Lagavulin","floor":8.0,"turns":5.0},{"damage":17.0,"enemies":"3 Sentries","floor":10.0,"turns":4.0},{"damage":6.0,"enemies":"Looter","floor":13.0,"turns":2.0},{"damage":5.0,"enemies":"Exordium Wildlife","floor":14.0,"turns":4.0},{"damage":38.0,"enemies":"Hexaghost","floor":16.0,"turns":7.0},{"damage":21.0,"enemies":"Shell Parasite","floor":18.0,"turns":5.0},{"damage":0.0,"enemies":"3 Byrds","floor":21.0,"turns":3.0},{"damage":47.0,"enemies":"Gremlin Leader","floor":23.0,"turns":6.0},{"damage":40.0,"enemies":"Shelled Parasite and Fungi","floor":24.0,"turns":5.0},{"damage":79.0,"enemies":"Collector","floor":33.0,"turns":9.0},{"damage":19.0,"enemies":"3 Shapes","floor":35.0,"turns":3.0},{"damage":7,"enemies":"Orb Walker","floor":39,"turns":2},{"damage":74,"enemies":"2 Orb Walkers","floor":45,"turns":5},{"damage":92,"enemies":"Donu and Deca","floor":50,"turns":4}],"seed_played":"3581854138380082141","potions_obtained":[{"floor":2.0,"key":"Swift Potion"},{"floor":3.0,"key":"ats:Burn Big Potion"},{"floor":8.0,"key":"Strength Potion"},{"floor":16.0,"key":"Swift Potion"},{"floor":21.0,"key":"Swift Potion"},{"floor":24.0,"key":"Ancient Potion"},{"floor":35.0,"key":"Weak Potion"}],"is_trial":false,"path_per_floor":["M","M","M","?","?","E","R","E","T","E","$","?","M","M","R","B",null,"M","?","?","M","T","E","M","R","T","$","?","R","$","?","R","B",null,"M","?","$","?","M","R","R","R","T","R","?","R","?","?","R","B"],"character_chosen":"DOCTOR_CLASS","items_purchased":["ats:Red Shift","DollysMirror","WingedGreaves","Vajra","ats:Closed Bolt Burst Fire"],"campfire_rested":3,"item_purchase_floors":[11,27,27,30,37],"current_hp_per_floor":[59,42,42,42,28,16,16,52,52,44,44,41,45,54,54,37,63,49,49,49,68,68,25,12,33,33,33,33,33,33,33,54,46,66,56,56,56,56,61,61,61,61,61,61,10,30,30,68,68,0,0],"gold":0,"neow_bonus":"THREE_CARDS","is_daily":false,"chose_seed":false,"campfire_upgraded":6,"win_rate":0.0,"timestamp":1613314674,"path_taken":["M","?","M","?","?","E","R","E","T","E","$","?","?","M","R","BOSS","M","?","?","M","?","E","?","R","T","$","?","R","?","?","R","BOSS","M","?","$","?","?","R","R","R","T","R","?","R","?","?","R","BOSS"],"items_purchased_type":["Card","Relic","Relic","Relic","Card"],"build_version":"2020-12-22","purchased_purges":2,"victory":false,"max_hp_per_floor":[72,72,72,72,72,72,72,72,72,72,72,72,72,72,72,72,72,72,72,72,72,72,72,72,72,72,72,72,72,72,72,72,72,72,72,68,68,68,68,68,68,68,68,68,68,68,68,68,68,68,68],"card_choices":[{"not_picked":["ats:Guard Mode","ats:Ignite"],"picked":"ats:Explosion Area Strengthen","floor":0.0},{"not_picked":["ats:Curse Doll","ats:Automatic Cover"],"picked":"ats:Magnetic Hammer","floor":1.0},{"not_picked":["ats:Red Shift","ats:Guardian Obelisk"],"picked":"ats:Sashimi Platter","floor":2.0},{"not_picked":["ats:Shadow Raid","ats:Cat Scratch"],"picked":"ats:Mental Burst","floor":3.0},{"not_picked":["ats:Ignite","ats:Assault Order"],"picked":"ats:Rapid Magazine","floor":6.0},{"not_picked":["ats:Leaping Hammer","ats:Durian"],"picked":"ats:Powerful Strike","floor":8.0},{"not_picked":["ats:Revitalization","ats:Shell Defense"],"picked":"ats:Apocalypse","floor":10.0},{"not_picked":["ats:Demon Strength","ats:Cat Scratch"],"picked":"ats:Flexible Camouflage","floor":13.0},{"not_picked":["ats:Collapsing Strike","ats:Flexible Camouflage"],"picked":"ats:Powerful Strike","floor":14.0},{"not_picked":["ats:Durian","ats:Volcano"],"picked":"ats:Soul Rend","floor":16.0},{"not_picked":["ats:Shell Defense","ats:Absolute Focus"],"picked":"ats:Guard Mode+1","floor":18.0},{"not_picked":["ats:Leaping Hammer","ats:LN2 Cannon+1"],"picked":"ats:Very Hot Blade+1","floor":21.0},{"not_picked":["ats:LN2 Cannon","ats:Magnetic Hammer+1"],"picked":"ats:Poison Spread+1","floor":23.0},{"not_picked":["ats:Demon Strength","ats:Guard Mode"],"picked":"ats:Poison Spread+1","floor":24.0},{"not_picked":["ats:Absolute Focus+1","ats:Phantom"],"picked":"ats:Thermite Blade","floor":25.0},{"not_picked":["ats:Revitalization","ats:Very Hot Blade+1"],"picked":"ats:Explosion Area Strengthen","floor":32.0},{"not_picked":["ats:Volcano","ats:Wolf Pack"],"picked":"ats:Calcification","floor":33.0},{"not_picked":["ats:Mental Burst","ats:Overload"],"picked":"ats:Apocalypse+1","floor":35.0},{"not_picked":["ats:Ignite","ats:Revitalization+1"],"picked":"ats:Explosion Area Strengthen+1","floor":39},{"not_picked":["ats:Magnetic Hammer+1","ats:Charging Defense"],"picked":"ats:Overload","floor":45},{"not_picked":["ats:Overload+1","ats:Charging Defense"],"picked":"ats:Flame Of Heaven+1","floor":46}],"player_experience":768492,"relics_obtained":[{"floor":6.0,"key":"ats:Originium"},{"floor":6.0,"key":"ats:Emergency Defibrillator"},{"floor":8.0,"key":"ats:Originium"},{"floor":8.0,"key":"Dream Catcher"},{"floor":9.0,"key":"BrokenLever"},{"floor":10.0,"key":"ats:Originium"},{"floor":10.0,"key":"Bag of Marbles"},{"floor":22.0,"key":"Smiling Mask"},{"floor":23.0,"key":"ats:Originium"},{"floor":23.0,"key":"Singing Bowl"},{"floor":23.0,"key":"Toy Ornithopter"},{"floor":26.0,"key":"Bag of Preparation"},{"floor":43,"key":"RoseTintedShades"},{"floor":45,"key":"CrustySpines"}],"event_choices":[{"damage_healed":0.0,"max_hp_gain":0.0,"max_hp_loss":0.0,"gold_gain":0.0,"event_name":"Living Wall","player_choice":"Grow","floor":4.0,"gold_loss":0.0,"damage_taken":0.0,"cards_upgraded":["ats:Armor Crushing Shot"]},{"damage_healed":0.0,"max_hp_gain":0.0,"max_hp_loss":0.0,"gold_gain":0.0,"event_name":"Shining Light","player_choice":"Entered Light","floor":5.0,"gold_loss":0.0,"damage_taken":14.0,"cards_upgraded":["ats:Explosion Area Strengthen","ats:Strike S"]},{"damage_healed":0.0,"max_hp_gain":0.0,"max_hp_loss":0.0,"gold_gain":0.0,"event_name":"Scrap Ooze","player_choice":"Success","floor":12.0,"gold_loss":0.0,"damage_taken":3.0,"relics_obtained":["aspiration:HiddenCompartment"]},{"cards_removed":["ats:Strike V"],"damage_healed":0.0,"max_hp_gain":0.0,"max_hp_loss":0.0,"gold_gain":0.0,"event_name":"Beggar","player_choice":"Gave Gold","floor":19.0,"gold_loss":75.0,"damage_taken":0.0},{"damage_healed":0.0,"max_hp_gain":0.0,"max_hp_loss":0.0,"gold_gain":99.0,"event_name":"Nest","player_choice":"Stole From Cult","floor":20.0,"gold_loss":0.0,"damage_taken":0.0},{"damage_healed":0.0,"max_hp_gain":0.0,"max_hp_loss":0.0,"gold_gain":0.0,"event_name":"Accursed Blacksmith","player_choice":"Forge","floor":28.0,"gold_loss":0.0,"damage_taken":0.0,"cards_upgraded":["ats:Soul Rend"]},{"damage_healed":0.0,"max_hp_gain":0.0,"max_hp_loss":0.0,"gold_gain":0.0,"event_name":"The Mausoleum","player_choice":"Opened","floor":31.0,"gold_loss":0.0,"damage_taken":0.0,"relics_obtained":["Gremlin Horn"],"cards_obtained":["Writhe"]},{"damage_healed":0.0,"max_hp_gain":0.0,"max_hp_loss":4.0,"gold_gain":0.0,"event_name":"Winding Halls","player_choice":"Max HP","floor":36.0,"gold_loss":0.0,"damage_taken":0.0},{"damage_healed":0,"gold_gain":0,"player_choice":"3 cards matched","damage_taken":0,"max_hp_gain":0,"max_hp_loss":0,"event_name":"Match and Keep!","floor":38,"gold_loss":0,"cards_obtained":["ats:Flexible Camouflage","ats:Sword Rain","ats:Calcification"]},{"damage_healed":0,"gold_gain":0,"player_choice":"Fight","damage_taken":0,"max_hp_gain":0,"max_hp_loss":0,"event_name":"Mysterious Sphere","floor":45,"gold_loss":0},{"damage_healed":0,"gold_gain":0,"player_choice":"Paid","damage_taken":0,"relics_obtained":["Red Mask"],"max_hp_gain":0,"max_hp_loss":0,"event_name":"Tomb of Lord Red Mask","floor":47,"gold_loss":86},{"damage_healed":38,"gold_gain":0,"player_choice":"Heal","damage_taken":0,"max_hp_gain":0,"max_hp_loss":0,"event_name":"MindBloom","floor":48,"gold_loss":0,"cards_obtained":["Doubt"]}],"is_beta":false,"boss_relics":[{"not_picked":["energizedSpire:CursedPentagram","aspiration:WatcherSkillbook"],"picked":"Black Star"},{"not_picked":["energizedSpire:OgreHead","Astrolabe"],"picked":"Philosopher\u0027s Stone"}],"items_purged_floors":[11,37],"is_endless":false,"potions_floor_spawned":[2,3,8,16,21,24,35],"killed_by":"Donu and Deca","ascension_level":10}}