{"host":"oq9vgnvl0fi8z8ha","time":1613285237,"event":{"mods":["BaseMod","Block Reminder","ChefMod","Curses Come First","Evolution","Fox Events","Highlight Path","Minty Spire (QoL Compilation)","Relic Stats","Robot Space Explorer","Smile Girya","StSLib","The Bug Knight","The Runesmith","Treasure Hunter","Unceasing Turn Reminder"],"gold_per_floor":[203,278,23,85,130,217,217,217,265,362,462,474,42,99,99,399,399,445,445,500,500,500,500,581,581,581,687,70,160,160,160,160,466,466,523,523,523,569,608,700,903,903,903,35,82,177,220,284,284,578,587,638,673,875,875,931,1042,437,492,501,501,501,501,606,615,615,950,950,1002,1041,384,384,506,506,506,573,673,165,174,295,295,361,361,706,706,763,167,0,9,9,9,9,69,126,126,126,177,236,341,341,283,283],"floor_reached":101,"language":"ENG","playtime":8643,"items_purged":["Writhe"],"score":2413,"play_id":"cda88c2b-cd32-45b5-baa2-59534eba5d2e","local_time":"20210213234717","daily_mods":["SealedDeck","Heirloom","Time Dilation","Flight","Midas"],"is_ascension_mode":true,"campfire_choices":[{"floor":7.0,"key":"REST"},{"floor":12.0,"key":"REST"},{"floor":15.0,"key":"REST"},{"floor":23.0,"key":"REST"},{"floor":25.0,"key":"REST"},{"floor":30.0,"key":"REST"},{"floor":32.0,"key":"REST"},{"floor":49.0,"key":"REST"},{"data":"1","floor":61.0,"key":"LIFT"},{"data":"2","floor":62.0,"key":"LIFT"},{"data":"3","floor":63.0,"key":"LIFT"},{"floor":66.0,"key":"REST"},{"floor":74.0,"key":"REST"},{"floor":81,"key":"REST"},{"floor":83,"key":"REST"},{"floor":91,"key":"REST"},{"floor":92,"key":"REST"},{"floor":95,"key":"REST"},{"floor":96,"key":"REST"},{"floor":100,"key":"REST"}],"circlet_count":0,"master_deck":["Demon Form","Wraith Form v2","Echo Form","DevaForm","Runesmith:CreatorForm","RobotSpaceExplorer:TrailblazerForm","RobotSpaceExplorer:FrostMissile","FlyingSleeves","ForeignInfluence","CrushJoints","RobotSpaceExplorer:PowerCollector","RobotSpaceExplorer:MiniDrones","ThirdEye+1","RobotSpaceExplorer:Pulsar","Evaluate","EmptyFist+1","RobotSpaceExplorer:PlasmaMissile","TH:CopperCoins","LessonLearned","TH:CopperCoins+1","TH:CopperCoins","CrushJoints+1","TH:BikiniMail","Perseverance","CrushJoints","TH:DeckOfManyThings","Alpha+1","RobotSpaceExplorer:SurgingStrike+1","Deep Breath","Jack Of All Trades+1","PanicButton","RobotSpaceExplorer:PowerCollector","TH:TreasureMap","RobotSpaceExplorer:StarLightning","TH:CopperCoins","TH:CopperCoins","ReachHeaven+1","RobotSpaceExplorer:DualCore","DeceiveReality+1","Consecrate","RobotSpaceExplorer:SurgingShield+1","RobotSpaceExplorer:SurgingStrike","RobotSpaceExplorer:Pulsar+1","TH:BikiniMail","Evaluate+1","TH:CopperCoins","TH:CopperCoins+1","Wish+1","RobotSpaceExplorer:Fix+1","Madness+1","Madness+1","Secret Technique+1","Blind+1","TH:CursedSword","SandsOfTime+1","RobotSpaceExplorer:Electroshield+1","TH:CursedSword","PathToVictory+1","RobotSpaceExplorer:ScrapMissile","Swivel+1","Ragnarok","Chrysalis+1","Enlightenment+1","TH:ArmorSpikes","RobotSpaceExplorer:ChargingLaser","CurseOfTheBell","RobotSpaceExplorer:SurgingShield+1","RobotSpaceExplorer:Discharger","Conclude","RobotSpaceExplorer:SelfCleaning+1","Nirvana","RobotSpaceExplorer:GearShield+1","Wallop","Consecrate","TH:CursedSword","TH:CopperCoins","RobotSpaceExplorer:StarLightning","TH:ArmorSpikes","Wish+1","RobotSpaceExplorer:Counterblock+1","Prostrate+1","RobotSpaceExplorer:SlimeMissile+1","TH:CopperCoins","ThirdEye+1","RobotSpaceExplorer:Smokescreen+1","RobotSpaceExplorer:Counterblock+1","Necronomicurse","TH:CursedSword","FollowUp+1","Disarm+1","TH:CursedSword","Secret Technique+1","Wireheading+1","Writhe","FTL+1"],"relics":["PureWater","EVO:Axolotl","GoldenEye","Sundial","HornCleat","MawBank","Strawberry","Gambling Chip","Lee\u0027s Waffle","Runesmith:Locket","Philosopher\u0027s Stone","Question Card","HollowMod:QueensCombRelic","Toxic Egg 2","White Beast Statue","Toy Ornithopter","Gremlin Horn","Orrery","Tiny Chest","TH:Strongbox","Busted Crown","Boot","Singing Bowl","Du-Vu Doll","Pantograph","CeramicFish","War Paint","Centennial Puzzle","HollowMod:LifeEnderRelic","Calling Bell","Darkstone Periapt","Pocketwatch","Bag of Preparation","InkBottle","Girya","Happy Flower","HollowMod:StagPassRelic","Bronze Scales","FossilizedHelix","Akabeko","Frozen Eye","PrismaticShard","Molten Egg 2","Necronomicon","Lantern","Mercury Hourglass","TH:HealthInsurance","Red Mask"],"acts_visited":["Exordium","TheCity","TheBeyond","Exordium","TheCity","TheBeyond"],"potions_floor_usage":[77,77,86,99,101],"damage_taken":[{"damage":0.0,"enemies":"2 Louse","floor":1.0,"turns":3.0},{"damage":2.0,"enemies":"Jaw Worm","floor":5.0,"turns":3.0},{"damage":0.0,"enemies":"Lagavulin","floor":6.0,"turns":5.0},{"damage":21.0,"enemies":"3 Sentries","floor":10.0,"turns":5.0},{"damage":36.0,"enemies":"Gremlin Nob","floor":11.0,"turns":5.0},{"damage":7.0,"enemies":"Small Slimes","floor":14.0,"turns":3.0},{"damage":39.0,"enemies":"The Guardian","floor":16.0,"turns":7.0},{"damage":16.0,"enemies":"Chosen","floor":18.0,"turns":5.0},{"damage":8.0,"enemies":"Snake Plant","floor":20.0,"turns":6.0},{"damage":36.0,"enemies":"Slavers","floor":24.0,"turns":4.0},{"damage":11.0,"enemies":"HollowMod:Nosk","floor":27.0,"turns":7.0},{"damage":30.0,"enemies":"Book of Stabbing","floor":29.0,"turns":5.0},{"damage":4.0,"enemies":"Champ","floor":33.0,"turns":8.0},{"damage":2.0,"enemies":"Orb Walker","floor":35.0,"turns":3.0},{"damage":0.0,"enemies":"3 Shapes","floor":39.0,"turns":4.0},{"damage":27.0,"enemies":"Reptomancer","floor":40.0,"turns":6.0},{"damage":22.0,"enemies":"2 Orb Walkers","floor":41.0,"turns":5.0},{"damage":0.0,"enemies":"Nemesis","floor":46.0,"turns":3.0},{"damage":33.0,"enemies":"3 Darklings","floor":47.0,"turns":5.0},{"damage":33.0,"enemies":"Writhing Mass","floor":48.0,"turns":5.0},{"damage":45.0,"enemies":"Donu and Deca","floor":50.0,"turns":10.0},{"damage":2.0,"enemies":"Small Slimes","floor":52.0,"turns":3.0},{"damage":0.0,"enemies":"Jaw Worm","floor":53.0,"turns":2.0},{"damage":4.0,"enemies":"Gremlin Nob","floor":54.0,"turns":4.0},{"damage":0.0,"enemies":"Cultist","floor":56.0,"turns":3.0},{"damage":39.0,"enemies":"Gremlin Nob","floor":57.0,"turns":5.0},{"damage":0.0,"enemies":"3 Louse","floor":59.0,"turns":1.0},{"damage":6.0,"enemies":"3 Sentries","floor":64.0,"turns":5.0},{"damage":18.0,"enemies":"The Guardian","floor":67.0,"turns":7.0},{"damage":32.0,"enemies":"Shell Parasite","floor":69.0,"turns":4.0},{"damage":17.0,"enemies":"Cultist and Chosen","floor":70.0,"turns":2.0},{"damage":0.0,"enemies":"Gremlin Leader","floor":73.0,"turns":6.0},{"damage":0.0,"enemies":"Snecko","floor":76.0,"turns":4.0},{"damage":42,"enemies":"Slavers","floor":77,"turns":3},{"damage":0,"enemies":"HollowMod:Nosk","floor":80,"turns":2},{"damage":26,"enemies":"Chosen and Byrds","floor":82,"turns":3},{"damage":26,"enemies":"Automaton","floor":84,"turns":10},{"damage":87,"enemies":"3 Darklings","floor":86,"turns":4},{"damage":11,"enemies":"3 Shapes","floor":93,"turns":3},{"damage":98,"enemies":"Nemesis","floor":94,"turns":7},{"damage":0,"enemies":"Spire Growth","floor":97,"turns":4},{"damage":13,"enemies":"Maw","floor":98,"turns":7},{"damage":48,"enemies":"HollowMod:StalkingDevout","floor":99,"turns":5},{"damage":190,"enemies":"Time Eater","floor":101,"turns":10}],"seed_played":"-2029855075174196017","potions_obtained":[{"floor":5.0,"key":"Swift Potion"},{"floor":10.0,"key":"DuplicationPotion"},{"floor":16.0,"key":"EntropicBrew"},{"floor":18.0,"key":"BlessingOfTheForge"},{"floor":27.0,"key":"Fire Potion"},{"floor":29.0,"key":"FearPotion"},{"floor":33.0,"key":"DuplicationPotion"},{"floor":35.0,"key":"PowerPotion"},{"floor":39.0,"key":"Regen Potion"},{"floor":40.0,"key":"Swift Potion"},{"floor":41.0,"key":"LiquidBronze"},{"floor":46.0,"key":"Block Potion"},{"floor":47.0,"key":"Strength Potion"},{"floor":48.0,"key":"Dexterity Potion"},{"floor":50.0,"key":"SneckoOil"},{"floor":52.0,"key":"Strength Potion"},{"floor":53.0,"key":"StancePotion"},{"floor":54.0,"key":"Ancient Potion"},{"floor":57.0,"key":"CultistPotion"},{"floor":59.0,"key":"BottledMiracle"},{"floor":67.0,"key":"PowerPotion"},{"floor":70.0,"key":"DistilledChaos"},{"floor":73.0,"key":"Fire Potion"},{"floor":76.0,"key":"Dexterity Potion"},{"floor":77,"key":"Explosive Potion"},{"floor":80,"key":"BlessingOfTheForge"},{"floor":84,"key":"CultistPotion"},{"floor":86,"key":"BlessingOfTheForge"},{"floor":94,"key":"Regen Potion"},{"floor":99,"key":"StancePotion"}],"is_trial":true,"path_per_floor":["M","?","$","?","M","E","R","?","T","E","E","R","$","M","R","B",null,"M","?","M","?","?","R","E","R","T","E","$","E","R","T","R","B",null,"M","?","?","T","M","E","?","?","T","$","T","E","M","M","R","B",null,"M","M","?","?","M","E","$","M","T","R","R","R","E","?","R","B",null,"M","M","$","?","E","R","?","M","E","$","?","E","R","M","R","B",null,"M","$","?","?","$","R","R","M","E","R","R","M","M","E","R","B"],"character_chosen":"WATCHER","items_purchased":["Sundial","Lee\u0027s Waffle","Runesmith:Locket","Toy Ornithopter","Gremlin Horn","RobotSpaceExplorer:DualCore","Orrery","CeramicFish","War Paint","PathToVictory+1","RobotSpaceExplorer:ScrapMissile","Swivel+1","Ragnarok","Chrysalis+1","Enlightenment+1","Girya","Happy Flower","Nirvana","RobotSpaceExplorer:GearShield+1","Wallop","FossilizedHelix","Akabeko","Frozen Eye","RobotSpaceExplorer:SlimeMissile","PrismaticShard","Molten Egg 2","RobotSpaceExplorer:Smokescreen+1","RobotSpaceExplorer:Counterblock+1","Lantern","Mercury Hourglass","TH:HealthInsurance","Wireheading"],"campfire_rested":17,"item_purchase_floors":[3,13,13,28,28,28,28,44,44,44,44,44,44,44,44,58,58,58,58,58,71,71,71,71,78,78,78,78,87,87,87,87],"current_hp_per_floor":[74,63,63,63,61,61,74,74,74,60,24,48,88,81,88,49,88,72,45,37,37,37,63,27,44,44,47,47,26,43,43,58,54,58,56,49,44,44,58,33,46,56,56,56,58,64,33,11,31,27,72,70,74,70,74,74,42,42,46,46,46,46,46,54,54,76,58,76,44,36,36,36,67,78,78,78,45,45,35,43,69,47,73,68,88,8,8,8,37,37,65,93,85,42,72,100,102,91,60,92,0,0],"gold":283,"neow_bonus":"","is_daily":false,"chose_seed":false,"campfire_upgraded":0,"win_rate":0.0,"timestamp":1613285237,"path_taken":["M","?","?","?","?","E","R","?","T","E","E","R","?","?","R","BOSS","M","?","?","?","?","R","E","R","T","E","$","E","R","?","R","BOSS","M","?","?","?","?","E","?","?","T","$","?","E","M","M","R","BOSS","M","M","?","?","M","E","$","?","T","R","R","R","?","?","R","BOSS","M","?","$","?","?","R","?","?","E","$","?","?","R","M","R","BOSS","M","$","?","?","?","R","R","M","E","R","R","M","M","?","R","BOSS"],"items_purchased_type":["Relic","Relic","Relic","Relic","Relic","Card","Relic","Relic","Relic","Card","Card","Card","Card","Card","Card","Relic","Relic","Card","Card","Card","Relic","Relic","Relic","Card","Relic","Relic","Card","Card","Relic","Relic","Relic","Card"],"build_version":"2020-12-22","purchased_purges":1,"victory":false,"max_hp_per_floor":[74,74,74,74,74,74,74,74,74,81,81,81,88,88,88,88,88,88,88,88,88,88,88,58,58,58,58,58,58,58,58,58,58,58,58,58,58,58,58,60,62,62,62,62,64,64,66,68,68,72,72,72,74,74,74,74,76,76,76,76,76,76,76,76,76,76,76,76,76,76,76,76,78,78,78,78,82,82,88,88,88,88,88,88,88,90,90,90,96,96,96,96,96,100,100,100,102,104,108,108,108,108],"relic_stats":{"Darkstone Periapt":12,"Gremlin Horn":[33,33],"Singing Bowl":38,"CeramicFish":351,"Bag of Preparation":[46],"Boot":[102],"Centennial Puzzle":[57],"Sundial":[8],"Gambling Chip":[70],"Pantograph":56,"Tiny Chest":6,"Necronomicon":[23],"InkBottle":[62],"Lee\u0027s Waffle":40,"Happy Flower":[29],"counters":[44,211],"War Paint":["ThirdEye","Jack Of All Trades"],"GoldenEye":[32],"MawBank":48,"Question Card":86,"Mercury Hourglass":[103],"Busted Crown":130,"Bronze Scales":[240],"obtain_stats":[{"Darkstone Periapt":51,"Lantern":87,"Gremlin Horn":28,"Singing Bowl":40,"CeramicFish":44,"Runesmith:Locket":13,"TH:Strongbox":31,"Bag of Preparation":51,"EVO:Axolotl":0,"Boot":38,"HollowMod:StagPassRelic":60,"PrismaticShard":78,"Frozen Eye":71,"Centennial Puzzle":45,"HornCleat":6,"Sundial":3,"Strawberry":10,"Gambling Chip":11,"Pantograph":43,"Philosopher\u0027s Stone":17,"Tiny Chest":29,"Necronomicon":79,"Red Mask":88,"Toxic Egg 2":26,"InkBottle":54,"HollowMod:QueensCombRelic":24,"Girya":58,"Lee\u0027s Waffle":13,"HollowMod:LifeEnderRelic":46,"Happy Flower":58,"War Paint":44,"GoldenEye":0,"MawBank":9,"Question Card":21,"White Beast Statue":27,"Akabeko":71,"Mercury Hourglass":87,"Du-Vu Doll":41,"Calling Bell":51,"Busted Crown":34,"Bronze Scales":67,"Orrery":28,"Molten Egg 2":78,"TH:HealthInsurance":87,"PureWater":0,"Toy Ornithopter":28,"FossilizedHelix":71,"Pocketwatch":51},{"Darkstone Periapt":21,"Lantern":38,"Gremlin Horn":11,"Singing Bowl":16,"CeramicFish":17,"Runesmith:Locket":5,"TH:Strongbox":12,"Bag of Preparation":21,"EVO:Axolotl":0,"Boot":14,"HollowMod:StagPassRelic":27,"PrismaticShard":34,"Frozen Eye":31,"Centennial Puzzle":17,"HornCleat":3,"Sundial":1,"Strawberry":4,"Gambling Chip":5,"Pantograph":17,"Philosopher\u0027s Stone":7,"Tiny Chest":12,"Necronomicon":34,"Red Mask":38,"Toxic Egg 2":10,"InkBottle":24,"HollowMod:QueensCombRelic":10,"Girya":26,"Lee\u0027s Waffle":5,"HollowMod:LifeEnderRelic":18,"Happy Flower":26,"War Paint":17,"GoldenEye":0,"MawBank":3,"Question Card":9,"White Beast Statue":11,"Akabeko":31,"Mercury Hourglass":38,"Du-Vu Doll":17,"Calling Bell":21,"Busted Crown":13,"Bronze Scales":29,"Orrery":11,"Molten Egg 2":34,"TH:HealthInsurance":38,"PureWater":0,"Toy Ornithopter":11,"FossilizedHelix":31,"Pocketwatch":21},{"Darkstone Periapt":107,"Lantern":175,"Gremlin Horn":53,"Singing Bowl":79,"CeramicFish":84,"Runesmith:Locket":21,"TH:Strongbox":58,"Bag of Preparation":107,"EVO:Axolotl":0,"Boot":69,"HollowMod:StagPassRelic":125,"PrismaticShard":156,"Frozen Eye":143,"Centennial Puzzle":84,"HornCleat":11,"Sundial":3,"Strawberry":16,"Gambling Chip":21,"Pantograph":84,"Philosopher\u0027s Stone":31,"Tiny Chest":58,"Necronomicon":156,"Red Mask":175,"Toxic Egg 2":46,"InkBottle":116,"HollowMod:QueensCombRelic":46,"Girya":124,"Lee\u0027s Waffle":21,"HollowMod:LifeEnderRelic":87,"Happy Flower":124,"War Paint":84,"GoldenEye":0,"MawBank":11,"Question Card":42,"White Beast Statue":53,"Akabeko":143,"Mercury Hourglass":175,"Du-Vu Doll":84,"Calling Bell":107,"Busted Crown":66,"Bronze Scales":137,"Orrery":53,"Molten Egg 2":156,"TH:HealthInsurance":175,"PureWater":0,"Toy Ornithopter":53,"FossilizedHelix":143,"Pocketwatch":107}],"Toy Ornithopter":70,"Pocketwatch":[21]},"card_choices":[{"not_picked":["RobotSpaceExplorer:Blitz","RobotSpaceExplorer:FreezeRay"],"picked":"EmptyFist","floor":1.0},{"not_picked":["RobotSpaceExplorer:Probe","RobotSpaceExplorer:SwiftStep"],"picked":"RobotSpaceExplorer:PlasmaMissile","floor":5.0},{"not_picked":["TH:DeckOfManyThings"],"picked":"TH:CopperCoins","floor":6.0},{"not_picked":["RobotSpaceExplorer:MetalStrike","RobotSpaceExplorer:FreezeRay"],"picked":"LessonLearned","floor":6.0},{"not_picked":["TH:ElvenBoots"],"picked":"TH:CopperCoins","floor":9.0},{"not_picked":["TH:EnergyPotion"],"picked":"TH:CopperCoins","floor":10.0},{"not_picked":["RobotSpaceExplorer:ScrapShield","RobotSpaceExplorer:ImprovisedAttack"],"picked":"CrushJoints","floor":10.0},{"not_picked":["TH:PixieDust"],"picked":"TH:BikiniMail","floor":11.0},{"not_picked":["RobotSpaceExplorer:ImprovisedAttack","RobotSpaceExplorer:MetalStrike"],"picked":"Perseverance","floor":11.0},{"not_picked":["RobotSpaceExplorer:SlimeMissile","RobotSpaceExplorer:Jetpack"],"picked":"CrushJoints","floor":14.0},{"not_picked":["TH:TreasureMap"],"picked":"TH:DeckOfManyThings","floor":16.0},{"not_picked":["MasterReality","RobotSpaceExplorer:Accelerator"],"picked":"Alpha","floor":16.0},{"not_picked":["RobotSpaceExplorer:Calculate","RobotSpaceExplorer:GlueSpray"],"picked":"RobotSpaceExplorer:SurgingStrike","floor":18.0},{"not_picked":["RobotSpaceExplorer:Calculate","FearNoEvil"],"picked":"RobotSpaceExplorer:PowerCollector","floor":20.0},{"not_picked":["TH:ElvenBoots","TH:EnergyPotion"],"picked":"TH:TreasureMap","floor":24.0},{"not_picked":["Crescendo","Swivel+1","BattleHymn"],"picked":"RobotSpaceExplorer:StarLightning","floor":24.0},{"not_picked":["TH:TreasureMap","TH:Mimic"],"picked":"TH:CopperCoins","floor":26.0},{"not_picked":["TH:ArmorSpikes","TH:ElvenBoots"],"picked":"TH:CopperCoins","floor":27.0},{"not_picked":["RobotSpaceExplorer:Probe","RobotSpaceExplorer:PlasmaMissile","ClearTheMind+1"],"picked":"ReachHeaven+1","floor":27.0},{"not_picked":["CutThroughFate","RobotSpaceExplorer:BigMissile","FlurryOfBlows"],"picked":"DeceiveReality+1","floor":28.0},{"not_picked":["RobotSpaceExplorer:Pulsar+1","RobotSpaceExplorer:SlimeMissile","JustLucky+1"],"picked":"Consecrate","floor":28.0},{"not_picked":["RobotSpaceExplorer:Reload+1","RobotSpaceExplorer:ShockMissile","EmptyFist"],"picked":"RobotSpaceExplorer:SurgingShield+1","floor":28.0},{"not_picked":["Fasting2+1","RobotSpaceExplorer:PowerGlove","Halt+1"],"picked":"RobotSpaceExplorer:SurgingStrike","floor":28.0},{"not_picked":["RobotSpaceExplorer:MiniDrones","RobotSpaceExplorer:Reload+1","RobotSpaceExplorer:Explosion"],"picked":"RobotSpaceExplorer:Pulsar+1","floor":28.0},{"not_picked":["TH:TreasureMap","TH:EnergyPotion"],"picked":"TH:BikiniMail","floor":29.0},{"not_picked":["RobotSpaceExplorer:ScrapToss","EmptyMind+1","CrushJoints"],"picked":"Evaluate+1","floor":29.0},{"not_picked":["TH:BikiniMail","TH:DeckOfManyThings"],"picked":"TH:CopperCoins","floor":31.0},{"not_picked":["TH:PixieDust","TH:Mimic"],"picked":"TH:CopperCoins","floor":33.0},{"not_picked":["RobotSpaceExplorer:BlastShield+1","RobotSpaceExplorer:ChargingLaser","RobotSpaceExplorer:HighVoltage"],"picked":"Wish+1","floor":33.0},{"not_picked":["ClearTheMind+1"],"picked":"RobotSpaceExplorer:Fix+1","floor":35.0},{"not_picked":["Purity+1"],"picked":"Secret Technique+1","floor":37.0},{"not_picked":["Impatience+1"],"picked":"Blind+1","floor":37.0},{"not_picked":[],"picked":"TH:CursedSword","floor":38.0},{"not_picked":["ThirdEye+1"],"picked":"SandsOfTime+1","floor":39.0},{"not_picked":["TH:TreasureMap"],"picked":"Singing Bowl","floor":40.0},{"not_picked":["InnerPeace+1"],"picked":"RobotSpaceExplorer:Electroshield+1","floor":40.0},{"not_picked":["RobotSpaceExplorer:ShovelStrike","ThirdEye+1"],"picked":"Singing Bowl","floor":41.0},{"not_picked":[],"picked":"TH:CursedSword","floor":43.0},{"not_picked":["TH:Mimic"],"picked":"Singing Bowl","floor":45.0},{"not_picked":[],"picked":"TH:ArmorSpikes","floor":46.0},{"not_picked":["Protect+1"],"picked":"RobotSpaceExplorer:ChargingLaser","floor":46.0},{"not_picked":["RobotSpaceExplorer:SwiftStep+1","EmptyFist"],"picked":"Singing Bowl","floor":47.0},{"not_picked":["ClearTheMind+1","RobotSpaceExplorer:StunGrenade"],"picked":"Singing Bowl","floor":48.0},{"not_picked":["TH:ElvenBoots"],"picked":"Singing Bowl","floor":50.0},{"not_picked":["RobotSpaceExplorer:Autoloader","RobotSpaceExplorer:DroneSwarm"],"picked":"Singing Bowl","floor":50.0},{"not_picked":["RobotSpaceExplorer:SurgingStrike"],"picked":"RobotSpaceExplorer:SurgingShield+1","floor":52.0},{"not_picked":["JustLucky","RobotSpaceExplorer:Probe"],"picked":"Singing Bowl","floor":53.0},{"not_picked":["FlyingSleeves"],"picked":"RobotSpaceExplorer:Discharger","floor":54.0},{"not_picked":["RobotSpaceExplorer:SwiftStep+1"],"picked":"Conclude","floor":56.0},{"not_picked":["TH:ElvenBoots"],"picked":"Singing Bowl","floor":57.0},{"not_picked":["RobotSpaceExplorer:ScrapToss"],"picked":"RobotSpaceExplorer:SelfCleaning+1","floor":57.0},{"not_picked":["RobotSpaceExplorer:ImprovisedAttack"],"picked":"Consecrate","floor":59.0},{"not_picked":[],"picked":"TH:CursedSword","floor":60.0},{"not_picked":[],"picked":"TH:CopperCoins","floor":64.0},{"not_picked":["Indignation+1"],"picked":"RobotSpaceExplorer:Exploration+1","floor":64.0},{"not_picked":[],"picked":"TH:ArmorSpikes","floor":67.0},{"not_picked":["Alpha+1"],"picked":"Wish+1","floor":67.0},{"not_picked":["RobotSpaceExplorer:MetalStrike"],"picked":"RobotSpaceExplorer:Counterblock+1","floor":69.0},{"not_picked":["RobotSpaceExplorer:SurgingStrike"],"picked":"Prostrate+1","floor":70.0},{"not_picked":[],"picked":"TH:CopperCoins","floor":73.0},{"not_picked":["RobotSpaceExplorer:PlasmaMissile+1","Meditate+1"],"picked":"Singing Bowl","floor":73.0},{"not_picked":["RobotSpaceExplorer:Explosion"],"picked":"ThirdEye+1","floor":76.0},{"not_picked":["TH:PixieDust"],"picked":"Singing Bowl","floor":77},{"not_picked":["EmptyFist","RobotSpaceExplorer:SurgingStrike"],"picked":"Singing Bowl","floor":77},{"not_picked":[],"picked":"TH:CursedSword","floor":80},{"not_picked":["HollowMod:ShadowDash+1"],"picked":"FollowUp+1","floor":80},{"not_picked":["Undo+1"],"picked":"Disarm+1","floor":82},{"not_picked":[],"picked":"TH:CursedSword","floor":84},{"not_picked":["Runesmith:Supernova+1"],"picked":"Secret Technique+1","floor":84},{"not_picked":["chefmod:Granita+1","Adaptation"],"picked":"Singing Bowl","floor":86},{"not_picked":["RobotSpaceExplorer:RigExplosive+1"],"picked":"FTL+1","floor":93},{"not_picked":["TH:TreasureMap"],"picked":"Singing Bowl","floor":94},{"not_picked":["HollowMod:CrystalDash+1","Runesmith:CraftProtectio+1"],"picked":"Singing Bowl","floor":94},{"not_picked":["chefmod:QuickChop+1","HollowMod:DescendingDark+1"],"picked":"Singing Bowl","floor":97},{"not_picked":["HollowMod:SiblingsShadow+1","Catalyst+1"],"picked":"Singing Bowl","floor":98},{"not_picked":["TH:EnergyPotion"],"picked":"Singing Bowl","floor":99},{"not_picked":["HollowMod:VengefulVoid+1","TH:DeckOfManyThings"],"picked":"Singing Bowl","floor":99}],"player_experience":220269,"relics_obtained":[{"floor":6.0,"key":"HornCleat"},{"floor":9.0,"key":"MawBank"},{"floor":10.0,"key":"Strawberry"},{"floor":11.0,"key":"Gambling Chip"},{"floor":24.0,"key":"HollowMod:QueensCombRelic"},{"floor":26.0,"key":"Toxic Egg 2"},{"floor":27.0,"key":"White Beast Statue"},{"floor":29.0,"key":"Tiny Chest"},{"floor":31.0,"key":"TH:Strongbox"},{"floor":38.0,"key":"Boot"},{"floor":40.0,"key":"Singing Bowl"},{"floor":41.0,"key":"Du-Vu Doll"},{"floor":43.0,"key":"Pantograph"},{"floor":45.0,"key":"Centennial Puzzle"},{"floor":46.0,"key":"HollowMod:LifeEnderRelic"},{"floor":51.0,"key":"Darkstone Periapt"},{"floor":51.0,"key":"Pocketwatch"},{"floor":51.0,"key":"Bag of Preparation"},{"floor":54.0,"key":"InkBottle"},{"floor":60.0,"key":"HollowMod:StagPassRelic"},{"floor":67.0,"key":"Bronze Scales"},{"floor":79,"key":"Necronomicon"}],"event_choices":[{"damage_healed":0.0,"max_hp_gain":0.0,"max_hp_loss":0.0,"gold_gain":75.0,"event_name":"World of Goop","player_choice":"Gather Gold","floor":2.0,"gold_loss":0.0,"damage_taken":11.0},{"damage_healed":0.0,"max_hp_gain":0.0,"max_hp_loss":0.0,"gold_gain":62.0,"event_name":"Golden Wing","player_choice":"Gained Gold","floor":4.0,"gold_loss":0.0,"damage_taken":0.0},{"damage_healed":0.0,"max_hp_gain":0.0,"max_hp_loss":0.0,"gold_gain":0.0,"event_name":"Liars Game","player_choice":"Ignored","floor":8.0,"gold_loss":0.0,"damage_taken":0.0},{"damage_healed":0.0,"max_hp_gain":0.0,"max_hp_loss":0.0,"gold_gain":0.0,"event_name":"Knowing Skull","player_choice":"CARD CARD CARD ","floor":19.0,"potions_obtained":[],"gold_loss":0.0,"damage_taken":27.0,"cards_obtained":["Deep Breath","Jack Of All Trades","PanicButton"]},{"damage_healed":0.0,"max_hp_gain":0.0,"max_hp_loss":0.0,"gold_gain":0.0,"event_name":"The Mausoleum","player_choice":"Opened","floor":21.0,"gold_loss":0.0,"damage_taken":0.0,"relics_obtained":["Question Card"],"cards_obtained":["Writhe"]},{"damage_healed":0.0,"max_hp_gain":0.0,"max_hp_loss":0.0,"gold_gain":0.0,"event_name":"Ghosts","player_choice":"Ignored","floor":22.0,"gold_loss":0.0,"damage_taken":0.0},{"damage_healed":0.0,"max_hp_gain":0.0,"max_hp_loss":0.0,"gold_gain":0.0,"event_name":"Winding Halls","player_choice":"Embrace Madness","floor":36.0,"gold_loss":0.0,"damage_taken":7.0,"cards_obtained":["Madness","Madness"]},{"damage_healed":0.0,"max_hp_gain":0.0,"max_hp_loss":0.0,"gold_gain":0.0,"event_name":"SensoryStone","player_choice":"Memory 2","floor":37.0,"gold_loss":0.0,"damage_taken":5.0},{"damage_healed":0.0,"max_hp_gain":0.0,"max_hp_loss":0.0,"gold_gain":0.0,"event_name":"Mysterious Sphere","player_choice":"Fight","floor":41.0,"gold_loss":0.0,"damage_taken":0.0},{"damage_healed":0.0,"max_hp_gain":0.0,"max_hp_loss":0.0,"gold_gain":0.0,"event_name":"Dead Adventurer","player_choice":"Searched \u00271\u0027 times","floor":54.0,"gold_loss":0.0,"damage_taken":0.0},{"damage_healed":4.0,"max_hp_gain":0.0,"max_hp_loss":0.0,"gold_gain":0.0,"event_name":"Wheel of Change","player_choice":"Full Heal","floor":55.0,"gold_loss":0.0,"damage_taken":0.0},{"damage_healed":0.0,"max_hp_gain":0.0,"max_hp_loss":0.0,"gold_gain":0.0,"cards_transformed":["RobotSpaceExplorer:ImprovisedAttack"],"event_name":"Transmorgrifier","player_choice":"Transformed","floor":65.0,"gold_loss":0.0,"damage_taken":0.0,"cards_obtained":["RobotSpaceExplorer:StarLightning"]},{"damage_healed":0.0,"max_hp_gain":0.0,"max_hp_loss":0.0,"gold_gain":0.0,"event_name":"Vampires","player_choice":"Ignored","floor":72.0,"gold_loss":0.0,"damage_taken":0.0},{"damage_healed":0.0,"max_hp_gain":0.0,"max_hp_loss":0.0,"gold_gain":0.0,"event_name":"Wheel of Change","player_choice":"Full Heal","floor":75.0,"gold_loss":0.0,"damage_taken":0.0},{"damage_healed":0,"gold_gain":0,"player_choice":"Obtained Book","damage_taken":16,"max_hp_gain":0,"max_hp_loss":0,"event_name":"Cursed Tome","floor":79,"gold_loss":0},{"damage_healed":0,"gold_gain":0,"player_choice":"Paid","damage_taken":0,"relics_obtained":["Red Mask"],"max_hp_gain":0,"max_hp_loss":0,"event_name":"Tomb of Lord Red Mask","floor":88,"gold_loss":167},{"damage_healed":23,"gold_gain":0,"player_choice":"Writhe","damage_taken":0,"max_hp_gain":0,"max_hp_loss":0,"event_name":"Winding Halls","floor":89,"gold_loss":0,"cards_obtained":["Writhe"]}],"is_beta":false,"boss_relics":[{"not_picked":["VioletLotus","SlaversCollar"],"picked":"Philosopher\u0027s Stone"},{"not_picked":["Sozu","Empty Cage"],"picked":"Busted Crown"},{"not_picked":["Runic Dome","Black Star"],"picked":"Calling Bell"},{"not_picked":["TwistingMind"],"picked":"Scatterbrain"},{"not_picked":["BlightedDurian"],"picked":"GraspOfShadows"}],"items_purged_floors":[44],"is_endless":true,"potions_floor_spawned":[5,10,16,18,20,27,29,33,35,39,40,41,46,47,48,50,52,53,54,56,57,59,64,67,69,70,73,76,77,80,82,84,86,93,94,97,98,99],"killed_by":"Time Eater","ascension_level":1}}