{"host":"mvy2rmdvyttjfm6x","time":1613324995,"event":{"mods":["AchievementEnabler","BaseMod","Keyboard Shortcuts","Lobotomy","Minty Spire (QoL Compilation)","Quick Restart","StSLib"],"gold_per_floor":[118,137,149,168,182,182,217,231,231,242,252,252,266,266,266,266,266],"floor_reached":16,"language":"KOR","playtime":1552,"items_purged":[],"score":158,"play_id":"7448ee0a-bf5a-444b-b856-1e7acb8dbd3b","local_time":"20210215024955","is_ascension_mode":false,"campfire_choices":[],"circlet_count":0,"master_deck":["ApocalypseBird","PunishingBird","LongBird","BigBird","SpecialBullet","SpecialBullet","SpecialBullet","SpecialBullet","SpecialBullet","SpecialBullet","SpecialBullet","SpecialBullet","SecurityCode","ExtractionCode","TrainingCode","Spore","RedShoes","Moonlight","FieryBird","Ecstasy","MeatLantern","OldLady","RapturousDream","CrumblingArmor","Wingbeat+1","ScreamingWedge+1","Gaze+1","SnowQueen","BlueStar","InformationCode","Hornet+1","SomewhereSpear+1","TodaysExpression+1"],"relics":["CogitoBucket","Lantern","RabbitCall","Gremlin Horn","LuminousBracelet","Blue Candle","Twilight"],"acts_visited":["Exordium"],"potions_floor_usage":[8],"damage_taken":[{"damage":12.0,"enemies":"2 Louse","floor":1.0,"turns":2.0},{"damage":14.0,"enemies":"Jaw Worm","floor":2.0,"turns":2.0},{"damage":2.0,"enemies":"Small Slimes","floor":3.0,"turns":3.0},{"damage":19.0,"enemies":"3 Louse","floor":4.0,"turns":2.0},{"damage":31.0,"enemies":"Large Slime","floor":5.0,"turns":5.0},{"damage":19.0,"enemies":"3 Sentries","floor":7.0,"turns":6.0},{"damage":28,"enemies":"2 Fungi Beasts","floor":8,"turns":12},{"damage":2,"enemies":"Looter","floor":10,"turns":3},{"damage":4,"enemies":"Exordium Wildlife","floor":11,"turns":5},{"damage":17,"enemies":"2 Fungi Beasts","floor":13,"turns":2},{"damage":143,"enemies":"3 Louse","floor":14,"turns":16},{"damage":69,"enemies":"The Guardian","floor":16,"turns":6}],"seed_played":"-1809012343162591435","potions_obtained":[{"floor":1.0,"key":"Strength Potion"},{"floor":3.0,"key":"PowerPotion"},{"floor":7.0,"key":"Block Potion"},{"floor":13,"key":"BlessingOfTheForge"}],"is_trial":false,"path_per_floor":["M","M","M","M","M","R","E","M","T","M","M","R","M","M","R","B"],"character_chosen":"Angela","items_purchased":[],"campfire_rested":0,"item_purchase_floors":[],"current_hp_per_floor":[66,60,66,55,24,24,13,37,37,45,54,54,46,35,35,0,0],"gold":266,"neow_bonus":"RANDOM_COMMON_RELIC","is_daily":false,"chose_seed":false,"campfire_upgraded":0,"win_rate":0.0,"timestamp":1613324995,"path_taken":["M","M","M","M","M","R","E","M","T","M","M","R","M","M","R","BOSS"],"items_purchased_type":[],"build_version":"2020-12-22","purchased_purges":0,"victory":false,"max_hp_per_floor":[70,70,70,70,70,70,70,85,85,85,85,85,85,85,85,85,85],"card_choices":[{"not_picked":["Logging"],"picked":"Spore","floor":1.0},{"not_picked":["Bloodbath","Wellcheers"],"picked":"RedShoes","floor":1.0},{"not_picked":["FourthMatchFlame","Noise"],"picked":"SKIP","floor":1.0},{"not_picked":["Hypocrisy"],"picked":"Moonlight","floor":2.0},{"not_picked":["WallGazer","Scarecrow"],"picked":"BigBird","floor":2.0},{"not_picked":["CUTE","SolemnVow"],"picked":"SKIP","floor":2.0},{"not_picked":["BeautyBeast","MeatLantern"],"picked":"FieryBird","floor":3.0},{"not_picked":["Regret_ego"],"picked":"Ecstasy","floor":3.0},{"not_picked":["SolemnVow","RedEyes"],"picked":"SKIP","floor":3.0},{"not_picked":["CherryBlossoms","DespairKnight"],"picked":"MeatLantern","floor":4.0},{"not_picked":["Adoration","Tough","Wingbeat"],"picked":"SKIP","floor":4.0},{"not_picked":["FairyFestival","OSAHOGD"],"picked":"OldLady","floor":5.0},{"not_picked":["DaCapo","GrinderMk4"],"picked":"RapturousDream","floor":5.0},{"not_picked":["Christmas","WristCuter","Moonlight"],"picked":"SKIP","floor":5.0},{"not_picked":["WallGazer","QueenBee"],"picked":"CrumblingArmor","floor":7.0},{"not_picked":["Loneliness+1","FourthMatchFlame+1"],"picked":"Wingbeat+1","floor":7.0},{"not_picked":["Loneliness+1","RedEyes+1","Beak+1"],"picked":"SKIP","floor":7.0},{"not_picked":["GrinderMk4+1","Tough+1"],"picked":"ScreamingWedge+1","floor":8},{"not_picked":["Murderer","Wellcheers"],"picked":"LongBird","floor":8},{"not_picked":["Regret_ego+1","CUTE+1","RapturousDream+1"],"picked":"SKIP","floor":8},{"not_picked":["Loneliness+1","Penitence+1"],"picked":"Gaze+1","floor":10},{"not_picked":["SilentOrchestra","GreedKing"],"picked":"SnowQueen","floor":10},{"not_picked":["Moonlight+1","Harmony+1","Penitence+1"],"picked":"SKIP","floor":10},{"not_picked":["Funeral","HeroicMonk"],"picked":"BlueStar","floor":11},{"not_picked":["FrostShard+1","Lantern+1","Amita+1"],"picked":"SKIP","floor":11},{"not_picked":["RedEyes+1","Spore+1","RapturousDream+1"],"picked":"SKIP","floor":11},{"not_picked":["WallGazer","Wellcheers"],"picked":"PunishingBird","floor":13},{"not_picked":["Soda+1","Logging+1"],"picked":"Hornet+1","floor":13},{"not_picked":["Pinks+1","Gaze+1"],"picked":"SomewhereSpear+1","floor":14},{"not_picked":["ShyLook","Bloodbath","CherryBlossoms"],"picked":"Singing Bowl","floor":14},{"not_picked":["Regret_ego+1","CherryBlossom+1"],"picked":"TodaysExpression+1","floor":14}],"player_experience":120988,"relics_obtained":[{"floor":7.0,"key":"Gremlin Horn"},{"floor":9,"key":"Blue Candle"},{"floor":14,"key":"Twilight"}],"event_choices":[],"is_beta":false,"boss_relics":[],"items_purged_floors":[],"is_endless":false,"potions_floor_spawned":[1,3,7,13],"killed_by":"The Guardian","ascension_level":0}}