{"host":"4b06nrmhsmzqjm1r","time":1613338315,"event":{"mods":["2.2 Compatiblity","AchievementEnabler","BaseMod","BetterRewards","Colored Map","Colored Powertips","Downfall","Hermit","Highlight Path","Minty Spire (QoL Compilation)","StSLib","The Cursed"],"gold_per_floor":[99,117,128,138,138,138,189,23,58,58,76,93,104,554,574,672,672,572,592,606,77,77,15,15,115,115,131,158,158,58,78,97,197,197,197,216,230,230,248,1247,1274,1174,1174,1221,835,852,872,885,900,900,900,933,84,84,84,84],"floor_reached":57,"language":"ENG","playtime":16461,"items_purged":["sneckomod:Strike","Normality","Normality"],"score":1478,"play_id":"4bde0a94-03f9-435f-ad58-8fab7d2a4da4","local_time":"20210214223155","is_ascension_mode":false,"campfire_choices":[{"data":"sneckomod:Unknown","floor":1,"key":"SMITH"},{"floor":10,"key":"DIG"},{"floor":18,"key":"RECALL"},{"floor":30,"key":"DIG"},{"floor":35,"key":"DIG"},{"floor":42,"key":"DIG"}],"circlet_count":0,"master_deck":["sneckomod:Strike+1","sneckomod:Strike","sneckomod:Defend","sneckomod:Defend","sneckomod:TailWhip","sneckomod:SnekBite","sneckomod:Unknown+1","sneckomod:Unknown","sneckomod:QuickMove","sneckomod:SlitherStrike","sneckomod:SnakeSap+1","sneckomod:WideSting","sneckomod:UnknownUncommonPower","sneckomod:Unknown1Cost","sneckomod:Nope","sneckomod:Restock","sneckomod:UnknownUncommonPower","sneckomod:QuickBite","downfall:Icky","downfall:Icky","downfall:Icky","sneckomod:UnendingSupply","sneckomod:MorePower","sneckomod:UnknownRareSkill+1","sneckomod:UnknownCommonAttack+1","sneckomod:UnknownExhaust+1","sneckomod:UnknownRareAttack+1","sneckomod:SlitherStrike","sneckomod:UnknownUncommonSkill+1","sneckomod:SlitherStrike+1","sneckomod:Nope","sneckomod:DiceBlock","Slimebound:CheckThePlaybook","downfall:Icky","sneckomod:UnknownUncommonAttack+1","sneckomod:SerpentMind","sneckomod:SoulCleanse+1","sneckomod:TrashToTreasure","sneckomod:QuickBite","sneckomod:UnlimitedRolls","sneckomod:SoulRoll+1","sneckomod:ImprovisedGuard+1","sneckomod:UnknownClassRED","sneckomod:UnknownClassGREEN+1","sneckomod:Unknown2Cost+1","sneckomod:CheapStock+1","sneckomod:TrashToTreasure","sneckomod:SlitherStrike+1","sneckomod:UnknownBlock+1","sneckomod:QuickBite+1","Parasite","sneckomod:Nope+1","sneckomod:UnknownBoss+1","sneckomod:UnknownDraw","Demon Form+1"],"relics":["sneckomod:SneckoSoul","Letter Opener","Centennial Puzzle","Shovel","Boot","Snecko Eye","downfall:HeartBlessingGreen","Strange Spoon","Happy Flower","Bag of Preparation","Du-Vu Doll","Ice Cream","Eternal Feather","Meat on the Bone","downfall:HeartBlessingRed","Sundial","Runic Pyramid","Molten Egg 2","Orichalcum","downfall:HeartBlessingBlue","Art of War","Gremlin Horn","Peace Pipe","ClockworkSouvenir","Toy Ornithopter","Oddly Smooth Stone","TungstenRod","OrangePellets","Whetstone","Incense Burner"],"acts_visited":["Exordium","TheCity","TheBeyond","TheEnding"],"potions_floor_usage":[16,19,20,28,45,48,50,56,56,56,56],"damage_taken":[{"damage":0,"enemies":"Cultist","floor":2,"turns":4},{"damage":11,"enemies":"Jaw Worm","floor":3,"turns":2},{"damage":2,"enemies":"Small Slimes","floor":4,"turns":3},{"damage":0,"enemies":"downfall:FleeingMerchant","floor":8,"turns":4},{"damage":22,"enemies":"Lagavulin","floor":9,"turns":7},{"damage":9,"enemies":"Gremlin Gang","floor":11,"turns":3},{"damage":0,"enemies":"Large Slime","floor":12,"turns":3},{"damage":5,"enemies":"downfall:LooterAlt","floor":13,"turns":3},{"damage":1,"enemies":"3 Louse","floor":15,"turns":1},{"damage":37,"enemies":"DF_ARCHETYPE_STREAMLINE","floor":16,"turns":14},{"damage":14,"enemies":"downfall:LooterAlt2","floor":19,"turns":4},{"damage":18,"enemies":"Chosen","floor":20,"turns":5},{"damage":6,"enemies":"downfall:FleeingMerchant","floor":21,"turns":4},{"damage":6,"enemies":"downfall:FleeingMerchant","floor":23,"turns":4},{"damage":26,"enemies":"Colosseum Nobs","floor":25,"turns":4},{"damage":0,"enemies":"Snecko","floor":27,"turns":2},{"damage":6,"enemies":"Slavers","floor":28,"turns":2},{"damage":0,"enemies":"Shelled Parasite and Fungi","floor":31,"turns":1},{"damage":2,"enemies":"Centurion and Healer","floor":32,"turns":2},{"damage":23,"enemies":"IC_MUSHROOM_ARCHETYPE","floor":33,"turns":3},{"damage":3,"enemies":"Orb Walker","floor":36,"turns":2},{"damage":1,"enemies":"3 Darklings","floor":37,"turns":2},{"damage":21,"enemies":"Jaw Worm Horde","floor":39,"turns":3},{"damage":0,"enemies":"2 Orb Walkers","floor":44,"turns":3},{"damage":0,"enemies":"downfall:FleeingMerchant","floor":45,"turns":2},{"damage":45,"enemies":"4 Shapes","floor":46,"turns":3},{"damage":4,"enemies":"Sphere and 2 Shapes","floor":47,"turns":2},{"damage":15,"enemies":"Writhing Mass","floor":48,"turns":6},{"damage":0,"enemies":"Transient","floor":49,"turns":5},{"damage":102,"enemies":"SI_POISON_ARCHETYPE","floor":50,"turns":7},{"damage":34,"enemies":"downfall:CharBossMerchant","floor":52,"turns":4},{"damage":26,"enemies":"downfall:NeowBoss","floor":55,"turns":8},{"damage":24,"enemies":"downfall:NeowBossFinal","floor":56,"turns":6}],"seed_played":"6039185392311070865","potions_obtained":[{"floor":4,"key":"GamblersBrew"},{"floor":11,"key":"DuplicationPotion"},{"floor":13,"key":"Block Potion"},{"floor":15,"key":"EntropicBrew"},{"floor":16,"key":"sneckomod:MuddlingPotion"},{"floor":19,"key":"LiquidBronze"},{"floor":25,"key":"GamblersBrew"},{"floor":27,"key":"LiquidBronze"},{"floor":32,"key":"sneckomod:CheatPotion"},{"floor":48,"key":"Ancient Potion"},{"floor":49,"key":"bronze:BurnAndBuffPotion"}],"is_trial":false,"path_per_floor":["R","M","M","M","?","?","T","$","E","R","M","M","M","?","M","B",null,"R","M","M","$","?","$","T","?","?","M","E","?","R","M","M","B",null,"R","M","M","?","M","?","T","R","T","?","$","M","M","M","M","B",null,"E","$","R","B","B",null],"character_chosen":"THE_SNECKO","items_purchased":["sneckomod:WideSting","sneckomod:UnknownUncommonPower","sneckomod:Unknown1Cost","Strange Spoon","Happy Flower","Bag of Preparation","sneckomod:Nope","sneckomod:SlitherStrike+1","ClockworkSouvenir","Toy Ornithopter","Oddly Smooth Stone","FairyPotion","OrangePellets","Whetstone","Incense Burner","Guardian:BlockOnCardUsePotion","FearPotion"],"campfire_rested":0,"item_purchase_floors":[8,8,8,21,21,21,23,45,45,45,45,45,53,53,53,53,53],"current_hp_per_floor":[99,99,88,86,79,84,84,84,62,62,53,53,48,48,47,10,99,99,85,67,61,61,55,55,29,29,29,23,23,44,56,54,43,99,99,96,95,95,74,74,74,109,109,109,109,64,60,62,62,54,109,75,75,108,82,78],"gold":84,"neow_bonus":"TEN_PERCENT_HP_BONUS","is_daily":false,"chose_seed":false,"campfire_upgraded":1,"win_rate":0.0,"timestamp":1613338315,"path_taken":["R","M","?","M","?","?","T","$","E","R","M","M","?","?","M","BOSS","R","M","M","$","?","$","T","?","?","M","E","?","R","M","M","BOSS","R","M","M","?","?","?","T","R","?","?","$","?","M","M","M","BOSS","E","$","R","BOSS","BOSS"],"items_purchased_type":["Card","Card","Card","Relic","Relic","Relic","Card","Card","Relic","Relic","Relic","Potion","Relic","Relic","Relic","Potion","Potion"],"build_version":"2020-12-22","purchased_purges":3,"victory":true,"max_hp_per_floor":[99,99,99,99,99,99,99,99,99,99,99,99,99,99,99,99,99,99,99,99,99,99,99,99,99,99,99,99,99,99,99,99,99,99,99,99,99,99,99,99,99,109,109,109,109,109,109,109,109,109,109,109,109,109,109,109],"card_choices":[{"not_picked":["sneckomod:UnknownCommonSkill","sneckomod:Unknown1Cost"],"picked":"sneckomod:QuickMove","floor":2},{"not_picked":["sneckomod:UnknownWeak","sneckomod:UnknownVulnerable"],"picked":"sneckomod:UnknownBlock","floor":3},{"not_picked":["sneckomod:Unknown1Cost","sneckomod:UnknownCommonSkill"],"picked":"sneckomod:SlitherStrike","floor":4},{"not_picked":["sneckomod:UnknownBlock","sneckomod:SoulDraw"],"picked":"sneckomod:SnakeSap","floor":8},{"not_picked":["sneckomod:CheapStock","sneckomod:UnknownX"],"picked":"sneckomod:Nope","floor":9},{"not_picked":["sneckomod:Unknown1Cost","sneckomod:UnknownBlock"],"picked":"sneckomod:Restock","floor":11},{"not_picked":["sneckomod:SoulRoll","sneckomod:IronFang"],"picked":"sneckomod:UnknownUncommonPower","floor":12},{"not_picked":["sneckomod:RainOfDice","sneckomod:DiceBlock"],"picked":"sneckomod:QuickBite","floor":13},{"not_picked":["sneckomod:RainOfDice","sneckomod:DiceBlock"],"picked":"sneckomod:UnendingSupply","floor":15},{"not_picked":["sneckomod:DangerNoodle","sneckomod:UnknownRarePower"],"picked":"sneckomod:MorePower","floor":16},{"not_picked":["sneckomod:UnknownExhaust+1","sneckomod:UnknownBlock+1"],"picked":"sneckomod:UnknownRareSkill+1","floor":19},{"not_picked":["sneckomod:UnendingSupply","sneckomod:UnknownCommonSkill"],"picked":"sneckomod:UnknownCommonAttack+1","floor":19},{"not_picked":["sneckomod:UnknownCommonAttack","sneckomod:SerpentMind"],"picked":"sneckomod:UnknownExhaust+1","floor":20},{"not_picked":["sneckomod:Unknown0Cost+1","sneckomod:UnknownCommonAttack+1"],"picked":"sneckomod:UnknownRareAttack+1","floor":21},{"not_picked":["sneckomod:WideSting+1","sneckomod:UnknownDraw"],"picked":"sneckomod:SlitherStrike","floor":21},{"not_picked":["sneckomod:UnknownClassGUARDIAN+1","sneckomod:UnknownUncommonAttack+1"],"picked":"sneckomod:UnknownUncommonSkill+1","floor":23},{"not_picked":["sneckomod:Nope","sneckomod:MasterEye"],"picked":"sneckomod:SlitherStrike+1","floor":23},{"not_picked":["sneckomod:Unknown0Cost","sneckomod:ImprovisedGuard"],"picked":"sneckomod:DiceBlock","floor":25},{"not_picked":["sneckomod:UnknownStrike+1","sneckomod:UnknownUncommonPower+1"],"picked":"sneckomod:UnknownUncommonAttack+1","floor":27},{"not_picked":["sneckomod:UnknownStrike+1","sneckomod:Unknown0Cost"],"picked":"sneckomod:SerpentMind","floor":27},{"not_picked":["sneckomod:DefensiveFlair+1","sneckomod:SlitherStrike"],"picked":"sneckomod:SoulCleanse+1","floor":28},{"not_picked":["sneckomod:UnknownUncommonPower","sneckomod:MasterEye"],"picked":"sneckomod:TrashToTreasure","floor":31},{"not_picked":["sneckomod:SoulRoll","sneckomod:IronFang"],"picked":"sneckomod:QuickBite","floor":32},{"not_picked":["sneckomod:SoulExchange","sneckomod:UnknownRareSkill"],"picked":"sneckomod:UnlimitedRolls","floor":33},{"not_picked":["sneckomod:UnknownWeak+1","sneckomod:UnknownUncommonSkill+1"],"picked":"sneckomod:UnknownRarePower+1","floor":36},{"not_picked":["sneckomod:DiceBlock+1","sneckomod:Cheat"],"picked":"sneckomod:SoulRoll+1","floor":36},{"not_picked":["sneckomod:UnendingSupply+1","sneckomod:UnknownExhaust"],"picked":"sneckomod:ImprovisedGuard+1","floor":37},{"not_picked":["sneckomod:UnknownCommonSkill","sneckomod:UnknownClassGUARDIAN+1"],"picked":"sneckomod:UnknownClassRED","floor":39},{"not_picked":["sneckomod:UnknownClassGUARDIAN+1","sneckomod:UnknownStrike+1"],"picked":"sneckomod:UnknownClassGREEN+1","floor":39},{"not_picked":["sneckomod:UnknownCommonSkill+1","sneckomod:UnknownWeak+1"],"picked":"sneckomod:Unknown2Cost+1","floor":44},{"not_picked":["sneckomod:DefensiveFlair+1","sneckomod:SoulRoll+1"],"picked":"sneckomod:CheapStock+1","floor":44},{"not_picked":["sneckomod:UnknownCommonAttack+1","sneckomod:UnlimitedRolls"],"picked":"sneckomod:TrashToTreasure","floor":45},{"not_picked":["sneckomod:UnknownClassRED+1","sneckomod:UnknownX+1"],"picked":"sneckomod:UnknownBlock+1","floor":46},{"not_picked":["sneckomod:Unknown1Cost+1","sneckomod:UnknownCommonAttack+1"],"picked":"sneckomod:QuickBite+1","floor":46},{"not_picked":["sneckomod:DiceBlock","sneckomod:UnknownVulnerable","sneckomod:RainOfDice+1"],"picked":"SKIP","floor":47},{"not_picked":["sneckomod:UnknownCommonSkill+1","sneckomod:UnknownX"],"picked":"sneckomod:Nope+1","floor":48},{"not_picked":["sneckomod:UnknownUncommonAttack+1","sneckomod:UnknownUncommonSkill+1"],"picked":"sneckomod:UnknownBoss+1","floor":49},{"not_picked":["sneckomod:UnknownCommonSkill+1","sneckomod:UnknownDraw+1","sneckomod:UnknownClassGREEN"],"picked":"SKIP","floor":49},{"not_picked":["sneckomod:DefensiveFlair","sneckomod:IronFang+1"],"picked":"sneckomod:UnknownDraw","floor":52}],"player_experience":250379,"relics_obtained":[{"floor":7,"key":"Centennial Puzzle"},{"floor":9,"key":"Shovel"},{"floor":10,"key":"Boot"},{"floor":24,"key":"Du-Vu Doll"},{"floor":25,"key":"Ice Cream"},{"floor":25,"key":"Eternal Feather"},{"floor":28,"key":"Meat on the Bone"},{"floor":30,"key":"Sundial"},{"floor":35,"key":"Molten Egg 2"},{"floor":38,"key":"Orichalcum"},{"floor":42,"key":"Art of War"},{"floor":43,"key":"Gremlin Horn"},{"floor":44,"key":"Peace Pipe"},{"floor":52,"key":"TungstenRod"}],"event_choices":[{"damage_healed":0,"gold_gain":0,"player_choice":"Success","damage_taken":7,"relics_obtained":["Letter Opener"],"max_hp_gain":0,"max_hp_loss":0,"event_name":"Scrap Ooze","floor":5,"gold_loss":0},{"cards_removed":["sneckomod:UnknownBlock"],"damage_healed":5,"gold_gain":0,"player_choice":"Offered Common","damage_taken":0,"max_hp_gain":0,"max_hp_loss":0,"event_name":"Bonfire Elementals","floor":6,"gold_loss":0},{"cards_removed":["sneckomod:UnknownBlock"],"damage_healed":5,"gold_gain":0,"player_choice":"Offered Special","damage_taken":0,"max_hp_gain":0,"max_hp_loss":0,"event_name":"Bonfire Elementals","floor":6,"gold_loss":0},{"damage_healed":0,"gold_gain":0,"player_choice":"Ignored","damage_taken":0,"max_hp_gain":0,"max_hp_loss":0,"event_name":"Ghosts","floor":22,"gold_loss":0},{"damage_healed":0,"gold_gain":0,"player_choice":"Relic","damage_taken":0,"max_hp_gain":0,"max_hp_loss":0,"event_name":"Wheel of Change","floor":38,"gold_loss":0},{"damage_healed":0,"gold_gain":0,"player_choice":"Fight","damage_taken":0,"max_hp_gain":0,"max_hp_loss":0,"event_name":"Mysterious Sphere","floor":44,"gold_loss":0}],"is_beta":false,"boss_relics":[{"not_picked":["Empty Cage","Fusion Hammer"],"picked":"Snecko Eye"},{"not_picked":["Runic Dome","SacredBark"],"picked":"Runic Pyramid"}],"items_purged_floors":[21,45,53],"is_endless":false,"potions_floor_spawned":[4,11,13,15,16,19,25,27,32,33,44,46,47,48,49],"ascension_level":0}}