{"host":"24j0rle15g8q9bc9","time":1613312910,"event":{"mods":["2.2 Compatiblity","Act Like it!","Bartender","BaseMod","Better Note","Card Forge","Colored Map","Colored Powertips","DeckTracker","Downfall","Elementarium","Hallownest","Hubris","Jorbs\u0027s Wanderer Trilogy","Minty Spire (QoL Compilation)","Rare Cards Sparkle","Remilia??????","StSLib","The Bug Knight","The Death Knight","The Necromancer","Treasure Hunter"],"gold_per_floor":[41,41,55,55,72,72,102,102,102,27,59,71,71,82,82,180,180,191,290,290,300,310,340,340,39,63,78,78,105,105,207,207,217,229,0,0,18,43,43,66,84,100,134,134,134,134,134,33,60,60],"floor_reached":56,"language":"ENG","playtime":3516,"items_purged":["Strike_R+1"],"score":1428,"play_id":"7dae27ed-715c-49e0-9682-088c71cdd557","local_time":"20210214102830","is_ascension_mode":false,"campfire_choices":[{"floor":6,"key":"RECALL"},{"data":"TH:ElvenBoots","floor":8,"key":"SMITH"},{"floor":15,"key":"REST"},{"floor":24,"key":"REST"},{"floor":28,"key":"REST"},{"floor":32,"key":"REST"},{"floor":41,"key":"REST"},{"floor":49,"key":"REST"},{"floor":52,"key":"REST"}],"circlet_count":0,"master_deck":["Strike_R+1","Strike_R+1","Strike_R+1","Defend_R+1","Defend_R+1","Defend_R+1","Defend_R+1","Body Slam+1","Entrench+1","Flame Barrier+1","Ghostly Armor+1","Iron Wave+1","Shrug It Off+1","Battle Trance+1","Body Slam+1","Ghostly Armor+1","Body Slam+1","Entrench+1","Ghostly Armor+1","Impervious+1","Defend_R+1","Shockwave+1","TH:ElvenBoots+1","Iron Wave+1","Body Slam+1","Power Through+1","TH:DeckOfManyThings+1","Disarm+1"],"relics":["Burning Blood","Hammer of Thor","Seething Fire","Anvil of the Gods","InkBottle","StoneCalendar","Silver_Glasses","hubris:Teleporter","hubris:TinFlute","Ancient Tea Set","Lantern","Anchor","hubris:SlimyHat","Fusion Hammer","Red Mask","hubris:Towel","hubris:DuctTape","PreservedInsect","White_Cape","Protect_Vest"],"acts_visited":[],"potions_floor_usage":[16,23,33,33,33,40,44,50,55],"damage_taken":[{"damage":0,"enemies":"Jaw Worm","floor":1,"turns":1},{"damage":0,"enemies":"Cultist","floor":3,"turns":3},{"damage":0,"enemies":"Small Slimes","floor":5,"turns":3},{"damage":3,"enemies":"Lagavulin","floor":7,"turns":6},{"damage":6,"enemies":"3 Sentries","floor":11,"turns":6},{"damage":0,"enemies":"Red Slaver","floor":12,"turns":4},{"damage":0,"enemies":"Gremlin Gang","floor":14,"turns":6},{"damage":0,"enemies":"Slime Boss","floor":16,"turns":7},{"damage":0,"enemies":"Shell Parasite","floor":18,"turns":3},{"damage":0,"enemies":"Chosen","floor":21,"turns":3},{"damage":0,"enemies":"Snecko","floor":22,"turns":4},{"damage":0,"enemies":"HollowMod:Nosk","floor":23,"turns":5},{"damage":0,"enemies":"Shelled Parasite and Fungi","floor":27,"turns":4},{"damage":0,"enemies":"Slavers","floor":30,"turns":6},{"damage":58,"enemies":"hubris:MusketHawk","floor":33,"turns":8},{"damage":0,"enemies":"3 Shapes","floor":35,"turns":3},{"damage":0,"enemies":"Orb Walker","floor":36,"turns":4},{"damage":0,"enemies":"Sphere and 2 Shapes","floor":39,"turns":4},{"damage":0,"enemies":"Giant Head","floor":40,"turns":4},{"damage":0,"enemies":"Spire Growth","floor":44,"turns":3},{"damage":0,"enemies":"Jaw Worm Horde","floor":46,"turns":4},{"damage":34,"enemies":"Nemesis","floor":47,"turns":7},{"damage":14,"enemies":"Donu and Deca","floor":50,"turns":8},{"damage":0,"enemies":"Shield and Spear","floor":54,"turns":3},{"damage":14,"enemies":"The Heart","floor":55,"turns":12}],"seed_played":"9018055607376745323","potions_obtained":[{"floor":1,"key":"Strength Potion"},{"floor":5,"key":"SkillPotion"},{"floor":7,"key":"SpeedPotion"},{"floor":16,"key":"bronze:BurnAndBuffPotion"},{"floor":18,"key":"Swift Potion"},{"floor":27,"key":"SpeedPotion"},{"floor":35,"key":"Energy Potion"},{"floor":36,"key":"sneckomod:MuddlingPotion"},{"floor":40,"key":"FearPotion"},{"floor":44,"key":"Guardian:BlockOnCardUsePotion"}],"is_trial":false,"path_per_floor":["M","$","M","?","M","R","E","R","T","$","E","M","?","M","R","B",null,"M","?","T","M","M","E","R","$","T","M","R","E","R","B",null,"M","M","?","?","M","E","R","T","M","M","E","R","B",null,"R","$","E","B",null],"character_chosen":"IRONCLAD","items_purchased":["Ancient Tea Set","Lantern","FairyPotion"],"campfire_rested":7,"item_purchase_floors":[25,25,53],"current_hp_per_floor":[96,96,96,96,96,96,96,96,96,96,96,96,87,93,96,96,96,96,96,96,96,96,96,96,96,96,96,96,96,96,44,96,96,96,96,96,96,96,96,96,96,96,68,96,88,96,96,96,96,88],"gold":60,"neow_bonus":"TWENTY_PERCENT_HP_BONUS","is_daily":false,"chose_seed":false,"campfire_upgraded":1,"win_rate":0.0,"timestamp":1613312910,"path_taken":["M","$","M","?","M","R","E","R","T","?","E","M","?","?","R","BOSS","M","?","?","M","?","E","R","$","T","M","R","E","R","BOSS","M","M","?","?","M","E","R","T","?","M","E","R","BOSS","R","$","E","BOSS"],"items_purchased_type":["Relic","Relic","Potion"],"build_version":"2020-12-22","purchased_purges":1,"victory":true,"max_hp_per_floor":[96,96,96,96,96,96,96,96,96,96,96,96,96,96,96,96,96,96,96,96,96,96,96,96,96,96,96,96,96,96,96,96,96,96,96,96,96,96,96,96,96,96,96,96,96,96,96,96,96,96],"card_choices":[{"not_picked":["Blood for Blood","Pommel Strike","True Grit"],"picked":"SKIP","floor":1},{"not_picked":["Wild Strike","Seeing Red","Metallicize"],"picked":"SKIP","floor":3},{"not_picked":["Metallicize","Clash"],"picked":"Shockwave","floor":5},{"not_picked":["TH:CursedSword"],"picked":"TH:ElvenBoots","floor":7},{"not_picked":["Cleave","Reckless Charge"],"picked":"Iron Wave","floor":7},{"not_picked":["TH:PixieDust"],"picked":"TH:ElvenBoots","floor":9},{"not_picked":["Armaments","Fire Breathing"],"picked":"Body Slam","floor":11},{"not_picked":["TH:TreasureMap","TH:ElvenBoots"],"picked":"SKIP","floor":11},{"not_picked":["Warcry","Second Wind","Heavy Blade"],"picked":"SKIP","floor":12},{"not_picked":["Twin Strike","Clash","Shrug It Off"],"picked":"SKIP","floor":14},{"not_picked":["hubris:StunningStrike","Demon Form"],"picked":"Brutality","floor":16},{"not_picked":["Evolve+1","Wild Strike+1","Armaments"],"picked":"SKIP","floor":18},{"not_picked":["TH:Mimic","TH:CopperCoins"],"picked":"SKIP","floor":20},{"not_picked":["Flame Barrier","Twin Strike"],"picked":"Power Through+1","floor":21},{"not_picked":["Whirlwind","hubris:ReadiedAction+1","Ghostly Armor"],"picked":"SKIP","floor":22},{"not_picked":["TH:DeckOfManyThings","TH:ArmorSpikes"],"picked":"SKIP","floor":23},{"not_picked":["Searing Blow","Fire Breathing","True Grit"],"picked":"SKIP","floor":23},{"not_picked":["TH:PixieDust"],"picked":"TH:DeckOfManyThings","floor":26},{"not_picked":["Armaments","Flex","Whirlwind"],"picked":"SKIP","floor":27},{"not_picked":["TH:TreasureMap","TH:EnergyPotion"],"picked":"SKIP","floor":30},{"not_picked":["Pummel","Heavy Blade","Whirlwind"],"picked":"SKIP","floor":30},{"not_picked":["Anger+1","Bloodletting+1","Wild Strike"],"picked":"SKIP","floor":35},{"not_picked":["Body Slam","Thunderclap","Dropkick"],"picked":"SKIP","floor":36},{"not_picked":["Rampage","Anger+1","Feed"],"picked":"SKIP","floor":39},{"not_picked":["TH:Mimic","TH:BikiniMail"],"picked":"SKIP","floor":40},{"not_picked":["Shockwave","Wild Strike+1","Combust"],"picked":"SKIP","floor":40},{"not_picked":["TH:BikiniMail","TH:CursedSword"],"picked":"SKIP","floor":43},{"not_picked":["Flex+1","True Grit","Anger+1"],"picked":"SKIP","floor":44},{"not_picked":["Armaments+1","Bludgeon","Blood for Blood"],"picked":"SKIP","floor":46},{"not_picked":["TH:CopperCoins","TH:CursedSword"],"picked":"SKIP","floor":47},{"not_picked":["Offering","Dark Embrace","Pommel Strike"],"picked":"SKIP","floor":47},{"not_picked":["Clothesline+1","Shrug It Off+1"],"picked":"Disarm+1","floor":54},{"not_picked":["TH:EnergyPotion","TH:ElvenBoots"],"picked":"SKIP","floor":54}],"player_experience":58378,"relics_obtained":[{"floor":7,"key":"InkBottle"},{"floor":11,"key":"StoneCalendar"},{"floor":20,"key":"hubris:Teleporter"},{"floor":23,"key":"hubris:TinFlute"},{"floor":26,"key":"Anchor"},{"floor":30,"key":"hubris:SlimyHat"},{"floor":40,"key":"hubris:DuctTape"},{"floor":43,"key":"PreservedInsect"},{"floor":47,"key":"White_Cape"},{"floor":54,"key":"Protect_Vest"}],"event_choices":[{"cards_removed":["Strike_R"],"damage_healed":0,"gold_gain":0,"player_choice":"Take \u0026 Give","damage_taken":0,"max_hp_gain":0,"max_hp_loss":0,"event_name":"betterNote:BetterNote","floor":4,"gold_loss":0,"cards_obtained":["Defend_R"]},{"damage_healed":0,"gold_gain":0,"player_choice":"Damaged","damage_taken":9,"max_hp_gain":0,"max_hp_loss":0,"event_name":"Wheel of Change","floor":13,"gold_loss":0},{"damage_healed":0,"gold_gain":99,"player_choice":"Stole From Cult","damage_taken":0,"max_hp_gain":0,"max_hp_loss":0,"event_name":"Nest","floor":19,"gold_loss":0},{"damage_healed":0,"gold_gain":0,"player_choice":"Paid","damage_taken":0,"relics_obtained":["Red Mask"],"max_hp_gain":0,"max_hp_loss":0,"event_name":"Tomb of Lord Red Mask","floor":37,"gold_loss":229}],"is_beta":false,"boss_relics":[{"not_picked":["Runic Dome","hubris:TerracottaHorce"],"picked":"Silver_Glasses"},{"not_picked":["Black Blood","hubris:RunicObelisk"],"picked":"Fusion Hammer"}],"items_purged_floors":[10],"is_endless":false,"potions_floor_spawned":[1,5,7,12,16,18,22,27,35,36,40,44],"ascension_level":0}}