{"host":"usjourxcwdhnany9","time":1613281899,"event":{"mods":["AchievementEnabler","BaseMod","Colored Map","Faster Ascension Climbing","Minty Spire (QoL Compilation)","Relic Stats"],"gold_per_floor":[117,133,143,143,161,188,188,215,215,215,244,256,28,28,28,147,147,167,167,266,266,266,300,300,5,5,349,365,365,365],"floor_reached":29,"language":"ENG","playtime":2469,"items_purged":["Strike_P","Strike_P"],"score":574,"play_id":"4dba057c-d21b-4b59-a630-4d3be27bf5c0","local_time":"20210213215139","is_ascension_mode":true,"campfire_choices":[{"data":"Eruption","floor":7,"key":"SMITH"},{"data":"Consecrate","floor":10,"key":"SMITH"},{"floor":15,"key":"REST"},{"data":"TalkToTheHand","floor":24,"key":"SMITH"}],"circlet_count":0,"master_deck":["AscendersBane","Defend_P","Defend_P","Defend_P","Eruption+1","Vigilance","BowlingBash","CutThroughFate","Weave","Consecrate+1","FearNoEvil","TalkToTheHand+1","LessonLearned","DeusExMachina+1","WaveOfTheHand+1","DevaForm","LessonLearned","Regret","Vengeance+1","Wallop","Clumsy","EmptyBody+1","BattleHymn"],"relics":["PureWater","Potion Belt","Matryoshka","Blue Candle","Turnip","Toxic Egg 2","Golden Idol","Cursed Key","Gremlin Horn","Mercury Hourglass","Mango","Bronze Scales","White Beast Statue","Old Coin"],"acts_visited":["Exordium","TheCity"],"potions_floor_usage":[6,6,18,28],"damage_taken":[{"damage":2,"enemies":"2 Louse","floor":1,"turns":2},{"damage":0,"enemies":"Cultist","floor":2,"turns":2},{"damage":2,"enemies":"Jaw Worm","floor":3,"turns":4},{"damage":11,"enemies":"Blue Slaver","floor":5,"turns":5},{"damage":0,"enemies":"Lagavulin","floor":6,"turns":4},{"damage":15,"enemies":"Gremlin Nob","floor":8,"turns":3},{"damage":20,"enemies":"3 Sentries","floor":11,"turns":6},{"damage":17,"enemies":"3 Louse","floor":12,"turns":3},{"damage":0,"enemies":"Slime Boss","floor":16,"turns":8},{"damage":0,"enemies":"3 Byrds","floor":18,"turns":3},{"damage":24,"enemies":"Slavers","floor":23,"turns":5},{"damage":6,"enemies":"Gremlin Leader","floor":27,"turns":5},{"damage":13,"enemies":"Chosen","floor":28,"turns":3},{"damage":33,"enemies":"Book of Stabbing","floor":29,"turns":3}],"seed_played":"-592516975194227625","potions_obtained":[{"floor":1,"key":"Ambrosia"},{"floor":2,"key":"ColorlessPotion"},{"floor":11,"key":"LiquidBronze"},{"floor":12,"key":"BottledMiracle"},{"floor":27,"key":"Fire Potion"},{"floor":28,"key":"Dexterity Potion"}],"is_trial":false,"path_per_floor":["M","M","M","?","M","E","R","E","T","R","E","M","$","?","R","B",null,"M","?","?","?","T","E","R","$","T","E","M","E"],"character_chosen":"WATCHER","items_purchased":["LessonLearned","Wallop","Bronze Scales"],"campfire_rested":1,"item_purchase_floors":[13,25,25],"current_hp_per_floor":[70,70,68,68,57,57,57,42,42,42,22,5,5,5,26,26,61,61,61,61,61,61,51,51,51,51,45,32,0,0],"gold":365,"neow_bonus":"TEN_PERCENT_HP_BONUS","is_daily":false,"chose_seed":false,"campfire_upgraded":3,"win_rate":0.0,"timestamp":1613281899,"path_taken":["M","M","M","?","M","E","R","E","T","R","E","?","$","?","R","BOSS","M","?","?","?","?","E","R","$","T","E","M","E"],"items_purchased_type":["Card","Card","Relic"],"build_version":"2020-12-22","purchased_purges":2,"victory":false,"max_hp_per_floor":[79,79,79,79,79,79,79,79,79,79,79,79,79,73,73,73,73,73,73,73,73,73,87,87,87,87,87,87,87,87],"relic_stats":{"Gremlin Horn":[7,7],"counters":[14,56],"Golden Idol":47,"Blue Candle":[6],"Bronze Scales":[33],"Turnip":[2],"Cursed Key":2,"obtain_stats":[{"Potion Belt":6,"Gremlin Horn":22,"Golden Idol":14,"Blue Candle":9,"Mango":23,"Cursed Key":17,"White Beast Statue":26,"Mercury Hourglass":22,"Old Coin":27,"Matryoshka":8,"Bronze Scales":25,"Turnip":9,"PureWater":0,"Toxic Egg 2":11},{"Potion Belt":5,"Gremlin Horn":10,"Golden Idol":8,"Blue Candle":6,"Mango":11,"Cursed Key":9,"White Beast Statue":11,"Mercury Hourglass":10,"Old Coin":12,"Matryoshka":6,"Bronze Scales":11,"Turnip":6,"PureWater":0,"Toxic Egg 2":7},{"Potion Belt":17,"Gremlin Horn":40,"Golden Idol":29,"Blue Candle":20,"Mango":45,"Cursed Key":37,"White Beast Statue":45,"Mercury Hourglass":40,"Old Coin":50,"Matryoshka":20,"Bronze Scales":45,"Turnip":20,"PureWater":0,"Toxic Egg 2":26}],"Mercury Hourglass":[84]},"card_choices":[{"not_picked":["FlyingSleeves","Pray"],"picked":"BowlingBash","floor":1},{"not_picked":["PathToVictory","BowlingBash"],"picked":"CutThroughFate","floor":2},{"not_picked":["SignatureMove","Meditate"],"picked":"Weave","floor":3},{"not_picked":["CrushJoints","FlurryOfBlows","FlyingSleeves"],"picked":"SKIP","floor":5},{"not_picked":["WheelKick","ThirdEye"],"picked":"Consecrate","floor":6},{"not_picked":["FlurryOfBlows","Crescendo","CarveReality"],"picked":"SKIP","floor":8},{"not_picked":["BowlingBash","JustLucky"],"picked":"FearNoEvil","floor":11},{"not_picked":["ClearTheMind+1","Crescendo+1"],"picked":"TalkToTheHand","floor":12},{"not_picked":["Judgement+1","LessonLearned"],"picked":"DeusExMachina+1","floor":16},{"not_picked":["ClearTheMind+1","CrushJoints","SashWhip"],"picked":"SKIP","floor":18},{"not_picked":["FlurryOfBlows","CrushJoints"],"picked":"Vengeance+1","floor":23},{"not_picked":["Perseverance+1","FlyingSleeves"],"picked":"EmptyBody+1","floor":27},{"not_picked":["ClearTheMind+1","FollowUp"],"picked":"BattleHymn","floor":28}],"player_experience":185212,"relics_obtained":[{"floor":6,"key":"Potion Belt"},{"floor":8,"key":"Matryoshka"},{"floor":9,"key":"Blue Candle"},{"floor":9,"key":"Turnip"},{"floor":11,"key":"Toxic Egg 2"},{"floor":22,"key":"Gremlin Horn"},{"floor":22,"key":"Mercury Hourglass"},{"floor":23,"key":"Mango"},{"floor":26,"key":"White Beast Statue"},{"floor":27,"key":"Old Coin"}],"event_choices":[{"cards_removed":["Strike_P"],"damage_healed":0,"gold_gain":0,"player_choice":"Purged","damage_taken":0,"max_hp_gain":0,"max_hp_loss":0,"event_name":"Purifier","floor":4,"gold_loss":0},{"damage_healed":0,"gold_gain":0,"player_choice":"Lose Max HP","damage_taken":0,"relics_obtained":["Golden Idol"],"max_hp_gain":0,"max_hp_loss":6,"event_name":"Golden Idol","floor":14,"gold_loss":0},{"damage_healed":0,"gold_gain":0,"player_choice":"Read","damage_taken":0,"max_hp_gain":0,"max_hp_loss":0,"event_name":"The Library","floor":19,"gold_loss":0,"cards_obtained":["WaveOfTheHand"]},{"damage_healed":0,"gold_gain":99,"player_choice":"Stole From Cult","damage_taken":0,"max_hp_gain":0,"max_hp_loss":0,"event_name":"Nest","floor":20,"gold_loss":0},{"damage_healed":0,"gold_gain":0,"cards_transformed":["Strike_P","Defend_P"],"player_choice":"Became Test Subject","damage_taken":0,"max_hp_gain":0,"max_hp_loss":0,"event_name":"Drug Dealer","floor":21,"gold_loss":0,"cards_obtained":["DevaForm","LessonLearned"]}],"is_beta":false,"boss_relics":[{"not_picked":["Busted Crown","Philosopher\u0027s Stone"],"picked":"Cursed Key"}],"items_purged_floors":[13,25],"is_endless":false,"potions_floor_spawned":[1,2,11,12,27,28],"killed_by":"Book of Stabbing","ascension_level":11}}