{"host":"i4d8tgqbnmcnjm0a","time":1613298189,"event":{"mods":["BaseMod","Keyboard Shortcuts","Minty Spire (QoL Compilation)"],"gold_per_floor":[10,10,30,50,66,92,17,17,17,17,32,47,67,102,102,202,202,215,305,315,11,30,30,30,30,30],"floor_reached":25,"language":"ENG","playtime":1759,"items_purged":["Strike_B"],"score":258,"play_id":"ada0535c-dcbf-4733-8d5f-5058f7f3af42","local_time":"20210214052309","is_ascension_mode":true,"campfire_choices":[{"floor":8,"key":"REST"},{"floor":10,"key":"REST"},{"floor":15,"key":"REST"},{"floor":23,"key":"REST"},{"floor":24,"key":"REST"}],"circlet_count":0,"master_deck":["Strike_B","Strike_B","Defend_B","Defend_B","Defend_B","Zap","Dualcast","Mayhem","Streamline","FTL","Melter","Hello World","Stack","Conserve Battery","Storm","Leap","Amplify","Capacitor+1","Leap+1"],"relics":["Cracked Core","Unceasing Top","Thread and Needle","CaptainsWheel","WingedGreaves","Empty Cage","Toxic Egg 2"],"acts_visited":["Exordium","TheCity"],"potions_floor_usage":[14,16,22,25],"damage_taken":[{"damage":9,"enemies":"Jaw Worm","floor":1,"turns":3},{"damage":6,"enemies":"Cultist","floor":3,"turns":3},{"damage":0,"enemies":"2 Louse","floor":4,"turns":2},{"damage":17,"enemies":"Exordium Thugs","floor":5,"turns":4},{"damage":28,"enemies":"Gremlin Nob","floor":6,"turns":4},{"damage":28,"enemies":"Lots of Slimes","floor":11,"turns":4},{"damage":8,"enemies":"Looter","floor":12,"turns":3},{"damage":6,"enemies":"3 Louse","floor":13,"turns":3},{"damage":3,"enemies":"3 Sentries","floor":14,"turns":4},{"damage":15,"enemies":"The Guardian","floor":16,"turns":8},{"damage":7,"enemies":"Shell Parasite","floor":18,"turns":4},{"damage":41,"enemies":"3 Byrds","floor":20,"turns":5},{"damage":4,"enemies":"3 Cultists","floor":22,"turns":5},{"damage":38,"enemies":"Gremlin Leader","floor":25,"turns":5}],"seed_played":"7981898732986633904","potions_obtained":[{"floor":1,"key":"Weak Potion"},{"floor":11,"key":"Weak Potion"},{"floor":12,"key":"PotionOfCapacity"},{"floor":13,"key":"AttackPotion"},{"floor":20,"key":"EssenceOfDarkness"}],"is_trial":false,"path_per_floor":["M","?","M","M","M","E","$","R","T","R","M","M","M","E","R","B",null,"M","?","M","$","M","R","R","E"],"character_chosen":"DEFECT","items_purchased":["Toxic Egg 2","FocusPotion"],"campfire_rested":5,"item_purchase_floors":[21,21],"current_hp_per_floor":[66,66,60,60,43,15,15,37,37,59,31,23,17,14,36,21,75,68,56,15,15,11,33,55,17,17],"gold":30,"neow_bonus":"RANDOM_COLORLESS_2","is_daily":false,"chose_seed":false,"campfire_upgraded":0,"win_rate":0.0,"timestamp":1613298189,"path_taken":["M","?","M","?","M","E","$","R","T","R","M","M","M","E","R","BOSS","M","?","M","$","M","R","R","E"],"items_purchased_type":["Relic","Potion"],"build_version":"2020-12-22","purchased_purges":1,"victory":false,"max_hp_per_floor":[75,75,75,75,75,75,75,75,75,75,75,75,75,75,75,75,75,75,75,75,75,75,75,75,75,75],"card_choices":[{"not_picked":["Transmutation","Secret Weapon"],"picked":"Mayhem","floor":0},{"not_picked":["Redo","Hologram"],"picked":"Streamline","floor":1},{"not_picked":["Streamline","Reinforced Body","Coolheaded"],"picked":"SKIP","floor":3},{"not_picked":["Gash","Reboot"],"picked":"FTL","floor":4},{"not_picked":["Compile Driver","Double Energy"],"picked":"Melter","floor":5},{"not_picked":["Coolheaded","Barrage"],"picked":"Hello World","floor":6},{"not_picked":["Leap","Compile Driver"],"picked":"Stack","floor":11},{"not_picked":["Turbo","FTL"],"picked":"Conserve Battery","floor":12},{"not_picked":["Tempest","Undo"],"picked":"Storm","floor":13},{"not_picked":["Darkness","Hologram"],"picked":"Leap","floor":14},{"not_picked":["Multi-Cast","Seek"],"picked":"Amplify","floor":16},{"not_picked":["Cold Snap","Lockon"],"picked":"Capacitor+1","floor":18},{"not_picked":["Rebound","Double Energy","Cold Snap"],"picked":"SKIP","floor":20},{"not_picked":["Beam Cell","Go for the Eyes"],"picked":"Leap+1","floor":22}],"player_experience":334414,"relics_obtained":[{"floor":6,"key":"Thread and Needle"},{"floor":9,"key":"CaptainsWheel"},{"floor":14,"key":"WingedGreaves"}],"event_choices":[{"damage_healed":0,"gold_gain":0,"player_choice":"Gave Potion","damage_taken":0,"relics_obtained":["Unceasing Top"],"max_hp_gain":0,"max_hp_loss":0,"event_name":"WeMeetAgain","floor":2,"gold_loss":0},{"damage_healed":0,"gold_gain":90,"player_choice":"GOLD ","damage_taken":12,"max_hp_gain":0,"max_hp_loss":0,"event_name":"Knowing Skull","floor":19,"potions_obtained":[],"gold_loss":0,"cards_obtained":[]}],"is_beta":false,"boss_relics":[{"not_picked":["Sozu","Pandora\u0027s Box"],"picked":"Empty Cage"}],"items_purged_floors":[7],"is_endless":false,"potions_floor_spawned":[1,11,12,13,20],"killed_by":"Gremlin Leader","ascension_level":4}}