{"host":"5h6e4l6hpn0p5lap","time":1613311746,"event":{"mods":["AchievementEnabler","BaseMod","Better Altar","Better Match","Better Sensory Stone","Better Skull","Better Third Choice","Colored Map","Filter the Spire","Minty Spire (QoL Compilation)","StSLib"],"gold_per_floor":[116,132,132,150,160,160,188,188,188,198,208,234,26,39,39,137,137,148,166,166,21,31,31,50,50,50,50,50],"floor_reached":27,"language":"ENG","playtime":1266,"items_purged":["Strike_P"],"score":378,"play_id":"7b5ecbdd-59c7-4e7f-bf0d-466abdd21458","local_time":"20210214090906","is_ascension_mode":true,"campfire_choices":[{"data":"TalkToTheHand","floor":6,"key":"SMITH"},{"data":"Tantrum","floor":8,"key":"SMITH"},{"data":"Vigilance","floor":15,"key":"SMITH"},{"floor":23,"key":"REST"},{"floor":25,"key":"REST"}],"circlet_count":0,"master_deck":["AscendersBane","Defend_P","Defend_P","Defend_P","Defend_P","Vigilance+1","Indignation","TalkToTheHand+1","CutThroughFate","Tantrum+1","FollowUp","EmptyFist","Prostrate","WaveOfTheHand","CrushJoints","Prostrate","InnerPeace","Consecrate","FearNoEvil","Brilliance","Study","Wish"],"relics":["PureWater","Pear","Matryoshka","MealTicket","Busted Crown","OrangePellets","Potion Belt","Bottled Flame"],"acts_visited":["Exordium","TheCity"],"potions_floor_usage":[7,7,10,12,14,16,19],"damage_taken":[{"damage":8,"enemies":"Small Slimes","floor":1,"turns":6},{"damage":2,"enemies":"Cultist","floor":2,"turns":3},{"damage":2,"enemies":"Jaw Worm","floor":4,"turns":4},{"damage":1,"enemies":"2 Fungi Beasts","floor":5,"turns":3},{"damage":14,"enemies":"Lagavulin","floor":7,"turns":5},{"damage":0,"enemies":"Blue Slaver","floor":10,"turns":2},{"damage":0,"enemies":"Large Slime","floor":11,"turns":2},{"damage":0,"enemies":"Gremlin Nob","floor":12,"turns":2},{"damage":11,"enemies":"Exordium Thugs","floor":14,"turns":4},{"damage":6,"enemies":"The Guardian","floor":16,"turns":12},{"damage":31,"enemies":"3 Byrds","floor":18,"turns":8},{"damage":6,"enemies":"2 Thieves","floor":19,"turns":4},{"damage":42,"enemies":"Snake Plant","floor":22,"turns":4},{"damage":22,"enemies":"3 Cultists","floor":24,"turns":5},{"damage":18,"enemies":"Book of Stabbing","floor":27,"turns":6}],"seed_played":"6982128611370027066","potions_obtained":[{"floor":1,"key":"FearPotion"},{"floor":2,"key":"Explosive Potion"},{"floor":4,"key":"EntropicBrew"},{"floor":12,"key":"SpeedPotion"},{"floor":18,"key":"Explosive Potion"}],"is_trial":false,"path_per_floor":["M","M","?","M","M","R","E","R","T","M","M","E","$","M","R","B",null,"M","M","?","$","M","R","M","R","T","E"],"character_chosen":"WATCHER","items_purchased":["Prostrate","InnerPeace","Consecrate","OrangePellets"],"campfire_rested":2,"item_purchase_floors":[13,13,13,21],"current_hp_per_floor":[57,55,55,53,52,52,48,48,48,48,48,48,63,52,52,46,73,42,36,36,51,9,33,11,35,35,17,17],"gold":50,"neow_bonus":"TRANSFORM_CARD","is_daily":false,"chose_seed":false,"campfire_upgraded":3,"win_rate":0.0,"timestamp":1613311746,"path_taken":["M","M","?","M","M","R","E","R","T","?","M","E","$","M","R","BOSS","M","M","?","$","M","R","M","R","T","E"],"items_purchased_type":["Card","Card","Card","Relic"],"build_version":"2020-12-22","purchased_purges":1,"victory":false,"max_hp_per_floor":[72,72,72,72,72,72,82,82,82,82,82,82,82,82,82,82,82,82,82,82,82,82,82,82,82,82,82,82],"card_choices":[{"not_picked":["EmptyFist","FearNoEvil"],"picked":"TalkToTheHand","floor":1},{"not_picked":["FollowUp","LikeWater"],"picked":"CutThroughFate","floor":2},{"not_picked":["FollowUp","Evaluate"],"picked":"Tantrum","floor":4},{"not_picked":["Adaptation","Crescendo"],"picked":"FollowUp","floor":5},{"not_picked":["WreathOfFlame","WindmillStrike"],"picked":"EmptyFist","floor":7},{"not_picked":["BowlingBash","EmptyMind"],"picked":"Prostrate","floor":10},{"not_picked":["FlurryOfBlows","ClearTheMind"],"picked":"WaveOfTheHand","floor":11},{"not_picked":["FlurryOfBlows","Wish"],"picked":"CrushJoints","floor":12},{"not_picked":["Consecrate","JustLucky"],"picked":"FearNoEvil","floor":14},{"not_picked":["Vault","DeusExMachina"],"picked":"Brilliance","floor":16},{"not_picked":["EmptyFist"],"picked":"SKIP","floor":18},{"not_picked":["ClearTheMind"],"picked":"SKIP","floor":19},{"not_picked":["JustLucky"],"picked":"SKIP","floor":22},{"not_picked":["FlurryOfBlows+1"],"picked":"SKIP","floor":24}],"player_experience":1110643,"relics_obtained":[{"floor":7,"key":"Pear"},{"floor":9,"key":"Matryoshka"},{"floor":12,"key":"MealTicket"},{"floor":26,"key":"Potion Belt"},{"floor":26,"key":"Bottled Flame"}],"event_choices":[{"cards_removed":["Strike_P"],"damage_healed":0,"gold_gain":0,"player_choice":"Purged","damage_taken":0,"max_hp_gain":0,"max_hp_loss":0,"event_name":"Purifier","floor":3,"gold_loss":0},{"damage_healed":0,"gold_gain":0,"cards_transformed":["Strike_P","Eruption"],"player_choice":"Became Test Subject","damage_taken":0,"max_hp_gain":0,"max_hp_loss":0,"event_name":"Drug Dealer","floor":20,"gold_loss":0,"cards_obtained":["Study","Wish"]}],"is_beta":false,"boss_relics":[{"not_picked":["Black Star","Coffee Dripper"],"picked":"Busted Crown"}],"items_purged_floors":[13],"is_endless":false,"potions_floor_spawned":[1,2,4,10,12,18],"killed_by":"Book of Stabbing","ascension_level":10}}