{"host":"onfdonezo2qmaex3","time":1613301160,"event":{"mods":["2.2 Compatiblity","AchievementEnabler","Act Like it!","Aspiration","BaseMod","Colored Powertips","Downfall","Friendly Minions","Gensokyo","Hallownest","Hermit","Highlight Path","Jorbs\u0027s Wanderer Trilogy","Marisa????????","Marked Mod","Minty Spire (QoL Compilation)","Quick Restart","Reliquary","Shop Mod","StSLib","The Disciple","The Hayseed","The Hierophant","The Marked","The Runesmith"],"gold_per_floor":[115,128,147,8,23,23,51,51,120,145,165,194,194,194,194,291,291,305,324,324,324],"floor_reached":20,"language":"ENG","playtime":805,"items_purged":[],"score":276,"play_id":"ce527783-1560-4030-b353-718aafb05b36","local_time":"20210214121240","is_ascension_mode":true,"campfire_choices":[{"data":"Noxious Fumes","floor":6,"key":"SMITH"},{"data":"Bane","floor":8,"key":"SMITH"},{"data":"Poisoned Stab","floor":13,"key":"SMITH"},{"floor":15,"key":"RECALL"}],"circlet_count":0,"master_deck":["Strike_G","Strike_G","Strike_G","Strike_G","Strike_G","Defend_G","Defend_G","Defend_G","Defend_G","Defend_G","Survivor","Neutralize","Noxious Fumes+1","Bane+1","Bane+1","Endless Agony","Poisoned Stab+1","Adrenaline"],"relics":["reliquary:RedCape","HornCleat","Gensokyo:Companionship","champ:DuelingGlove","Sundial","Guardian:PocketSentry","expansioncontent:StudyCardRelic"],"acts_visited":["Gensokyo:Gensokyo","TheCity"],"potions_floor_usage":[],"damage_taken":[{"damage":2,"enemies":"Gensokyo:Gryphon","floor":1,"turns":4},{"damage":0,"enemies":"Gensokyo:Python","floor":2,"turns":4},{"damage":4,"enemies":"Gensokyo:2_Kodama","floor":3,"turns":5},{"damage":9,"enemies":"Gensokyo:2_Rabbits","floor":5,"turns":5},{"damage":27,"enemies":"Gensokyo:Cirno","floor":7,"turns":8},{"damage":0,"enemies":"Gensokyo:Aya","floor":10,"turns":5},{"damage":0,"enemies":"Gensokyo:Python_and_Kodama","floor":11,"turns":3},{"damage":0,"enemies":"Gensokyo:Mamizou","floor":12,"turns":5},{"damage":14,"enemies":"Gensokyo:Yukari","floor":16,"turns":6},{"damage":6,"enemies":"2 Thieves","floor":18,"turns":4},{"damage":10,"enemies":"Shell Parasite","floor":19,"turns":2}],"seed_played":"-4519754430484513198","potions_obtained":[{"floor":1,"key":"Poison Potion"},{"floor":7,"key":"BlessingOfTheForge"},{"floor":10,"key":"FairyPotion"}],"is_trial":false,"path_per_floor":["M","M","M","COS","M","R","E","R","T","E","M","E","R","?","R","B",null,"M","M","$"],"character_chosen":"THE_SILENT","items_purchased":[],"campfire_rested":0,"item_purchase_floors":[],"current_hp_per_floor":[68,68,64,64,55,55,28,28,28,31,31,31,31,31,31,17,70,64,54,54,54],"gold":324,"neow_bonus":"BOSS_RELIC","is_daily":false,"chose_seed":false,"campfire_upgraded":3,"win_rate":0.0,"timestamp":1613301160,"path_taken":["M","?","M","COS","M","R","E","R","T","E","M","E","R","?","R","BOSS","M","M","$"],"items_purchased_type":[],"build_version":"2020-12-22","purchased_purges":0,"victory":false,"max_hp_per_floor":[70,70,70,70,70,70,70,70,70,70,70,70,70,70,70,70,70,70,70,70,70],"card_choices":[{"not_picked":["Backflip","Deadly Poison"],"picked":"Noxious Fumes","floor":1},{"not_picked":["Acrobatics","Finisher","Terror"],"picked":"SKIP","floor":2},{"not_picked":["Acrobatics","Underhanded Strike"],"picked":"Bane","floor":3},{"not_picked":["Backstab","Outmaneuver"],"picked":"Bane","floor":5},{"not_picked":["Acrobatics","Terror","Outmaneuver"],"picked":"SKIP","floor":7},{"not_picked":["Underhanded Strike","Phantasmal Killer"],"picked":"Endless Agony","floor":10},{"not_picked":["Underhanded Strike","Slice"],"picked":"Poisoned Stab","floor":11},{"not_picked":["Predator","Deflect","Bane"],"picked":"SKIP","floor":12},{"not_picked":["A Thousand Cuts","Wraith Form v2"],"picked":"Adrenaline","floor":16},{"not_picked":["Cloak And Dagger","Blade Dance","Dagger Throw"],"picked":"SKIP","floor":18},{"not_picked":["Cloak And Dagger","Slice+1","Backstab"],"picked":"SKIP","floor":19}],"player_experience":187098,"relics_obtained":[{"floor":7,"key":"HornCleat"},{"floor":10,"key":"Sundial"},{"floor":12,"key":"Guardian:PocketSentry"}],"event_choices":[],"is_beta":false,"boss_relics":[{"not_picked":["SacredBark","Astrolabe"],"picked":"expansioncontent:StudyCardRelic"}],"items_purged_floors":[],"is_endless":false,"potions_floor_spawned":[1,7,10,19],"ascension_level":3}}