{"host":"l7ku00cw7dmofayg","time":1613274556,"event":{"mods":["ATMod(°¢èªMod)","BaseMod","Dota2Spire","Marisa£¨ìFÓê¡¡Ä§ÀíÉ³£©","Minty Spire (QoL Compilation)","StSLib","The Invoker Mod"],"gold_per_floor":[114,124,124,74,74,101,101,32,56,56,82,101,117,129,129,129,129],"floor_reached":16,"language":"ZHS","playtime":594,"items_purged":[],"score":160,"play_id":"af549cec-f1c7-4070-8b10-f41d16227617","local_time":"20210214114916","is_ascension_mode":true,"campfire_choices":[{"data":"UpSweep","floor":7,"key":"SMITH"},{"floor":10,"key":"REST"},{"data":"PropBag","floor":15,"key":"SMITH"}],"circlet_count":0,"master_deck":["Strike_MRS","Strike_MRS","Strike_MRS","Strike_MRS","Defend_MRS","Defend_MRS","Defend_MRS","MasterSpark","UpSweep+1","GravityBeat","6A","6A","DeepEcoloBomb","NonDirectionalLaser","IllusionStar","SuperPerseids","PropBag+1"],"relics":["MiniHakkero","AT_ATBox","AT_GoldPhoenixTree","Mango","Lantern","Regal Pillow","Dota2Spire:DrumOfEndurance","Gremlin Horn"],"acts_visited":["Exordium"],"potions_floor_usage":[2,6,6,11,11],"damage_taken":[{"damage":7,"enemies":"Cultist","floor":1,"turns":4},{"damage":6,"enemies":"Jaw Worm","floor":2,"turns":3},{"damage":28,"enemies":"Lagavulin","floor":6,"turns":8},{"damage":10,"enemies":"3 Sentries","floor":11,"turns":7},{"damage":0,"enemies":"Small Slimes","floor":12,"turns":2},{"damage":4,"enemies":"Looter","floor":13,"turns":2},{"damage":0,"enemies":"2 Fungi Beasts","floor":14,"turns":2},{"damage":65,"enemies":"Hexaghost","floor":16,"turns":11}],"seed_played":"887254433352518086","potions_obtained":[{"floor":2,"key":"EntropicBrew"},{"floor":6,"key":"BottledSpark"}],"is_trial":false,"path_per_floor":["M","M","T","?","?","E","R","$","T","R","E","M","M","M","R","B"],"character_chosen":"MARISA","items_purchased":["DeepEcoloBomb"],"campfire_rested":1,"item_purchase_floors":[8],"current_hp_per_floor":[61,55,69,69,60,32,32,32,32,73,63,63,59,59,59,0,0],"gold":129,"neow_bonus":"ONE_RARE_RELIC","is_daily":false,"chose_seed":false,"campfire_upgraded":2,"win_rate":0.0,"timestamp":1613274556,"path_taken":["M","M","?","?","?","E","R","$","T","R","E","M","M","M","R","BOSS"],"items_purchased_type":["Card"],"build_version":"2020-12-22","purchased_purges":0,"victory":false,"max_hp_per_floor":[75,75,89,89,89,89,89,89,89,89,89,89,89,89,89,89,89],"card_choices":[{"not_picked":["GasGiant","SporeBomb"],"picked":"GravityBeat","floor":1},{"not_picked":["ShootingEcho","DragonMeteor"],"picked":"6A","floor":2},{"not_picked":["AbsoluteMagnitude","PowerUp"],"picked":"6A","floor":6},{"not_picked":["WitchOfGreed","ChargingUp"],"picked":"NonDirectionalLaser","floor":11},{"not_picked":["DC","LuminesStrike"],"picked":"IllusionStar","floor":12},{"not_picked":["GalacticHalo","OpenUniverse"],"picked":"SuperPerseids","floor":13},{"not_picked":["DC","MachineGunSpark"],"picked":"PropBag","floor":14}],"player_experience":44767,"relics_obtained":[{"floor":3,"key":"Mango"},{"floor":6,"key":"Lantern"},{"floor":9,"key":"Regal Pillow"},{"floor":11,"key":"Dota2Spire:DrumOfEndurance"}],"event_choices":[{"cards_removed":["Defend_MRS"],"damage_healed":0,"gold_gain":0,"player_choice":"Card Removal","damage_taken":0,"max_hp_gain":0,"max_hp_loss":0,"event_name":"The Cleric","floor":4,"gold_loss":50},{"cards_removed":["Pain"],"damage_healed":0,"gold_gain":0,"player_choice":"Card Removal","damage_taken":7,"max_hp_gain":0,"max_hp_loss":0,"event_name":"Golden Wing","floor":5,"gold_loss":0}],"is_beta":false,"boss_relics":[],"items_purged_floors":[],"is_endless":false,"potions_floor_spawned":[2,6],"killed_by":"Hexaghost","ascension_level":9}}