{"host":"f2zkc2gsfwbibc34","time":1613313760,"event":{"mods":["AchievementEnabler","BaseMod","Better Note","Colored Map","Colored Powertips","Defuse TimeMaze Blight","Minty Spire (QoL Compilation)","Permanent Neow","StSLib","SuperFastMode","The Servant 0.9.4"],"gold_per_floor":[116,116,43,55,69,69,82,82,109,109,139,139,89,109,109,109,109],"floor_reached":16,"language":"ENG","playtime":673,"items_purged":["Defend_S"],"score":115,"play_id":"cb1476ee-f2a1-4dd8-867c-43e3c0bd0821","local_time":"20210214154240","is_ascension_mode":true,"campfire_choices":[{"data":"SurpressingFire","floor":6,"key":"SMITH"},{"data":"Revamp","floor":8,"key":"SMITH"},{"data":"Contraction","floor":10,"key":"SMITH"},{"floor":12,"key":"REST"},{"floor":15,"key":"REST"}],"circlet_count":0,"master_deck":["Strike_S","Strike_S","Strike_S","Defend_S","Defend_S","Defend_S","KidneyShot","Exchange+1","Contraction+1","Reset","Orbit","SurpressingFire+1","Rewind","Revamp+1","BestPractice","Luminosity"],"relics":["Uniform","Smiling Mask","Potion Belt"],"acts_visited":["Exordium"],"potions_floor_usage":[11,16],"damage_taken":[{"damage":0,"enemies":"Jaw Worm","floor":1,"turns":5},{"damage":0,"enemies":"Cultist","floor":4,"turns":6},{"damage":0,"enemies":"2 Louse","floor":5,"turns":2},{"damage":8,"enemies":"Large Slime","floor":7,"turns":8},{"damage":32,"enemies":"Lagavulin","floor":11,"turns":25},{"damage":19,"enemies":"Lots of Slimes","floor":14,"turns":5},{"damage":46,"enemies":"Hexaghost","floor":16,"turns":21}],"seed_played":"-7620570623091489840","potions_obtained":[{"floor":1,"key":"LiquidBronze"},{"floor":11,"key":"FearPotion"}],"is_trial":false,"path_per_floor":["M","?","$","M","M","R","M","R","T","R","E","R","$","M","R","B"],"character_chosen":"THE_SERVANT","items_purchased":["Orbit"],"campfire_rested":2,"item_purchase_floors":[3],"current_hp_per_floor":[65,65,65,65,65,65,57,57,57,57,25,44,44,25,44,0,0],"gold":109,"neow_bonus":"UPGRADE_CARD","is_daily":false,"chose_seed":false,"campfire_upgraded":3,"win_rate":0.0,"timestamp":1613313760,"path_taken":["M","?","$","?","M","R","M","R","T","R","E","R","?","M","R","BOSS"],"items_purchased_type":["Card"],"build_version":"2020-12-22","purchased_purges":1,"victory":false,"max_hp_per_floor":[65,65,65,65,65,65,65,65,65,65,65,65,65,65,65,65,65],"card_choices":[{"not_picked":["BestPractice","Desolation"],"picked":"Contraction","floor":1},{"not_picked":["Potential","Ricochet"],"picked":"SurpressingFire","floor":4},{"not_picked":["ShatteredReality","Spin"],"picked":"Rewind","floor":5},{"not_picked":["Alleviate","Foresight"],"picked":"Revamp","floor":7},{"not_picked":["ForgedInTime","TimeTheft"],"picked":"BestPractice","floor":11},{"not_picked":["Rearm","SurpressingFire"],"picked":"Luminosity","floor":14}],"player_experience":113920,"relics_obtained":[{"floor":9,"key":"Smiling Mask"},{"floor":11,"key":"Potion Belt"}],"event_choices":[{"damage_healed":0,"gold_gain":0,"cards_transformed":["Strike_S"],"player_choice":"Transformed","damage_taken":0,"max_hp_gain":0,"max_hp_loss":0,"event_name":"Transmorgrifier","floor":2,"gold_loss":0,"cards_obtained":["Reset"]}],"is_beta":false,"boss_relics":[],"items_purged_floors":[13],"is_endless":false,"potions_floor_spawned":[1,11],"killed_by":"Hexaghost","ascension_level":3}}