{"host":"6xsbn6ynqlzwllfm","time":1613307425,"event":{"mods":["2.2 Compatiblity","BaseMod","Bestiary","Colored Map","Colored Powertips","Curses Come First","Downfall","Highlight Path","Keyboard Shortcuts","Minty Spire (QoL Compilation)","Relic Stats","Slay the Relics Exporter","StSLib","SuperFastMode"],"gold_per_floor":[99,114,128,128,145,186,209,228,228,87,87,129,129,158,179,179,179,179],"floor_reached":16,"language":"ENG","playtime":678,"items_purged":["bronze:Strike"],"score":168,"play_id":"c8995c61-853b-45cf-b313-2df9ee7f0406","local_time":"20210214075705","is_ascension_mode":true,"campfire_choices":[{"data":"bronze:Goto","floor":1,"key":"SMITH"},{"floor":9,"key":"REST"},{"data":"bronze:ItsAFeature","floor":13,"key":"SMITH"}],"circlet_count":0,"master_deck":["AscendersBane","bronze:Strike","bronze:Strike","bronze:Strike","bronze:Defend","bronze:Defend","bronze:Defend","bronze:Defend","bronze:Replicate","bronze:Goto+1","bronze:FollowUp","bronze:OilSpill","bronze:Goto+1","bronze:Deprecate","bronze:ItsAFeature+1","bronze:Overheat","bronze:HardenedForm","bronze:Flail","bronze:ClassDefault","bronze:Assembly+1","bronze:BronzeArmor+1"],"relics":["bronze:BronzeCore","CeramicFish","Toy Ornithopter","Toxic Egg 2","Mummified Hand"],"acts_visited":["Exordium"],"potions_floor_usage":[8,15,15],"damage_taken":[{"damage":6,"enemies":"2 Louse","floor":2,"turns":3},{"damage":3,"enemies":"Cultist","floor":3,"turns":4},{"damage":7,"enemies":"Jaw Worm","floor":5,"turns":2},{"damage":12,"enemies":"3 Sentries","floor":6,"turns":8},{"damage":19,"enemies":"3 Louse","floor":8,"turns":3},{"damage":0,"enemies":"downfall:FleeingMerchant","floor":10,"turns":4},{"damage":18,"enemies":"Gremlin Nob","floor":12,"turns":4},{"damage":10,"enemies":"Exordium Thugs","floor":14,"turns":3},{"damage":3,"enemies":"Lots of Slimes","floor":15,"turns":5},{"damage":30,"enemies":"DF_ARCHETYPE_STREAMLINE","floor":16,"turns":5}],"seed_played":"1706984106492733931","potions_obtained":[{"floor":6,"key":"sneckomod:MuddlingPotion"},{"floor":12,"key":"Swift Potion"},{"floor":14,"key":"Guardian:BlockOnCardUsePotion"}],"is_trial":false,"path_per_floor":["R","M","M","?","M","E","T","M","R","$","T","E","R","M","M","B"],"character_chosen":"THE_AUTOMATON","items_purchased":["bronze:Flail"],"campfire_rested":1,"item_purchase_floors":[10],"current_hp_per_floor":[70,64,61,61,54,42,42,28,51,51,51,33,33,23,30,0,0,0],"gold":179,"neow_bonus":"TEN_PERCENT_HP_BONUS","is_daily":false,"chose_seed":false,"campfire_upgraded":2,"win_rate":0.0,"timestamp":1613307425,"path_taken":["R","M","M","?","M","E","T","M","R","$","?","E","R","M","M","BOSS"],"items_purchased_type":["Card"],"build_version":"2020-12-22","purchased_purges":1,"victory":false,"max_hp_per_floor":[77,77,77,77,77,77,77,77,77,77,77,77,77,77,77,77,77,77],"relic_stats":{"counters":[10,41],"Mummified Hand":[11],"CeramicFish":63,"obtain_stats":[{"bronze:BronzeCore":0,"Mummified Hand":12,"CeramicFish":6,"Toxic Egg 2":11,"Toy Ornithopter":7},{"bronze:BronzeCore":0,"Mummified Hand":7,"CeramicFish":4,"Toxic Egg 2":6,"Toy Ornithopter":4},{"bronze:BronzeCore":0,"Mummified Hand":28,"CeramicFish":17,"Toxic Egg 2":24,"Toy Ornithopter":17}],"Toy Ornithopter":15},"card_choices":[{"not_picked":["bronze:Shield","bronze:Constructor"],"picked":"bronze:FollowUp","floor":2},{"not_picked":["bronze:Iterate","bronze:FollowUp"],"picked":"bronze:OilSpill","floor":3},{"not_picked":["bronze:Terminator","bronze:Philosophize"],"picked":"bronze:Deprecate","floor":5},{"not_picked":["bronze:CleanCode","bronze:CutThrough"],"picked":"bronze:ItsAFeature","floor":6},{"not_picked":["bronze:Separator","bronze:GetLatest"],"picked":"bronze:Overheat","floor":8},{"not_picked":["bronze:Safeguard","bronze:DelayedSlice"],"picked":"bronze:HardenedForm","floor":10},{"not_picked":["bronze:Constructor+1","bronze:Overheat"],"picked":"bronze:ClassDefault","floor":12},{"not_picked":["bronze:FollowUp","bronze:NullPointer"],"picked":"bronze:Assembly+1","floor":14},{"not_picked":["bronze:BitShift+1","bronze:Boost+1"],"picked":"bronze:BronzeArmor+1","floor":15}],"player_experience":1770381,"relics_obtained":[{"floor":6,"key":"CeramicFish"},{"floor":7,"key":"Toy Ornithopter"},{"floor":11,"key":"Toxic Egg 2"},{"floor":12,"key":"Mummified Hand"}],"event_choices":[],"is_beta":false,"boss_relics":[],"items_purged_floors":[10],"is_endless":false,"potions_floor_spawned":[6,12,14],"killed_by":"DF_ARCHETYPE_STREAMLINE","ascension_level":10}}