{"host":"xw7092rw7wabncmm","time":1613340405,"event":{"mods":["AchievementEnabler","BaseMod","Bestiary","Block Reminder","Minty Spire (QoL Compilation)","Quick Restart","Relic Stats","Slay-I","Weighted Paths"],"gold_per_floor":[110,127,143,15,27,56,72,90,90,118,134,134,134],"floor_reached":12,"language":"ENG","playtime":719,"items_purged":["Regret"],"score":146,"play_id":"d32a2493-2799-44d0-9e25-11090efc399e","local_time":"20210214170645","is_ascension_mode":true,"campfire_choices":[],"circlet_count":0,"master_deck":["AscendersBane","Strike_B","Strike_B","Strike_B","Strike_B","Defend_B","Defend_B","Defend_B","Defend_B","Zap","Dualcast","Apotheosis","Coolheaded","Streamline","Sweeping Beam","Gash","Cold Snap","Seek","Self Repair","FTL"],"relics":["Cracked Core","Matryoshka","Sundial","Bag of Marbles","Ancient Tea Set"],"acts_visited":["Exordium"],"potions_floor_usage":[3,10],"damage_taken":[{"damage":3,"enemies":"Small Slimes","floor":1,"turns":3},{"damage":3,"enemies":"Jaw Worm","floor":2,"turns":4},{"damage":3,"enemies":"2 Louse","floor":3,"turns":3},{"damage":18,"enemies":"Exordium Thugs","floor":5,"turns":4},{"damage":21,"enemies":"Lagavulin","floor":6,"turns":6},{"damage":1,"enemies":"Blue Slaver","floor":7,"turns":4},{"damage":0,"enemies":"3 Louse","floor":8,"turns":3},{"damage":11,"enemies":"3 Sentries","floor":10,"turns":5},{"damage":11,"enemies":"Looter","floor":11,"turns":2},{"damage":12,"enemies":"Lagavulin","floor":12,"turns":5}],"seed_played":"-7749156032796722911","potions_obtained":[{"floor":2,"key":"Fruit Juice"},{"floor":7,"key":"LiquidMemories"},{"floor":11,"key":"BlessingOfTheForge"}],"is_trial":false,"path_per_floor":["M","M","M","$","M","E","M","M","T","E","M","E"],"character_chosen":"DEFECT","items_purchased":["Gash"],"campfire_rested":0,"item_purchase_floors":[4],"current_hp_per_floor":[65,62,64,64,46,25,24,24,24,23,12,0,0],"gold":134,"neow_bonus":"RANDOM_COLORLESS_2","is_daily":false,"chose_seed":false,"campfire_upgraded":0,"win_rate":0.0,"timestamp":1613340405,"path_taken":["M","M","M","$","M","E","M","M","T","E","M","E"],"items_purchased_type":["Card"],"build_version":"2020-12-22","purchased_purges":1,"victory":false,"max_hp_per_floor":[75,75,80,80,80,80,80,80,80,80,80,80,80],"relic_stats":{"counters":[10,39],"Sundial":[0],"obtain_stats":[{"Matryoshka":6,"Sundial":9,"Bag of Marbles":9,"Cracked Core":0,"Ancient Tea Set":10},{"Matryoshka":5,"Sundial":7,"Bag of Marbles":7,"Cracked Core":0,"Ancient Tea Set":8},{"Matryoshka":20,"Sundial":27,"Bag of Marbles":27,"Cracked Core":0,"Ancient Tea Set":32}]},"card_choices":[{"not_picked":["Secret Technique","Magnetism"],"picked":"Apotheosis","floor":0},{"not_picked":["Gash","Genetic Algorithm"],"picked":"Coolheaded","floor":1},{"not_picked":["Turbo","Hologram"],"picked":"Streamline","floor":2},{"not_picked":["Redo","Scrape"],"picked":"Sweeping Beam","floor":3},{"not_picked":["Lockon","Hologram"],"picked":"Cold Snap","floor":5},{"not_picked":["Barrage","Conserve Battery"],"picked":"Seek","floor":6},{"not_picked":["Hologram","Rebound"],"picked":"Self Repair","floor":7},{"not_picked":["Streamline","Aggregate"],"picked":"FTL","floor":8},{"not_picked":["Coolheaded","Fusion","Beam Cell"],"picked":"SKIP","floor":10},{"not_picked":["Static Discharge","Tempest","Force Field"],"picked":"SKIP","floor":11}],"player_experience":1647611,"relics_obtained":[{"floor":6,"key":"Matryoshka"},{"floor":9,"key":"Sundial"},{"floor":9,"key":"Bag of Marbles"},{"floor":10,"key":"Ancient Tea Set"}],"event_choices":[],"is_beta":false,"boss_relics":[],"items_purged_floors":[4],"is_endless":false,"potions_floor_spawned":[2,7,11],"killed_by":"Lagavulin","ascension_level":11}}