{"host":"rolltorest","time":1613333220,"event":{"mods":["BaseMod","Minty Spire (QoL Compilation)","Relic Stats","Slay the Relics Exporter","StSLib"],"gold_per_floor":[117,174,194,0,11,11,31,60,106,121,154,79,79,99,99,174,174,189,189,189,203,217,248,248,9,9,26,40,50,65,91,91,168,168,188,199,217,141,141,171,183,214,214,233,233,258,271,290,290,290,290,290,290,20,47,47],"floor_reached":57,"language":"ENG","playtime":2831,"items_purged":["Strike_R"],"score":2850,"play_id":"f3f60f06-38ea-4c3a-8874-94f14d2745bc","local_time":"20210214120700","is_ascension_mode":true,"campfire_choices":[{"data":"Feed","floor":6,"key":"SMITH"},{"data":"Limit Break","floor":15,"key":"SMITH"},{"floor":32,"key":"RECALL"},{"floor":45,"key":"REST"},{"floor":49,"key":"REST"},{"floor":53,"key":"REST"}],"circlet_count":0,"master_deck":["AscendersBane","Defend_R","Defend_R","Defend_R","Defend_R","Bash","Inflame","Heavy Blade","Dark Embrace","Second Wind","Limit Break+1","Blood for Blood","Feed+1","Clothesline","Thunderclap","Headbutt","Reaper","Reaper","Inflame","Sword Boomerang","Power Through","Disarm","Intimidate","Limit Break+1","Uppercut","Second Wind","Inflame","Spot Weakness","Fiend Fire","Metallicize+1","Power Through","Evolve","Armaments+1","Battle Trance","Immolate","Shrug It Off+1","Infernal Blade","Pummel"],"relics":["Burning Blood","Pantograph","Blood Vial","Tiny Chest","Fusion Hammer","Bottled Tornado","Vajra","DollysMirror","Self Forming Clay","Dream Catcher","Black Star","Bag of Preparation","Incense Burner","Bronze Scales","Omamori","MealTicket","Bird Faced Urn","Centennial Puzzle","Medical Kit","Anchor","Champion Belt"],"acts_visited":["Exordium","TheCity","TheBeyond","TheEnding"],"potions_floor_usage":[8,11,18,51],"damage_taken":[{"damage":8,"enemies":"2 Louse","floor":1,"turns":3},{"damage":9,"enemies":"Jaw Worm","floor":3,"turns":4},{"damage":6,"enemies":"Cultist","floor":5,"turns":4},{"damage":16,"enemies":"Blue Slaver","floor":7,"turns":4},{"damage":20,"enemies":"Lagavulin","floor":8,"turns":7},{"damage":12,"enemies":"Looter","floor":10,"turns":5},{"damage":25,"enemies":"3 Sentries","floor":11,"turns":8},{"damage":2,"enemies":"3 Louse","floor":14,"turns":4},{"damage":51,"enemies":"Slime Boss","floor":16,"turns":9},{"damage":27,"enemies":"3 Byrds","floor":18,"turns":8},{"damage":15,"enemies":"Chosen","floor":21,"turns":4},{"damage":43,"enemies":"Centurion and Healer","floor":22,"turns":10},{"damage":59,"enemies":"Gremlin Leader","floor":23,"turns":6},{"damage":23,"enemies":"Snake Plant","floor":27,"turns":6},{"damage":28,"enemies":"Snecko","floor":28,"turns":5},{"damage":47,"enemies":"Shelled Parasite and Fungi","floor":29,"turns":6},{"damage":24,"enemies":"Sentry and Sphere","floor":30,"turns":5},{"damage":83,"enemies":"Slavers","floor":31,"turns":5},{"damage":52,"enemies":"Champ","floor":33,"turns":8},{"damage":25,"enemies":"3 Shapes","floor":35,"turns":5},{"damage":44,"enemies":"3 Darklings","floor":36,"turns":5},{"damage":54,"enemies":"Spire Growth","floor":37,"turns":5},{"damage":47,"enemies":"Nemesis","floor":40,"turns":7},{"damage":39,"enemies":"Maw","floor":41,"turns":8},{"damage":100,"enemies":"Reptomancer","floor":42,"turns":8},{"damage":53,"enemies":"Sphere and 2 Shapes","floor":44,"turns":7},{"damage":101,"enemies":"Giant Head","floor":46,"turns":9},{"damage":36,"enemies":"Writhing Mass","floor":47,"turns":6},{"damage":31,"enemies":"Maw","floor":48,"turns":9},{"damage":94,"enemies":"Donu and Deca","floor":50,"turns":9},{"damage":62,"enemies":"Awakened One","floor":51,"turns":12},{"damage":65,"enemies":"Shield and Spear","floor":55,"turns":8},{"damage":141,"enemies":"The Heart","floor":56,"turns":10}],"seed_played":"8215553520887394292","potions_obtained":[{"floor":1,"key":"AttackPotion"},{"floor":5,"key":"GamblersBrew"},{"floor":8,"key":"SteroidPotion"},{"floor":11,"key":"FairyPotion"},{"floor":23,"key":"Block Potion"},{"floor":27,"key":"FearPotion"},{"floor":37,"key":"HeartOfIron"}],"is_trial":false,"path_per_floor":["M","?","M","$","M","R","M","E","T","M","E","?","$","M","R","B",null,"M","T","?","M","M","E","?","$","T","M","M","M","M","E","R","B",null,"M","M","M","$","T","E","M","E","T","M","R","E","M","M","R","B","B",null,"R","$","E","B",null],"character_chosen":"IRONCLAD","items_purchased":["Limit Break","Blood for Blood","DollysMirror","Evolve","Medical Kit","EntropicBrew"],"campfire_rested":3,"item_purchase_floors":[4,4,25,38,54,54],"current_hp_per_floor":[66,66,63,63,63,63,57,47,47,43,30,30,30,43,43,53,79,73,73,73,82,83,86,86,86,86,75,104,108,102,102,102,107,114,120,120,72,72,72,120,111,101,101,110,132,129,125,136,136,136,136,136,136,136,89,41],"gold":47,"neow_bonus":"TRANSFORM_TWO_CARDS","is_daily":false,"chose_seed":false,"campfire_upgraded":2,"win_rate":0.0,"timestamp":1613333220,"path_taken":["M","?","M","$","M","R","M","E","T","M","E","?","?","?","R","BOSS","M","?","?","M","M","E","?","$","T","M","M","M","M","E","R","BOSS","M","?","M","$","?","E","M","E","T","M","R","E","M","?","R","BOSS","BOSS","R","$","E","BOSS"],"items_purchased_type":["Card","Card","Relic","Card","Relic","Potion"],"build_version":"2020-12-18","purchased_purges":1,"victory":true,"max_hp_per_floor":[68,68,68,68,68,68,72,76,76,76,80,80,80,84,84,88,88,92,92,92,92,96,96,96,96,96,100,104,108,112,116,116,116,116,120,120,120,120,120,120,124,128,128,132,132,132,132,136,136,136,136,136,136,136,140,140],"relic_stats":{"counters":[33,219],"Self Forming Clay":[462],"Bag of Preparation":[20],"Medical Kit":[18],"Burning Blood":162,"Blood Vial":38,"Dream Catcher":3,"Centennial Puzzle":[18],"Pantograph":62,"Bronze Scales":[361],"Bird Faced Urn":[45],"Tiny Chest":2,"MealTicket":0,"Black Star":4,"Champion Belt":[3],"obtain_stats":[{"Self Forming Clay":26,"Vajra":23,"Bag of Preparation":40,"Incense Burner":40,"Omamori":42,"Bottled Tornado":19,"Medical Kit":54,"Burning Blood":0,"Blood Vial":9,"Dream Catcher":31,"Centennial Puzzle":46,"Anchor":55,"DollysMirror":25,"Pantograph":8,"Bronze Scales":42,"Bird Faced Urn":46,"Tiny Chest":11,"MealTicket":43,"Fusion Hammer":17,"Black Star":34,"Champion Belt":55},{"Self Forming Clay":13,"Vajra":13,"Bag of Preparation":23,"Incense Burner":23,"Omamori":25,"Bottled Tornado":10,"Medical Kit":31,"Burning Blood":0,"Blood Vial":5,"Dream Catcher":18,"Centennial Puzzle":27,"Anchor":32,"DollysMirror":13,"Pantograph":5,"Bronze Scales":25,"Bird Faced Urn":27,"Tiny Chest":7,"MealTicket":25,"Fusion Hammer":9,"Black Star":19,"Champion Belt":32},{"Self Forming Clay":76,"Vajra":76,"Bag of Preparation":133,"Incense Burner":133,"Omamori":149,"Bottled Tornado":56,"Medical Kit":201,"Burning Blood":0,"Blood Vial":22,"Dream Catcher":103,"Centennial Puzzle":165,"Anchor":209,"DollysMirror":76,"Pantograph":22,"Bronze Scales":149,"Bird Faced Urn":165,"Tiny Chest":35,"MealTicket":149,"Fusion Hammer":48,"Black Star":111,"Champion Belt":209}]},"card_choices":[{"not_picked":["Twin Strike","Warcry"],"picked":"Dark Embrace","floor":1},{"not_picked":["Body Slam","Wild Strike"],"picked":"Second Wind","floor":3},{"not_picked":["Sword Boomerang","Clash"],"picked":"Feed","floor":5},{"not_picked":["Iron Wave","Wild Strike"],"picked":"Clothesline","floor":7},{"not_picked":["Entrench","Cleave"],"picked":"Thunderclap","floor":8},{"not_picked":["Havoc","Bloodletting"],"picked":"Headbutt","floor":10},{"not_picked":["Metallicize","True Grit"],"picked":"Reaper","floor":11},{"not_picked":["Body Slam","Heavy Blade","Havoc"],"picked":"SKIP","floor":14},{"not_picked":["Limit Break","Barricade"],"picked":"Reaper","floor":16},{"not_picked":["Cleave","Wild Strike"],"picked":"Inflame","floor":18},{"not_picked":["Headbutt","Clothesline"],"picked":"Sword Boomerang","floor":21},{"not_picked":["Havoc","Thunderclap"],"picked":"Power Through","floor":22},{"not_picked":["Pummel","Combust"],"picked":"Disarm","floor":23},{"not_picked":["Flame Barrier","Bludgeon"],"picked":"Uppercut","floor":27},{"not_picked":["Disarm","Shrug It Off"],"picked":"Second Wind","floor":28},{"not_picked":["Body Slam","Flex"],"picked":"Inflame","floor":29},{"not_picked":["Twin Strike","Dropkick","Heavy Blade"],"picked":"SKIP","floor":30},{"not_picked":["Heavy Blade","Clothesline+1"],"picked":"Spot Weakness","floor":31},{"not_picked":["Juggernaut","Barricade"],"picked":"Fiend Fire","floor":33},{"not_picked":["Pommel Strike","Sever Soul"],"picked":"Metallicize+1","floor":35},{"not_picked":["Heavy Blade","Body Slam"],"picked":"Power Through","floor":36},{"not_picked":["Iron Wave","Blood for Blood","Clothesline"],"picked":"SKIP","floor":37},{"not_picked":["Flex","Rampage","Reckless Charge"],"picked":"SKIP","floor":40},{"not_picked":["Inflame","Corruption"],"picked":"Armaments+1","floor":41},{"not_picked":["Whirlwind+1","Uppercut","Perfected Strike+1"],"picked":"SKIP","floor":42},{"not_picked":["Disarm+1","Evolve+1"],"picked":"Battle Trance","floor":44},{"not_picked":["Shrug It Off","Body Slam+1"],"picked":"Immolate","floor":45},{"not_picked":["Rampage+1","Perfected Strike","Anger"],"picked":"SKIP","floor":46},{"not_picked":["Body Slam","Inflame"],"picked":"Shrug It Off+1","floor":47},{"not_picked":["Rupture","Havoc"],"picked":"Infernal Blade","floor":48},{"not_picked":["Armaments","Carnage"],"picked":"Pummel","floor":49},{"not_picked":["Entrench","Dark Embrace","Clothesline"],"picked":"SKIP","floor":55}],"player_experience":1981777,"relics_obtained":[{"floor":8,"key":"Pantograph"},{"floor":9,"key":"Blood Vial"},{"floor":11,"key":"Tiny Chest"},{"floor":19,"key":"Bottled Tornado"},{"floor":23,"key":"Vajra"},{"floor":26,"key":"Self Forming Clay"},{"floor":31,"key":"Dream Catcher"},{"floor":40,"key":"Bag of Preparation"},{"floor":40,"key":"Incense Burner"},{"floor":42,"key":"Bronze Scales"},{"floor":42,"key":"Omamori"},{"floor":43,"key":"MealTicket"},{"floor":46,"key":"Bird Faced Urn"},{"floor":46,"key":"Centennial Puzzle"},{"floor":55,"key":"Anchor"},{"floor":55,"key":"Champion Belt"}],"event_choices":[{"damage_healed":0,"gold_gain":57,"player_choice":"Gained Gold","damage_taken":0,"max_hp_gain":0,"max_hp_loss":0,"event_name":"Golden Wing","floor":2,"gold_loss":0},{"cards_removed":["Strike_R"],"damage_healed":0,"gold_gain":0,"player_choice":"Card Removal","damage_taken":0,"max_hp_gain":0,"max_hp_loss":0,"event_name":"The Cleric","floor":12,"gold_loss":75},{"damage_healed":0,"gold_gain":0,"player_choice":"Ignored","damage_taken":0,"max_hp_gain":0,"max_hp_loss":0,"event_name":"Ghosts","floor":20,"gold_loss":0},{"damage_healed":0,"gold_gain":0,"cards_transformed":["Strike_R"],"player_choice":"Transformed","damage_taken":0,"max_hp_gain":0,"max_hp_loss":0,"event_name":"Transmorgrifier","floor":24,"gold_loss":0,"cards_obtained":["Intimidate"]}],"is_beta":true,"boss_relics":[{"not_picked":["Black Blood","SacredBark"],"picked":"Fusion Hammer"},{"not_picked":["Philosopher\u0027s Stone","Velvet Choker"],"picked":"Black Star"}],"items_purged_floors":[25],"is_endless":false,"potions_floor_spawned":[1,5,8,11,23,27,29,30,31,33,35,37,44,48,55],"ascension_level":20}}