{"host":"ige0qftuunv5zgmq","time":1613327254,"event":{"mods":["AchievementEnabler","BaseMod","BetterRewards","Colored Map","Colored Powertips","Hermit","Highlight Path","Minty Spire (QoL Compilation)","Shop Mod","StSLib","The Cursed","The Disciple"],"gold_per_floor":[112,112,112,131,92,92,108,108,155,228,228,7,7,7,7,106,106,89,89,89,3,3,3,17,17,17],"floor_reached":25,"language":"ENG","playtime":1214,"items_purged":[],"score":185,"play_id":"904258fe-4f08-4f50-a90b-d7e3566e5823","local_time":"20210214132734","is_ascension_mode":false,"campfire_choices":[{"data":"BiteCommand","floor":6,"key":"SMITH"},{"data":"SecondHand","floor":8,"key":"SMITH"},{"data":"Strike_Br","floor":11,"key":"SMITH"},{"data":"Strike_Br","floor":13,"key":"SMITH"},{"floor":15,"key":"REST"},{"floor":23,"key":"REST"}],"circlet_count":0,"master_deck":["Strike_Br+1","Strike_Br+1","Strike_Br+1","Defend_Br+1","Defend_Br","Defend_Br","Defend_Br","SecondHand+1","PatternShift","BiteCommand+1","Facsimile","Keepsakes","AlternateTimeline","ReapSow","LockedBlood","LockedAstrolabe","FormalWear","Writhe","WindUp+1"],"relics":["Chronograph","SpringShield","Blood Vial","InkBottle"],"acts_visited":["Exordium","TheCity"],"potions_floor_usage":[16,16,24,24,25,25],"damage_taken":[{"damage":5,"enemies":"2 Louse","floor":1,"turns":4},{"damage":1,"enemies":"Cultist","floor":4,"turns":4},{"damage":1,"enemies":"Jaw Worm","floor":7,"turns":3},{"damage":72,"enemies":"Slime Boss","floor":16,"turns":15},{"damage":11,"enemies":"2 Thieves","floor":18,"turns":4},{"damage":30,"enemies":"3 Byrds","floor":24,"turns":5},{"damage":53,"enemies":"3 Cultists","floor":25,"turns":4}],"seed_played":"4568575174765042042","potions_obtained":[{"floor":7,"key":"Energy Potion"},{"floor":16,"key":"SkillPotion"},{"floor":18,"key":"Dexterity Potion"},{"floor":24,"key":"WardPotion"}],"is_trial":false,"path_per_floor":["M","?","?","M","$","R","M","R","T","?","R","$","R","?","R","B",null,"M","?","?","$","?","R","M","M"],"character_chosen":"CHRONO_CLASS","items_purchased":["Keepsakes","Blood Vial","Regen Potion","Explosive Potion","FormalWear"],"campfire_rested":2,"item_purchase_floors":[5,12,12,21,21],"current_hp_per_floor":[66,66,66,65,65,65,64,64,64,64,64,64,64,64,71,18,71,60,60,60,60,60,71,47,0,0],"gold":17,"neow_bonus":"TEN_PERCENT_HP_BONUS","is_daily":false,"chose_seed":false,"campfire_upgraded":4,"win_rate":0.0,"timestamp":1613327254,"path_taken":["M","?","?","M","$","R","?","R","T","?","R","$","R","?","R","BOSS","M","?","?","$","?","R","M","M"],"items_purchased_type":["Card","Relic","Potion","Potion","Card"],"build_version":"2020-12-22","purchased_purges":0,"victory":false,"max_hp_per_floor":[71,71,71,71,71,71,71,71,71,71,71,71,71,71,71,71,71,71,71,71,71,71,71,71,71,71],"card_choices":[{"not_picked":["WindUp","Break"],"picked":"BiteCommand","floor":1},{"not_picked":["Analog","CrunchTime"],"picked":"Facsimile","floor":4},{"not_picked":["AlternateTimeline","LockedBlood"],"picked":"LockedAnchor","floor":7},{"not_picked":["OverTime","Pendulum"],"picked":"Fragmentalize","floor":16},{"not_picked":["BlueShift+1","PrimeTime"],"picked":"AlternateTimeline","floor":18},{"not_picked":["Break","AlternateTimeline"],"picked":"WindUp+1","floor":24}],"player_experience":30541,"relics_obtained":[{"floor":9,"key":"SpringShield"}],"event_choices":[{"damage_healed":0,"gold_gain":0,"player_choice":"Grow","damage_taken":0,"max_hp_gain":0,"max_hp_loss":0,"event_name":"Living Wall","floor":2,"gold_loss":0,"cards_upgraded":["Strike_Br"]},{"damage_healed":0,"gold_gain":0,"player_choice":"Forge","damage_taken":0,"max_hp_gain":0,"max_hp_loss":0,"event_name":"Accursed Blacksmith","floor":3,"gold_loss":0,"cards_upgraded":["Defend_Br"]},{"damage_healed":0,"gold_gain":73,"player_choice":"Gained Gold","damage_taken":0,"max_hp_gain":0,"max_hp_loss":0,"event_name":"Golden Wing","floor":10,"gold_loss":0},{"cards_removed":["Strike_Br"],"damage_healed":0,"gold_gain":0,"player_choice":"Purged","damage_taken":0,"max_hp_gain":0,"max_hp_loss":0,"event_name":"Purifier","floor":14,"gold_loss":0},{"damage_healed":0,"gold_gain":0,"player_choice":"Read","damage_taken":0,"max_hp_gain":0,"max_hp_loss":0,"event_name":"The Library","floor":19,"gold_loss":0,"cards_obtained":["ReapSow"]},{"damage_healed":0,"gold_gain":0,"player_choice":"Opened","damage_taken":0,"relics_obtained":["InkBottle"],"max_hp_gain":0,"max_hp_loss":0,"event_name":"The Mausoleum","floor":22,"gold_loss":0,"cards_obtained":["Writhe"]}],"is_beta":false,"boss_relics":[{"not_picked":["Busted Crown","SlaversCollar"],"picked":"Chronograph"}],"items_purged_floors":[],"is_endless":false,"potions_floor_spawned":[7,16,18,24],"killed_by":"3 Cultists","ascension_level":0}}