{"host":"x730sfaw5rd1mxd8","time":1613266176,"event":{"mods":["BaseMod","BetterRewards","Colored Powertips","Highlight Path","Minty Spire (QoL Compilation)","Relic Sorter","Relic Stats","Replay The Spire","StSLib"],"gold_per_floor":[115,134,153,171,521,521,556,586,586,629,629,629,629,660,660,745,745,772,702,742,404,456,508,520,585,597,638,330,355,355,402,402,488,488,505,366,423,473,473,473,543,543,543,610,536,591,591,668,668,714,770,770,770,142,178,216],"floor_reached":57,"language":"ENG","playtime":3032,"items_purged":["Strike_R","Strike_R","Strike_R","Strike_R","Strike_R","Shame","Regret","Pain","Looming Evil"],"score":3896,"play_id":"da72775a-99c3-4755-ad3d-6abe1b6bcaee","local_time":"20210213202936","is_ascension_mode":true,"campfire_choices":[{"data":"True Grit","floor":6,"key":"SMITH"},{"data":"Bash","floor":12,"key":"SMITH"},{"data":"Languid","floor":15,"key":"PURGE"},{"data":"Flame Barrier","floor":32,"key":"SMITH"},{"floor":40,"key":"RECALL"},{"data":"Whirlwind","floor":42,"key":"SMITH"},{"data":"Replay:Many Hands","floor":47,"key":"SMITH"},{"data":"Secret Technique","floor":49,"key":"SMITH"},{"data":"Bloodletting","floor":53,"key":"SMITH"}],"circlet_count":0,"master_deck":["AscendersBane","Defend_R+1","Defend_R+1","Defend_R+1","Defend_R+1","Bash+1","Pommel Strike","Reckless Charge+1","Rupture+1","True Grit+1","Demon Form+1","Sword Boomerang","Spot Weakness","Spot Weakness","Pommel Strike","ReplayTheSpireMod:Limb From Limb","Headbutt","Shrug It Off","Shrug It Off","Inflame","Bloodletting+1","Replay:Undeath\u0027s Touch","Writhe","Immolate","ReplayTheSpireMod:Splinters","Impervious+1","Flame Barrier+1","Sword Boomerang","Apotheosis+1","ReplayTheSpireMod:Splinters","Necronomicurse","Whirlwind+1","CommonCold","Replay:Many Hands+1","Anger","Immolate","Secret Technique+1","Burning Pact+1","Parasite","Master of Strategy","ReplayTheSpireMod:Faulty Equipment"],"relics":["Burning Blood","Replay:Bottled Eggs","Bag of Marbles","Membership Card","ReplayTheSpireMod:TigerMarble","Pantograph","ReplayFunnel","MealTicket","Nunchaku","Chemical X","Guide Book","Regal Pillow","Gambling Chip","Ring of Hypnosis","Ring of Greed","Old Coin","Replay:Bandana","Ornamental Fan","Singing Bowl","Meat on the Bone","ReplayTheSpireMod:Ninjato","HornCleat","Busted Crown","Replay:Bottled Snecko","Potion Belt","MawBank","Necronomicon","Chameleon Ring","TungstenRod","War Paint","Painkiller Herb","BargainBundle","Gremlin Food","Onion Ring","White Beast Statue","Gremlin Horn","Dream Catcher","Torii","Medical Kit","ReplayTheSpireMod:Shallot","Replay:Rubber Ducky"],"acts_visited":["Exordium","TheCity","TheBeyond","TheEnding"],"potions_floor_usage":[56,56,56,56],"damage_taken":[{"damage":2,"enemies":"Small Slimes","floor":1,"turns":4},{"damage":0,"enemies":"2 Louse","floor":2,"turns":2},{"damage":4,"enemies":"Jaw Worm","floor":3,"turns":2},{"damage":0,"enemies":"Blue Slaver","floor":4,"turns":1},{"damage":25,"enemies":"Lagavulin","floor":7,"turns":6},{"damage":0,"enemies":"Looter","floor":8,"turns":2},{"damage":3,"enemies":"Replay:BlueRogue","floor":10,"turns":3},{"damage":9,"enemies":"Lagavulin","floor":14,"turns":5},{"damage":29,"enemies":"Hexaghost","floor":16,"turns":7},{"damage":5,"enemies":"Shell Parasite","floor":18,"turns":3},{"damage":3,"enemies":"Spheric Guardian","floor":19,"turns":1},{"damage":0,"enemies":"Snecko","floor":20,"turns":4},{"damage":25,"enemies":"Slavers","floor":23,"turns":2},{"damage":12,"enemies":"Replay:Snechameleon","floor":25,"turns":4},{"damage":3,"enemies":"Cultist and Chosen","floor":27,"turns":2},{"damage":1,"enemies":"Snake Plant","floor":29,"turns":3},{"damage":15,"enemies":"Gremlin Leader","floor":31,"turns":4},{"damage":56,"enemies":"Collector","floor":33,"turns":7},{"damage":2,"enemies":"Orb Walker","floor":35,"turns":1},{"damage":0,"enemies":"3 Darklings","floor":37,"turns":3},{"damage":11,"enemies":"Maw","floor":38,"turns":7},{"damage":0,"enemies":"Reptomancer","floor":41,"turns":2},{"damage":0,"enemies":"R_Hoarder","floor":44,"turns":2},{"damage":0,"enemies":"Transient","floor":45,"turns":6},{"damage":1,"enemies":"Nemesis","floor":46,"turns":3},{"damage":0,"enemies":"R_Hoarder","floor":48,"turns":3},{"damage":17,"enemies":"Donu and Deca","floor":50,"turns":4},{"damage":52,"enemies":"Awakened One","floor":51,"turns":5},{"damage":3,"enemies":"Shield and Spear","floor":55,"turns":1},{"damage":56,"enemies":"The Heart","floor":56,"turns":8}],"seed_played":"-2451460114354760381","potions_obtained":[{"floor":22,"key":"Weak Potion"},{"floor":22,"key":"HeartOfIron"},{"floor":23,"key":"HeartOfIron"},{"floor":31,"key":"CultistPotion"}],"is_trial":false,"path_per_floor":["M","M","M","M","?","R","E","M","T","E","?","R","T","E","R","B",null,"M","M","M","$","?","E","?","E","T","M","$","M","?","E","R","B",null,"?","T","?","?","?","T","E","T","T","E","?","E","T","E","T","B","B",null,"T","T","E","B",null],"character_chosen":"IRONCLAD","items_purchased":["Replay:Bottled Eggs","Bag of Marbles","Pommel Strike","Membership Card","Reckless Charge+1","ReplayTheSpireMod:TigerMarble","DistilledChaos","DistilledChaos","Rupture","True Grit","Demon Form","Sword Boomerang","Pantograph","Spot Weakness","ReplayFunnel","MealTicket","Spot Weakness","Nunchaku","Pommel Strike","Chemical X","ReplayTheSpireMod:Limb From Limb","Guide Book","Headbutt","Shrug It Off","Inflame","Regal Pillow","Apotheosis","Replay:Bottled Snecko","TungstenRod","Whirlwind","BargainBundle","Anger","Immolate","Secret Technique","Torii","Medical Kit","ReplayTheSpireMod:Shallot","Master of Strategy"],"campfire_rested":0,"item_purchase_floors":[0,0,0,0,0,0,0,0,0,0,0,0,0,0,0,0,0,0,0,0,0,0,0,0,0,0,21,21,28,28,36,36,36,36,54,54,54,54],"current_hp_per_floor":[72,75,75,75,75,75,56,62,62,67,72,72,72,71,71,61,78,79,84,86,86,88,71,50,58,58,63,78,85,80,73,73,60,89,95,100,102,99,99,99,101,101,101,103,105,105,105,107,107,96,61,96,96,107,109,71],"gold":216,"neow_bonus":"","is_daily":false,"chose_seed":false,"campfire_upgraded":7,"win_rate":0.0,"timestamp":1613266176,"path_taken":["M","M","M","M","?","R","E","M","T","E","?","R","?","E","R","BOSS","M","M","M","$","?","E","?","E","T","M","$","M","?","E","R","BOSS","?","T","?","?","?","T","E","T","T","E","?","E","T","E","T","BOSS","BOSS","T","T","E","BOSS"],"items_purchased_type":["Relic","Relic","Card","Relic","Card","Relic","Potion","Potion","Card","Card","Card","Card","Relic","Card","Relic","Relic","Card","Relic","Card","Relic","Card","Relic","Card","Card","Card","Relic","Card","Relic","Relic","Card","Relic","Card","Card","Card","Relic","Relic","Relic","Card"],"build_version":"2020-12-22","purchased_purges":9,"victory":true,"max_hp_per_floor":[75,75,75,75,75,75,75,75,75,77,82,82,82,84,84,84,84,84,86,86,86,88,90,90,92,92,94,94,96,96,98,98,98,98,100,100,102,104,99,99,101,101,101,103,105,105,105,107,107,107,107,107,107,107,109,109],"relic_stats":{"Regal Pillow":15,"Singing Bowl":34,"Gremlin Horn":[39,39],"Torii":19,"counters":[671,3106],"War Paint":["Shrug It Off","Impervious","Apotheosis"],"MawBank":60,"Medical Kit":[25],"Burning Blood":2398,"Nunchaku":[24],"Dream Catcher":3,"Busted Crown":38,"Ornamental Fan":[184],"Pantograph":49,"Gambling Chip":[108],"MealTicket":102,"Necronomicon":[34],"Chemical X":[9],"obtain_stats":[{"Golden Egg":8,"Replay:Accelerometer":52,"Whetstone":14,"Ginger":6,"Bottled Tornado":44,"Boot":53,"Sling":0,"Old Coin":47,"Ring of Searing":4,"Blood Vial":20,"Replay:Wanted Poster":34,"Replay:Ringing Soul":54,"Sundial":28,"Replay:Bronze Core":34,"MealTicket":27,"Fusion Hammer":19,"Replay:Bottled Flurry":0,"Necronomicon":21,"Kunai":53,"Replay:Wax Seal":43,"Electric Blood":17,"Replay:Bottled Steam":6,"Pear":9,"Blue Candle":30,"Counterbalance":11,"Velvet Choker":19,"Eternal Feather":9,"Akabeko":27,"SlaversCollar":17,"Bird Faced Urn":12,"Snecko Eye":17,"Pandora\u0027s Box":34,"Mark of Pain":0,"Kintsugi":17,"StrikeDummy":0,"Abe\u0027s Treasure":17,"Unceasing Top":49,"Regal Pillow":9,"Lantern":14,"Singing Bowl":10,"Torii":0,"Magic Flower":11,"StoneCalendar":14,"Painkiller Herb":17,"Blue Doll":27,"King of Hearts":12,"Bag of Preparation":9,"Cursed Key":34,"Smiling Mask":24,"Ancient Tea Set":40,"Burning Blood":0,"Pet Ghost":23,"Replay:Rubber Ducky":0,"Matryoshka":0,"Shovel":46,"WingedGreaves":8,"Chemical X":41,"Replay:Bottled Eggs":27,"Ring of Panic":45,"InkBottle":26,"Paper Frog":9,"Potion Belt":48,"Lee\u0027s Waffle":20,"Golden Idol":11,"Self Forming Clay":7,"Thread and Needle":50,"The Courier":14,"PreservedInsect":22,"Omamori":40,"Ring of Greed":45,"Frozen Egg 2":0,"MawBank":26,"Busted Crown":17,"Ornamental Fan":50,"Ring of Misfortune":20,"Orrery":0,"Turnip":46,"Art of War":40,"Garlic":32,"Champion Belt":56,"Bottled Lightning":9,"ReplayTheSpireMod:Lightbulb":0,"Toy Ornithopter":25,"Ice Cream":14,"Divine Protection":42,"Calipers":6,"Tiny House":17,"Gremlin Horn":9,"CeramicFish":43,"Vajra":0,"Sozu":17,"Centennial Puzzle":9,"Lizard Tail":38,"HornCleat":28,"DollysMirror":43,"Strawberry":28,"Honey Jar":17,"Philosopher\u0027s Stone":17,"Iron Hammer":0,"Toxic Egg 2":9,"Girya":19,"Happy Flower":27,"Ring of Hypnosis":4,"ReplayTheSpireMod:CursedCoin":0,"Dead Branch":13,"Replay:Grab Bag":17,"Oddly Smooth Stone":26,"Charon\u0027s Ashes":39,"Letter Opener":25,"Replay:Kaleidoscope":50,"War Paint":8,"Question Card":0,"OrangePellets":53,"Replay:Baseball":38,"ReplayTheSpireMod:Spearhead":24,"ReplayTheSpireMod:Shallot":30,"Shuriken":55,"Bronze Scales":12,"Simple Rune":28,"Onion Ring":45,"Molten Egg 2":7,"ReplayTheSpireMod:TigerMarble":13,"Black Star":17,"Grinning Jar":25,"Pocketwatch":0,"Meat on the Bone":43,"Darkstone Periapt":5,"ReplayFunnel":19,"Iron Core":3,"Replay:PocketPolymizer":34,"Black Blood":17,"Mango":6,"Juzu Bracelet":42,"Incense Burner":12,"Replay:Mystery Machine":0,"ClockworkSouvenir":0,"Dream Catcher":43,"Nunchaku":38,"Replay:Bandana":0,"TheAbacus":0,"Chameleon Ring":24,"Mummified Hand":0,"Pantograph":23,"Gambling Chip":24,"Replay:Bottled Snecko":6,"Red Skull":6,"Runic Pyramid":34,"Gremlin Food":0,"BargainBundle":0,"ReplayTheSpireMod:Ninjato":0,"Replay:Towering Pillar of Hats":0,"Quantum Egg":32,"Guide Book":53,"Replay:WaspNest":0,"Orichalcum":48,"Odd Mushroom":10,"Medical Kit":53,"White Beast Statue":0,"Mercury Hourglass":43,"Calling Bell":34,"Cauldron":54,"Strange Spoon":47,"Anchor":10,"CaptainsWheel":49,"ChewingGum":17,"Another Sword":42,"Snack Pack":8,"Bag of Marbles":12,"Membership Card":0,"TungstenRod":40,"FossilizedHelix":28},{"Golden Egg":68,"Replay:Accelerometer":153,"Whetstone":70,"Ginger":401,"Bottled Tornado":247,"Boot":153,"Sling":360,"Old Coin":88,"Ring of Searing":546,"Blood Vial":26,"Replay:Wanted Poster":241,"Replay:Ringing Soul":220,"Sundial":108,"Replay:Bronze Core":311,"MealTicket":58,"Fusion Hammer":456,"Replay:Bottled Flurry":251,"Necronomicon":590,"Kunai":153,"Replay:Wax Seal":438,"Electric Blood":51,"Replay:Bottled Steam":364,"Pear":347,"Blue Candle":30,"Counterbalance":349,"Velvet Choker":72,"Eternal Feather":255,"Akabeko":138,"SlaversCollar":24,"Bird Faced Urn":22,"Snecko Eye":520,"Pandora\u0027s Box":208,"Mark of Pain":0,"Kintsugi":352,"StrikeDummy":543,"Abe\u0027s Treasure":102,"Unceasing Top":120,"Regal Pillow":275,"Lantern":324,"Singing Bowl":21,"Torii":186,"Magic Flower":49,"StoneCalendar":166,"Painkiller Herb":259,"Blue Doll":358,"King of Hearts":277,"Bag of Preparation":68,"Cursed Key":31,"Smiling Mask":106,"Ancient Tea Set":437,"Burning Blood":0,"Pet Ghost":56,"Replay:Rubber Ducky":93,"Matryoshka":93,"Shovel":151,"WingedGreaves":255,"Chemical X":114,"Replay:Bottled Eggs":78,"Ring of Panic":635,"InkBottle":377,"Paper Frog":226,"Potion Belt":119,"Lee\u0027s Waffle":340,"Golden Idol":5,"Self Forming Clay":97,"Thread and Needle":90,"The Courier":7,"PreservedInsect":11,"Omamori":245,"Ring of Greed":635,"Frozen Egg 2":14,"MawBank":106,"Busted Crown":8,"Ornamental Fan":120,"Ring of Misfortune":590,"Orrery":330,"Turnip":38,"Art of War":36,"Garlic":109,"Champion Belt":92,"Bottled Lightning":129,"ReplayTheSpireMod:Lightbulb":93,"Toy Ornithopter":306,"Ice Cream":23,"Divine Protection":148,"Calipers":294,"Tiny House":619,"Gremlin Horn":20,"CeramicFish":115,"Vajra":221,"Sozu":338,"Centennial Puzzle":5,"Lizard Tail":567,"HornCleat":625,"DollysMirror":469,"Strawberry":13,"Honey Jar":231,"Philosopher\u0027s Stone":167,"Iron Hammer":155,"Toxic Egg 2":192,"Girya":134,"Happy Flower":203,"Ring of Hypnosis":546,"ReplayTheSpireMod:CursedCoin":155,"Dead Branch":165,"Replay:Grab Bag":279,"Oddly Smooth Stone":57,"Charon\u0027s Ashes":213,"Letter Opener":266,"Replay:Kaleidoscope":474,"War Paint":163,"Question Card":221,"OrangePellets":219,"Replay:Baseball":83,"ReplayTheSpireMod:Spearhead":202,"ReplayTheSpireMod:Shallot":206,"Shuriken":91,"Bronze Scales":6,"Simple Rune":78,"Onion Ring":116,"Molten Egg 2":226,"ReplayTheSpireMod:TigerMarble":132,"Black Star":407,"Grinning Jar":137,"Pocketwatch":41,"Meat on the Bone":601,"Darkstone Periapt":18,"ReplayFunnel":103,"Iron Core":188,"Replay:PocketPolymizer":433,"Black Blood":279,"Mango":19,"Juzu Bracelet":87,"Incense Burner":131,"Replay:Mystery Machine":93,"ClockworkSouvenir":123,"Dream Catcher":37,"Nunchaku":83,"Replay:Bandana":123,"TheAbacus":61,"Chameleon Ring":170,"Mummified Hand":155,"Pantograph":12,"Gambling Chip":27,"Replay:Bottled Snecko":161,"Red Skull":47,"Runic Pyramid":142,"Gremlin Food":155,"BargainBundle":251,"ReplayTheSpireMod:Ninjato":477,"Replay:Towering Pillar of Hats":444,"Quantum Egg":80,"Guide Book":249,"Replay:WaspNest":93,"Orichalcum":218,"Odd Mushroom":422,"Medical Kit":394,"White Beast Statue":155,"Mercury Hourglass":181,"Calling Bell":433,"Cauldron":574,"Strange Spoon":636,"Anchor":69,"CaptainsWheel":152,"ChewingGum":279,"Another Sword":181,"Snack Pack":48,"Bag of Marbles":257,"Membership Card":93,"TungstenRod":214,"FossilizedHelix":239},{"Golden Egg":270,"Replay:Accelerometer":693,"Whetstone":276,"Ginger":1860,"Bottled Tornado":1111,"Boot":693,"Sling":1690,"Old Coin":374,"Ring of Searing":2535,"Blood Vial":107,"Replay:Wanted Poster":1084,"Replay:Ringing Soul":1002,"Sundial":475,"Replay:Bronze Core":1396,"MealTicket":230,"Fusion Hammer":2097,"Replay:Bottled Flurry":1133,"Necronomicon":2746,"Kunai":693,"Replay:Wax Seal":2016,"Electric Blood":208,"Replay:Bottled Steam":1707,"Pear":1608,"Blue Candle":123,"Counterbalance":1619,"Velvet Choker":287,"Eternal Feather":1149,"Akabeko":613,"SlaversCollar":100,"Bird Faced Urn":86,"Snecko Eye":2418,"Pandora\u0027s Box":935,"Mark of Pain":0,"Kintsugi":1635,"StrikeDummy":2528,"Abe\u0027s Treasure":449,"Unceasing Top":539,"Regal Pillow":1226,"Lantern":1469,"Singing Bowl":82,"Torii":830,"Magic Flower":200,"StoneCalendar":746,"Painkiller Herb":1169,"Blue Doll":1675,"King of Hearts":1234,"Bag of Preparation":270,"Cursed Key":130,"Smiling Mask":466,"Ancient Tea Set":2011,"Burning Blood":0,"Pet Ghost":224,"Replay:Rubber Ducky":411,"Matryoshka":411,"Shovel":679,"WingedGreaves":1149,"Chemical X":510,"Replay:Bottled Eggs":311,"Ring of Panic":2961,"InkBottle":1760,"Paper Frog":1023,"Potion Belt":538,"Lee\u0027s Waffle":1566,"Golden Idol":17,"Self Forming Clay":425,"Thread and Needle":385,"The Courier":25,"PreservedInsect":40,"Omamori":1101,"Ring of Greed":2961,"Frozen Egg 2":51,"MawBank":466,"Busted Crown":30,"Ornamental Fan":539,"Ring of Misfortune":2746,"Orrery":1509,"Turnip":156,"Art of War":146,"Garlic":481,"Champion Belt":400,"Bottled Lightning":578,"ReplayTheSpireMod:Lightbulb":411,"Toy Ornithopter":1366,"Ice Cream":93,"Divine Protection":660,"Calipers":1310,"Tiny House":2877,"Gremlin Horn":78,"CeramicFish":521,"Vajra":1010,"Sozu":1554,"Centennial Puzzle":17,"Lizard Tail":2618,"HornCleat":2908,"DollysMirror":2147,"Strawberry":48,"Honey Jar":1045,"Philosopher\u0027s Stone":751,"Iron Hammer":713,"Toxic Egg 2":857,"Girya":598,"Happy Flower":908,"Ring of Hypnosis":2535,"ReplayTheSpireMod:CursedCoin":713,"Dead Branch":743,"Replay:Grab Bag":1251,"Oddly Smooth Stone":226,"Charon\u0027s Ashes":957,"Letter Opener":1198,"Replay:Kaleidoscope":2176,"War Paint":736,"Question Card":1010,"OrangePellets":999,"Replay:Baseball":343,"ReplayTheSpireMod:Spearhead":903,"ReplayTheSpireMod:Shallot":922,"Shuriken":395,"Bronze Scales":20,"Simple Rune":311,"Onion Ring":524,"Molten Egg 2":1023,"ReplayTheSpireMod:TigerMarble":589,"Black Star":1894,"Grinning Jar":609,"Pocketwatch":170,"Meat on the Bone":2794,"Darkstone Periapt":65,"ReplayFunnel":454,"Iron Core":838,"Replay:PocketPolymizer":1997,"Black Blood":1251,"Mango":73,"Juzu Bracelet":367,"Incense Burner":585,"Replay:Mystery Machine":411,"ClockworkSouvenir":554,"Dream Catcher":151,"Nunchaku":343,"Replay:Bandana":554,"TheAbacus":244,"Chameleon Ring":764,"Mummified Hand":713,"Pantograph":44,"Gambling Chip":111,"Replay:Bottled Snecko":730,"Red Skull":189,"Runic Pyramid":629,"Gremlin Food":713,"BargainBundle":1133,"ReplayTheSpireMod:Ninjato":2194,"Replay:Towering Pillar of Hats":2046,"Quantum Egg":320,"Guide Book":1122,"Replay:WaspNest":411,"Orichalcum":988,"Odd Mushroom":1954,"Medical Kit":1829,"White Beast Statue":713,"Mercury Hourglass":808,"Calling Bell":1997,"Cauldron":2662,"Strange Spoon":2965,"Anchor":273,"CaptainsWheel":682,"ChewingGum":1251,"Another Sword":808,"Snack Pack":196,"Bag of Marbles":1159,"Membership Card":411,"TungstenRod":963,"FossilizedHelix":1074}],"TungstenRod":339,"Meat on the Bone":36},"card_choices":[{"not_picked":["True Grit","Thunderclap","Infernal Blade"],"picked":"SKIP","floor":1},{"not_picked":["Wild Strike","Entrench"],"picked":"Bloodletting","floor":2},{"not_picked":["True Grit","Sever Soul","Defy Death"],"picked":"SKIP","floor":3},{"not_picked":["Rupture","Armaments"],"picked":"Replay:Undeath\u0027s Touch","floor":4},{"not_picked":["Shrug It Off","Flame Barrier"],"picked":"Immolate","floor":7},{"not_picked":["ReplayTheSpireMod:Strike From Hell","Blood for Blood","Seeing Red"],"picked":"SKIP","floor":8},{"not_picked":["Seeing Red","Wild Strike","Dropkick"],"picked":"Singing Bowl","floor":10},{"not_picked":["Hemogenesis","Iron Wave","Shrug It Off"],"picked":"Singing Bowl","floor":14},{"not_picked":["Juggernaut","Demon Form"],"picked":"Impervious","floor":16},{"not_picked":[],"picked":"Flame Barrier","floor":18},{"not_picked":["Wild Strike"],"picked":"Singing Bowl","floor":19},{"not_picked":[],"picked":"Sword Boomerang","floor":20},{"not_picked":["Iron Wave"],"picked":"Singing Bowl","floor":22},{"not_picked":["Shockwave"],"picked":"Singing Bowl","floor":23},{"not_picked":["Rampage"],"picked":"Singing Bowl","floor":25},{"not_picked":["Dropkick"],"picked":"Singing Bowl","floor":27},{"not_picked":["Warcry"],"picked":"Singing Bowl","floor":29},{"not_picked":["Heavy Blade"],"picked":"Singing Bowl","floor":31},{"not_picked":[],"picked":"Replay:Many Hands","floor":33},{"not_picked":["Rampage"],"picked":"Singing Bowl","floor":35},{"not_picked":["Uppercut"],"picked":"Singing Bowl","floor":37},{"not_picked":["Pommel Strike"],"picked":"Singing Bowl","floor":38},{"not_picked":["Dual Wield"],"picked":"Singing Bowl","floor":41},{"not_picked":["Entrench"],"picked":"Singing Bowl","floor":44},{"not_picked":["Wild Strike"],"picked":"Singing Bowl","floor":45},{"not_picked":[],"picked":"Burning Pact+1","floor":46},{"not_picked":["Clothesline"],"picked":"Singing Bowl","floor":48},{"not_picked":["Infernal Blade"],"picked":"Singing Bowl","floor":55}],"player_experience":4155039,"relics_obtained":[{"floor":5,"key":"Ring of Hypnosis"},{"floor":5,"key":"Ring of Greed"},{"floor":5,"key":"Old Coin"},{"floor":5,"key":"Replay:Bandana"},{"floor":7,"key":"Ornamental Fan"},{"floor":9,"key":"Singing Bowl"},{"floor":10,"key":"Meat on the Bone"},{"floor":13,"key":"ReplayTheSpireMod:Ninjato"},{"floor":14,"key":"HornCleat"},{"floor":22,"key":"Potion Belt"},{"floor":23,"key":"MawBank"},{"floor":24,"key":"Necronomicon"},{"floor":25,"key":"Chameleon Ring"},{"floor":31,"key":"War Paint"},{"floor":41,"key":"Gremlin Food"},{"floor":43,"key":"Onion Ring"},{"floor":44,"key":"White Beast Statue"},{"floor":46,"key":"Gremlin Horn"},{"floor":48,"key":"Dream Catcher"},{"floor":55,"key":"Replay:Rubber Ducky"}],"event_choices":[{"damage_healed":0,"gold_gain":0,"player_choice":"Donut","damage_taken":0,"max_hp_gain":5,"max_hp_loss":0,"event_name":"Big Fish","floor":11,"gold_loss":0},{"damage_healed":0,"gold_gain":0,"player_choice":"Obtained Book","damage_taken":21,"max_hp_gain":0,"max_hp_loss":0,"event_name":"Cursed Tome","floor":24,"gold_loss":0},{"damage_healed":0,"gold_gain":0,"player_choice":"","damage_taken":6,"max_hp_gain":0,"max_hp_loss":0,"event_name":"Knowing Skull","floor":30,"potions_obtained":[],"gold_loss":0,"cards_obtained":[]},{"damage_healed":0,"gold_gain":0,"player_choice":"Max HP","damage_taken":0,"max_hp_gain":0,"max_hp_loss":5,"event_name":"Winding Halls","floor":39,"gold_loss":0}],"is_beta":false,"boss_relics":[{"not_picked":["Philosopher\u0027s Stone","SlaversCollar"],"picked":"Busted Crown"},{"not_picked":["Ooze Armor","Runic Dome"],"picked":"Painkiller Herb"}],"items_purged_floors":[0,0,0,0,0,21,28,36,54],"is_endless":false,"potions_floor_spawned":[2,3,4,10,19,23,27,29,31,35,41,45,46,48,55],"ascension_level":20}}