{"host":"5mo0809oo9tcrmpl","time":1613267456,"event":{"mods":["BaseMod","Highlight Path","Minty Spire (QoL Compilation)","Relic Stats","Slay the Relics Exporter"],"gold_per_floor":[144,189,364,364,364,364,454,454,454,544,589,634,679,724,724,1024,1024,1069,681,726,771,371,416,416,506,556,601,646,646,691,736,736,1036,1036,1081,673,763,363,408,498,543,633,708,708,708,708,798,843,843,843],"floor_reached":51,"language":"ENG","playtime":4304,"items_purged":["Recycle","Stack","Warcry","Dodge and Roll"],"score":971,"play_id":"a4d0e93b-9b62-4d31-a6ff-40725ab71499","local_time":"20210213195056","daily_mods":["Draft","Diverse","Midas"],"is_ascension_mode":false,"campfire_choices":[{"floor":6.0,"key":"REST"},{"floor":8.0,"key":"REST"},{"floor":15.0,"key":"REST"},{"floor":32.0,"key":"REST"},{"floor":44,"key":"REST"},{"floor":46,"key":"REST"},{"floor":49,"key":"REST"}],"circlet_count":0,"master_deck":["Consecrate","Shrug It Off","Ball Lightning","White Noise","Study+1","BattleHymn","Leap","Slice+1","Clothesline","Cloak And Dagger","CutThroughFate","Conclude","BootSequence","Seeing Red","White Noise","Metallicize","Shrug It Off","Demon Form+1","Turbo+1","Shrug It Off+1","TalkToTheHand","Infernal Blade+1"],"relics":["Burning Blood","Red Skull","Pear","Bottled Tornado","Empty Cage","Membership Card","Shuriken","Anchor","TungstenRod","Dead Branch","GremlinMask","Art of War","Orichalcum","MutagenicStrength","SlaversCollar","Paper Frog","Self Forming Clay","OrangePellets","Thread and Needle","White Beast Statue","Singing Bowl","Sling","Matryoshka","Centennial Puzzle","Smiling Mask","Frozen Egg 2","Omamori"],"acts_visited":["Exordium","TheCity","TheBeyond"],"potions_floor_usage":[35,39,42,50,50,50],"damage_taken":[{"damage":6.0,"enemies":"Jaw Worm","floor":1.0,"turns":3.0},{"damage":0.0,"enemies":"Cultist","floor":2.0,"turns":2.0},{"damage":16.0,"enemies":"Lagavulin","floor":7.0,"turns":5.0},{"damage":6.0,"enemies":"3 Sentries","floor":10.0,"turns":4.0},{"damage":2.0,"enemies":"2 Louse","floor":11.0,"turns":2.0},{"damage":9.0,"enemies":"Red Slaver","floor":12.0,"turns":3.0},{"damage":12.0,"enemies":"Large Slime","floor":13.0,"turns":4.0},{"damage":11.0,"enemies":"Exordium Wildlife","floor":14.0,"turns":4.0},{"damage":41.0,"enemies":"Hexaghost","floor":16.0,"turns":10.0},{"damage":8.0,"enemies":"2 Thieves","floor":18.0,"turns":4.0},{"damage":14.0,"enemies":"3 Byrds","floor":20.0,"turns":5.0},{"damage":14.0,"enemies":"Cultist and Chosen","floor":21.0,"turns":6.0},{"damage":3.0,"enemies":"Shelled Parasite and Fungi","floor":23.0,"turns":7.0},{"damage":4.0,"enemies":"Book of Stabbing","floor":25.0,"turns":5.0},{"damage":0.0,"enemies":"Centurion and Healer","floor":27.0,"turns":7.0},{"damage":5.0,"enemies":"Snecko","floor":28.0,"turns":4.0},{"damage":4.0,"enemies":"Shelled Parasite and Fungi","floor":30.0,"turns":8.0},{"damage":7.0,"enemies":"Cultist and Chosen","floor":31.0,"turns":5.0},{"damage":31,"enemies":"Automaton","floor":33,"turns":7},{"damage":10,"enemies":"3 Darklings","floor":35,"turns":5},{"damage":24,"enemies":"2 Orb Walkers","floor":37,"turns":4},{"damage":0,"enemies":"Orb Walker","floor":39,"turns":4},{"damage":0,"enemies":"Giant Head","floor":40,"turns":6},{"damage":6,"enemies":"Writhing Mass","floor":41,"turns":6},{"damage":1,"enemies":"Reptomancer","floor":42,"turns":6},{"damage":0,"enemies":"Nemesis","floor":47,"turns":5},{"damage":0,"enemies":"4 Shapes","floor":48,"turns":8},{"damage":7,"enemies":"Donu and Deca","floor":50,"turns":7}],"seed_played":"-463004689936713651","potions_obtained":[{"floor":1.0,"key":"Ancient Potion"},{"floor":2.0,"key":"Weak Potion"},{"floor":10.0,"key":"PowerPotion"},{"floor":14.0,"key":"SmokeBomb"},{"floor":21.0,"key":"Energy Potion"},{"floor":23.0,"key":"Fire Potion"},{"floor":25.0,"key":"LiquidBronze"},{"floor":33,"key":"Weak Potion"},{"floor":37,"key":"LiquidMemories"},{"floor":39,"key":"Fruit Juice"},{"floor":40,"key":"ElixirPotion"},{"floor":42,"key":"LiquidMemories"},{"floor":48,"key":"SpeedPotion"}],"is_trial":false,"path_per_floor":["M","M","?","?","?","R","E","R","T","E","M","M","M","M","R","B",null,"M","$","M","M","$","M","?","E","T","M","M","?","M","M","R","B",null,"M","$","?","$","M","E","M","E","T","R","?","R","E","M","R","B",null],"character_chosen":"IRONCLAD","items_purchased":["Membership Card","Shuriken","Anchor","TungstenRod","Dead Branch","Fruit Juice","Paper Frog","Self Forming Clay","OrangePellets","TalkToTheHand","White Beast Statue","Singing Bowl","Sling"],"campfire_rested":7,"item_purchase_floors":[19,19,19,22,22,22,36,36,36,36,38,38,38],"current_hp_per_floor":[80,80,80,64,69,85,75,85,95,95,95,92,86,81,95,60,95,93,93,85,77,82,85,85,87,87,93,94,94,96,95,100,75,100,96,96,78,78,91,99,101,108,108,113,113,113,115,117,117,116],"gold":843,"neow_bonus":"","is_daily":true,"chose_seed":false,"campfire_upgraded":0,"win_rate":0.0,"timestamp":1613267456,"path_taken":["M","M","?","?","?","R","E","R","T","E","M","M","?","M","R","BOSS","M","$","?","M","$","M","?","E","T","?","M","?","M","M","R","BOSS","M","$","?","$","M","E","M","E","T","R","?","R","E","M","R","BOSS"],"items_purchased_type":["Relic","Relic","Relic","Relic","Relic","Potion","Relic","Relic","Relic","Card","Relic","Relic","Relic"],"build_version":"2020-12-22","purchased_purges":4,"victory":true,"max_hp_per_floor":[80,80,80,80,85,85,85,85,95,95,95,95,95,95,95,95,95,95,95,95,95,100,100,100,100,100,100,100,100,100,100,100,100,100,100,100,100,100,107,109,111,113,113,113,113,113,115,117,117,117],"relic_stats":{"Singing Bowl":12,"counters":[28,146],"Self Forming Clay":[18],"Dead Branch":[221],"Orichalcum":[60],"Smiling Mask":0,"Burning Blood":146,"OrangePellets":[15],"Centennial Puzzle":[3],"Shuriken":[50],"Art of War":[6],"obtain_stats":[{"Singing Bowl":38,"GremlinMask":24,"Bottled Tornado":10,"Empty Cage":17,"Sling":38,"Smiling Mask":43,"Burning Blood":0,"Centennial Puzzle":42,"Matryoshka":40,"Red Skull":7,"Paper Frog":36,"Pear":9,"Self Forming Clay":36,"Dead Branch":22,"Thread and Needle":37,"Omamori":47,"Orichalcum":26,"Frozen Egg 2":43,"White Beast Statue":38,"SlaversCollar":34,"OrangePellets":36,"Anchor":19,"Shuriken":19,"MutagenicStrength":29,"Art of War":25,"Membership Card":19,"TungstenRod":22},{"Singing Bowl":21,"GremlinMask":13,"Bottled Tornado":4,"Empty Cage":9,"Sling":21,"Smiling Mask":25,"Burning Blood":0,"Centennial Puzzle":25,"Matryoshka":23,"Red Skull":3,"Paper Frog":20,"Pear":3,"Self Forming Clay":20,"Dead Branch":12,"Thread and Needle":21,"Omamori":26,"Orichalcum":14,"Frozen Egg 2":25,"White Beast Statue":21,"SlaversCollar":19,"OrangePellets":20,"Anchor":10,"Shuriken":10,"MutagenicStrength":16,"Art of War":14,"Membership Card":10,"TungstenRod":12},{"Singing Bowl":104,"GremlinMask":59,"Bottled Tornado":14,"Empty Cage":37,"Sling":104,"Smiling Mask":126,"Burning Blood":0,"Centennial Puzzle":126,"Matryoshka":114,"Red Skull":10,"Paper Frog":100,"Pear":10,"Self Forming Clay":100,"Dead Branch":52,"Thread and Needle":104,"Omamori":131,"Orichalcum":64,"Frozen Egg 2":126,"White Beast Statue":104,"SlaversCollar":95,"OrangePellets":100,"Anchor":41,"Shuriken":41,"MutagenicStrength":75,"Art of War":64,"Membership Card":41,"TungstenRod":52}],"TungstenRod":20},"card_choices":[{"not_picked":["Recycle","Go for the Eyes"],"picked":"Consecrate","floor":0.0},{"not_picked":["Terror","Conserve Battery"],"picked":"Shrug It Off","floor":0.0},{"not_picked":["Accuracy","SashWhip"],"picked":"Ball Lightning","floor":0.0},{"not_picked":["WindmillStrike","Collect"],"picked":"Dodge and Roll","floor":0.0},{"not_picked":["Cold Snap","Calculated Gamble"],"picked":"White Noise","floor":0.0},{"not_picked":["Capacitor","Acrobatics"],"picked":"Study","floor":0.0},{"not_picked":["Halt","CrushJoints"],"picked":"Stack","floor":0.0},{"not_picked":["Redo","Stack"],"picked":"BattleHymn","floor":0.0},{"not_picked":["CrushJoints","Clash"],"picked":"Leap","floor":0.0},{"not_picked":["Escape Plan","Stack"],"picked":"Slice","floor":0.0},{"not_picked":["Dodge and Roll","ForeignInfluence"],"picked":"Clothesline","floor":0.0},{"not_picked":["Hologram","Turbo"],"picked":"Searing Blow","floor":0.0},{"not_picked":["Searing Blow","BowlingBash"],"picked":"Cloak And Dagger","floor":0.0},{"not_picked":["Havoc","Thunderclap"],"picked":"CutThroughFate","floor":0.0},{"not_picked":["SashWhip","Reflex"],"picked":"Warcry","floor":0.0},{"not_picked":["Outmaneuver","BowlingBash"],"picked":"Conclude","floor":1.0},{"not_picked":["BowlingBash","Barrage"],"picked":"BootSequence","floor":2.0},{"not_picked":["Scrawl","Bouncing Flask"],"picked":"Recycle","floor":7.0},{"not_picked":["Leap","Deflect"],"picked":"Seeing Red","floor":10.0},{"not_picked":["Blur","InnerPeace"],"picked":"White Noise","floor":11.0},{"not_picked":["Pommel Strike","Ball Lightning"],"picked":"Metallicize","floor":12.0},{"not_picked":["Bane","True Grit"],"picked":"Shrug It Off","floor":13.0},{"not_picked":["Clothesline","Hello World","Conclude"],"picked":"SKIP","floor":14.0},{"not_picked":["Amplify","Storm of Steel"],"picked":"Demon Form","floor":16.0},{"not_picked":["Deflect","Body Slam","Rebound"],"picked":"SKIP","floor":18.0},{"not_picked":["Capacitor+1","Underhanded Strike","Heatsinks"],"picked":"SKIP","floor":20.0},{"not_picked":["Caltrops","Crippling Poison+1","Storm"],"picked":"SKIP","floor":21.0},{"not_picked":["Storm","Compile Driver","Dodge and Roll"],"picked":"SKIP","floor":23.0},{"not_picked":["Dagger Throw","Venomology","Cleave"],"picked":"SKIP","floor":25.0},{"not_picked":["Steam","Thunderclap"],"picked":"Turbo+1","floor":27.0},{"not_picked":["SignatureMove+1","Doom and Gloom"],"picked":"Shrug It Off+1","floor":28.0},{"not_picked":["Quick Slash","Warcry+1","Clash"],"picked":"SKIP","floor":30.0},{"not_picked":["Gash+1","Ball Lightning","Fire Breathing"],"picked":"SKIP","floor":31.0},{"not_picked":["Infinite Blades","Steam+1","Perfected Strike"],"picked":"SKIP","floor":35},{"not_picked":["EmptyMind+1","Iron Wave"],"picked":"Infernal Blade+1","floor":37},{"not_picked":["JustLucky+1","Capacitor+1","Prepared+1"],"picked":"Singing Bowl","floor":39},{"not_picked":["BowlingBash+1","SandsOfTime+1","Eviscerate"],"picked":"Singing Bowl","floor":40},{"not_picked":["FollowUp+1","Sword Boomerang+1","Rampage+1"],"picked":"Singing Bowl","floor":41},{"not_picked":["Crescendo+1","Second Wind+1","Establishment"],"picked":"Singing Bowl","floor":42},{"not_picked":["Undo","Nirvana+1","PiercingWail"],"picked":"Singing Bowl","floor":47},{"not_picked":["Rage+1","ThirdEye+1","Bane"],"picked":"Singing Bowl","floor":48}],"player_experience":1281327,"relics_obtained":[{"floor":7.0,"key":"Red Skull"},{"floor":9.0,"key":"Pear"},{"floor":10.0,"key":"Bottled Tornado"},{"floor":25.0,"key":"Art of War"},{"floor":26.0,"key":"Orichalcum"},{"floor":37,"key":"Thread and Needle"},{"floor":40,"key":"Matryoshka"},{"floor":42,"key":"Centennial Puzzle"},{"floor":43,"key":"Smiling Mask"},{"floor":43,"key":"Frozen Egg 2"},{"floor":47,"key":"Omamori"}],"event_choices":[{"damage_healed":0.0,"max_hp_gain":0.0,"max_hp_loss":0.0,"gold_gain":175.0,"event_name":"Liars Game","player_choice":"AGREE","floor":3.0,"gold_loss":0.0,"damage_taken":0.0,"cards_obtained":["Doubt"]},{"damage_healed":0.0,"max_hp_gain":0.0,"max_hp_loss":0.0,"gold_gain":0.0,"event_name":"Shining Light","player_choice":"Entered Light","floor":4.0,"gold_loss":0.0,"damage_taken":16.0,"cards_upgraded":["Study","Slice"]},{"damage_healed":0.0,"max_hp_gain":5.0,"max_hp_loss":0.0,"gold_gain":0.0,"event_name":"Big Fish","player_choice":"Donut","floor":5.0,"gold_loss":0.0,"damage_taken":0.0},{"damage_healed":0.0,"max_hp_gain":0.0,"max_hp_loss":0.0,"gold_gain":0.0,"event_name":"FaceTrader","player_choice":"Trade","floor":24.0,"gold_loss":0.0,"damage_taken":0.0,"relics_obtained":["GremlinMask"]},{"damage_healed":0.0,"max_hp_gain":0.0,"max_hp_loss":0.0,"gold_gain":0.0,"event_name":"Drug Dealer","player_choice":"Inject Mutagens","floor":29.0,"gold_loss":0.0,"damage_taken":0.0,"relics_obtained":["MutagenicStrength"]},{"damage_healed":0,"gold_gain":0,"player_choice":"Fight","damage_taken":0,"max_hp_gain":0,"max_hp_loss":0,"event_name":"Mysterious Sphere","floor":37,"gold_loss":0},{"damage_healed":0,"gold_gain":0,"player_choice":"Forge","damage_taken":0,"max_hp_gain":0,"max_hp_loss":0,"event_name":"Accursed Blacksmith","floor":45,"gold_loss":0,"cards_upgraded":["Demon Form"]}],"is_beta":false,"boss_relics":[{"not_picked":["Calling Bell","Philosopher\u0027s Stone"],"picked":"Empty Cage"},{"not_picked":["Velvet Choker","Runic Pyramid"],"picked":"SlaversCollar"}],"items_purged_floors":[19,22,36,38],"is_endless":false,"potions_floor_spawned":[1,2,10,14,21,23,25,28,33,37,39,40,41,42,47,48],"ascension_level":0}}