{"host":"xp27heuvanyklt0b","time":1613308457,"event":{"mods":["100% Spire Juice","BaseMod","CapriCore","Lobotomy","Minty Spire (QoL Compilation)","Replay The Spire","StSLib","The Immortal"],"gold_per_floor":[12,32,32,48,64,64,83,83,83,113,113,136,136,179,179,304,304,328,364,17,17,17,17,17],"floor_reached":23,"language":"KOR","playtime":998,"items_purged":["Injury"],"score":233,"play_id":"43c1c009-94a3-4b1f-9512-daf37c02ae24","local_time":"20210214221417","is_ascension_mode":false,"campfire_choices":[],"circlet_count":0,"master_deck":["SecurityCode","TrainingCode","DisciplinaryCode","HandOfGreed","CrumblingArmor","Penitence","GreedKing","TodaysExpression","Wellcheers","Soda","BlackSwan","Mimicry","LongBird","CUTE","InformationCode","BeautyBeast","BlackSwan_ego+1","CherryBlossoms","Gaze+1","FairyFestival","TheSmile","RedEyes+1","UniverseFragment","Penitence","ParadiseLost","ParadiseLost"],"relics":["CogitoBucket","Golden Idol","Bottled Tornado","LuminousBracelet","SacredBark","War Paint"],"acts_visited":["Exordium","TheCity"],"potions_floor_usage":[23],"damage_taken":[{"damage":11,"enemies":"Jaw Worm","floor":1,"turns":2},{"damage":6,"enemies":"2 Louse","floor":2,"turns":2},{"damage":0,"enemies":"Cultist","floor":4,"turns":3},{"damage":22,"enemies":"Blue Slaver","floor":5,"turns":4},{"damage":8,"enemies":"Looter","floor":7,"turns":3},{"damage":18,"enemies":"Large Slime","floor":12,"turns":3},{"damage":18,"enemies":"Gremlin Gang","floor":14,"turns":4},{"damage":69,"enemies":"Hexaghost","floor":16,"turns":9},{"damage":33,"enemies":"Chosen","floor":18,"turns":8},{"damage":52,"enemies":"3 Byrds","floor":19,"turns":5},{"damage":122,"enemies":"Slavers","floor":23,"turns":4}],"seed_played":"-9161733517616809119","potions_obtained":[{"floor":1,"key":"Strength Potion"},{"floor":2,"key":"FearPotion"},{"floor":12,"key":"Dexterity Potion"}],"is_trial":false,"path_per_floor":["M","M","?","M","M","R","M","R","T","?","R","M","R","M","R","B",null,"M","M","$","?","?","E"],"character_chosen":"Angela","items_purchased":["ParadiseLost","War Paint"],"campfire_rested":0,"item_purchase_floors":[20,20],"current_hp_per_floor":[67,69,69,70,61,61,62,62,62,62,62,70,70,65,65,47,89,76,67,67,67,93,0,0],"gold":17,"neow_bonus":"RANDOM_COLORLESS_2","is_daily":false,"chose_seed":false,"campfire_upgraded":0,"win_rate":0.0,"timestamp":1613308457,"path_taken":["M","M","?","M","M","R","M","R","T","?","R","M","R","?","R","BOSS","M","M","$","?","?","E"],"items_purchased_type":["Card","Relic"],"build_version":"2020-12-22","purchased_purges":1,"victory":false,"max_hp_per_floor":[70,70,70,70,70,70,70,70,70,70,70,85,85,85,85,89,89,89,93,93,93,93,93,93],"card_choices":[{"not_picked":["Secret Technique","Secret Weapon"],"picked":"HandOfGreed","floor":0},{"not_picked":["ShyLook","WhitesApple"],"picked":"CrumblingArmor","floor":1},{"not_picked":["SomewhereSpear"],"picked":"Penitence","floor":1},{"not_picked":["WallGazer","CherryBlossoms"],"picked":"GreedKing","floor":2},{"not_picked":["SomewhereSpear"],"picked":"TodaysExpression","floor":2},{"not_picked":["Scorched","FairyFestival"],"picked":"Wellcheers","floor":4},{"not_picked":["SomewhereSpear"],"picked":"Soda","floor":4},{"not_picked":["Scorched","SpiderBud"],"picked":"BlackSwan","floor":5},{"not_picked":["SomewhereSpear"],"picked":"Mimicry","floor":5},{"not_picked":["Alriune","SingingMachine"],"picked":"LongBird","floor":7},{"not_picked":["TodaysExpression"],"picked":"CUTE","floor":7},{"not_picked":["CherryBlossoms","WallGazer"],"picked":"BeautyBeast","floor":12},{"not_picked":["Penitence"],"picked":"BlackSwan_ego","floor":12},{"not_picked":["WallGazer","QueenOfHatred"],"picked":"CherryBlossoms","floor":14},{"not_picked":["Discord"],"picked":"Gaze","floor":14},{"not_picked":["SpiderBud","WallGazer"],"picked":"FairyFestival","floor":16},{"not_picked":["Mimicry"],"picked":"TheSmile","floor":16},{"not_picked":["Soda"],"picked":"RedEyes+1","floor":18},{"not_picked":["PunishingBird","Bloodbath"],"picked":"UniverseFragment","floor":19},{"not_picked":["Lantern"],"picked":"Penitence","floor":19}],"player_experience":265521,"relics_obtained":[{"floor":9,"key":"Bottled Tornado"}],"event_choices":[{"damage_healed":0,"gold_gain":0,"player_choice":"Take Wound","damage_taken":0,"relics_obtained":["Golden Idol"],"max_hp_gain":0,"max_hp_loss":0,"event_name":"Golden Idol","floor":3,"gold_loss":0,"cards_obtained":["Injury"]},{"damage_healed":0,"gold_gain":30,"player_choice":"Searched \u00272\u0027 times","damage_taken":0,"max_hp_gain":0,"max_hp_loss":0,"event_name":"Dead Adventurer","floor":10,"gold_loss":0},{"damage_healed":0,"gold_gain":0,"player_choice":"Ignored","damage_taken":0,"max_hp_gain":0,"max_hp_loss":0,"event_name":"Cursed Tome","floor":21,"gold_loss":0},{"damage_healed":31,"gold_gain":0,"player_choice":"Heal","damage_taken":0,"max_hp_gain":0,"max_hp_loss":0,"event_name":"The Library","floor":22,"gold_loss":0}],"is_beta":false,"boss_relics":[{"not_picked":["Replay:Drink Me","Astrolabe"],"picked":"SacredBark"}],"items_purged_floors":[20],"is_endless":false,"potions_floor_spawned":[1,2,12,14,16,19],"killed_by":"Slavers","ascension_level":0}}