{"host":"iudiqz5bwex5meyb","time":1613270542,"event":{"mods":["AchievementEnabler","BaseMod","Block Reminder","Colored Map","Minty Spire (QoL Compilation)","StSLib","ojb\u0027s Better Paths Mod","ojb\u0027s Info Mod"],"gold_per_floor":[118,128,128,147,164,164,182,193,193,220,220,63,63,63],"floor_reached":13,"language":"ENG","playtime":1363,"items_purged":["Strike_G"],"score":96,"play_id":"9d6a2efa-2b95-4549-9377-219a3396c268","local_time":"20210213204222","is_ascension_mode":true,"campfire_choices":[{"data":"Outmaneuver","floor":6,"key":"SMITH"},{"floor":11,"key":"REST"}],"circlet_count":0,"master_deck":["Strike_G","Strike_G","Strike_G","Strike_G","Defend_G","Defend_G","Defend_G","Defend_G","Defend_G","Survivor","Neutralize","Outmaneuver+1","Flying Knee","Deflect","Flying Knee","Poisoned Stab","Prepared","Deadly Poison","Footwork"],"relics":["Ring of the Snake","GremlinMask","HornCleat","White Beast Statue"],"acts_visited":["Exordium"],"potions_floor_usage":[7],"damage_taken":[{"damage":2,"enemies":"Jaw Worm","floor":1,"turns":7},{"damage":0,"enemies":"Cultist","floor":2,"turns":3},{"damage":0,"enemies":"2 Louse","floor":4,"turns":4},{"damage":5,"enemies":"Red Slaver","floor":5,"turns":5},{"damage":1,"enemies":"2 Fungi Beasts","floor":7,"turns":3},{"damage":26,"enemies":"Exordium Thugs","floor":8,"turns":6},{"damage":33,"enemies":"Lagavulin","floor":10,"turns":11},{"damage":25,"enemies":"3 Sentries","floor":13,"turns":10}],"seed_played":"-848179354624295550","potions_obtained":[{"floor":1,"key":"Fire Potion"}],"is_trial":false,"path_per_floor":["M","M","?","M","M","R","M","M","T","E","R","$","E"],"character_chosen":"THE_SILENT","items_purchased":["Footwork"],"campfire_rested":1,"item_purchase_floors":[12],"current_hp_per_floor":[68,68,68,68,63,63,62,36,36,3,24,24,0,0],"gold":63,"neow_bonus":"THREE_CARDS","is_daily":false,"chose_seed":false,"campfire_upgraded":1,"win_rate":0.0,"timestamp":1613270542,"path_taken":["M","M","?","M","M","R","?","M","T","E","R","$","E"],"items_purchased_type":["Card"],"build_version":"2020-12-22","purchased_purges":1,"victory":false,"max_hp_per_floor":[70,70,70,70,70,70,70,70,70,70,70,70,70,70],"card_choices":[{"not_picked":["Prepared","Setup"],"picked":"Outmaneuver","floor":0},{"not_picked":["Skewer","Slice"],"picked":"Flying Knee","floor":1},{"not_picked":["PiercingWail","Dagger Throw"],"picked":"Deflect","floor":2},{"not_picked":["Expertise","Backflip"],"picked":"Flying Knee","floor":4},{"not_picked":["Quick Slash","Flechettes"],"picked":"Poisoned Stab","floor":5},{"not_picked":["Calculated Gamble","Concentrate"],"picked":"Prepared","floor":7},{"not_picked":["Deflect","Flechettes","Glass Knife"],"picked":"SKIP","floor":8},{"not_picked":["Leg Sweep","All Out Attack"],"picked":"Deadly Poison","floor":10}],"player_experience":250548,"relics_obtained":[{"floor":9,"key":"HornCleat"},{"floor":10,"key":"White Beast Statue"}],"event_choices":[{"damage_healed":0,"gold_gain":0,"player_choice":"Trade","damage_taken":0,"relics_obtained":["GremlinMask"],"max_hp_gain":0,"max_hp_loss":0,"event_name":"FaceTrader","floor":3,"gold_loss":0}],"is_beta":false,"boss_relics":[],"items_purged_floors":[12],"is_endless":false,"potions_floor_spawned":[1],"killed_by":"3 Sentries","ascension_level":2}}