{"host":"dokvz1wg9q1c4dv5","time":1613295072,"event":{"mods":["BaseMod","Hermit","HornydragonMod","KinomotoSakuraMod(¤ì¤§¥»?)","Koishi","Marisa¡]Ãú«B¡@Å]²z¨F¡^","Minty Spire (QoL Compilation)","Remilia¡]Á¢¦Ì²ú?¡^","StSLib","Td1madao Mod","The Bug Knight","The Servant 0.9.4"],"gold_per_floor":[83,83,83,30,84,131,143,166,201,213,244,221,251,279,279,379,379,398,398,398,410,410,437,437,73,99,99,99,99],"floor_reached":28,"language":"ZHT","playtime":1046,"items_purged":[],"score":290,"play_id":"4e71e87f-f116-4012-b786-1f69254484d6","local_time":"20210214173112","is_ascension_mode":false,"campfire_choices":[{"data":"Margarita","floor":7.0,"key":"SMITH"},{"data":"AlcoholBarrier","floor":10.0,"key":"SMITH"},{"data":"AlcoholBarrier","floor":15.0,"key":"SMITH"},{"floor":27.0,"key":"REST"}],"circlet_count":0,"master_deck":["Strike_HD","Strike_HD","Strike_HD","Strike_HD","DrunkenFist","Defend_HD","AlcoholBarrier+1","BreakDrink+1","Ocd","Alcoholic","Margarita+1","DrunkardWalk","AlcoholBarrier+1","BraveAlcohol","Yeast","GetAlcoholism+1","Metabolism","BirdAttack","Caffeine+1","BloodyMary","Noodle","Circle+1","GetAlcoholSmell+1","Susie","Normality"],"relics":["WineBottle","NeowsBlessing","Gremlin Horn","MawBank","Happy Flower","Juzu Bracelet","Regal Pillow","Frozen Egg 2","Cursed Key","Bronze Scales","Bottled Lightning","Boot"],"acts_visited":[],"potions_floor_usage":[],"damage_taken":[{"damage":0.0,"enemies":"Jaw Worm","floor":1.0,"turns":1.0},{"damage":0.0,"enemies":"Gremlin Nob","floor":6.0,"turns":1.0},{"damage":0.0,"enemies":"Small Slimes","floor":8.0,"turns":1.0},{"damage":0.0,"enemies":"2 Louse","floor":11.0,"turns":2.0},{"damage":0.0,"enemies":"3 Sentries","floor":14.0,"turns":4.0},{"damage":57.0,"enemies":"Slime Boss","floor":16.0,"turns":15.0},{"damage":5.0,"enemies":"3 Byrds","floor":18.0,"turns":6.0},{"damage":5.0,"enemies":"Shell Parasite","floor":21.0,"turns":4.0},{"damage":30.0,"enemies":"Slavers","floor":23.0,"turns":4.0},{"damage":0,"enemies":"Snecko","floor":28,"turns":1}],"seed_played":"6990725860742359361","potions_obtained":[{"floor":11.0,"key":"Fire Potion"},{"floor":16.0,"key":"Weak Potion"},{"floor":18.0,"key":"PowerPotion"}],"is_trial":false,"path_per_floor":["M","?","?","$","T","E","R","M","T","R","M","$","?","E","R","B",null,"M","?","?","M","?","E","?","$","T","R","M"],"character_chosen":"HORNYDRAGON","items_purchased":["Alcoholic","BraveAlcohol","GetAlcoholSmell+1","Susie","Bottled Lightning"],"campfire_rested":1,"item_purchase_floors":[4,12,25,25,25],"current_hp_per_floor":[87,80,80,80,80,80,80,80,80,80,80,80,80,80,80,23,87,82,82,82,77,77,51,51,51,51,87,87,87],"gold":99,"neow_bonus":"THREE_ENEMY_KILL","is_daily":false,"chose_seed":false,"campfire_upgraded":3,"win_rate":0.0,"timestamp":1613295072,"path_taken":["M","?","?","$","?","E","R","M","T","R","M","$","?","E","R","BOSS","M","?","?","M","?","E","?","$","T","R","M"],"items_purchased_type":["Card","Card","Card","Card","Relic"],"build_version":"2020-12-22","purchased_purges":0,"victory":false,"max_hp_per_floor":[87,87,87,87,87,87,87,87,87,87,87,87,87,87,87,87,87,87,87,87,87,87,87,87,87,87,87,87,87],"card_choices":[{"not_picked":["BottleAttack","Fly"],"picked":"Ocd","floor":1.0},{"not_picked":["SexyLeg","RainbowAttack"],"picked":"Margarita","floor":6.0},{"not_picked":["Fury","DrunkForget"],"picked":"DrunkardWalk","floor":8.0},{"not_picked":["Melancholia","HeadDefend"],"picked":"AlcoholBarrier","floor":11.0},{"not_picked":["LuckyCoin","BreakDrink"],"picked":"Yeast","floor":14.0},{"not_picked":["Scp500","UnoWild4"],"picked":"GetAlcoholism+1","floor":16.0},{"not_picked":["Ocd","AlcoholHeal"],"picked":"Metabolism","floor":18.0},{"not_picked":["Circle","DrunkForget+1"],"picked":"BloodyMary","floor":21.0},{"not_picked":["Pigeon","AlcoholAttack"],"picked":"Circle+1","floor":23.0}],"player_experience":140419,"relics_obtained":[{"floor":5.0,"key":"MawBank"},{"floor":6.0,"key":"Happy Flower"},{"floor":9.0,"key":"Juzu Bracelet"},{"floor":14.0,"key":"Frozen Egg 2"},{"floor":23.0,"key":"Bronze Scales"},{"floor":26.0,"key":"Boot"}],"event_choices":[{"damage_healed":0.0,"max_hp_gain":0.0,"max_hp_loss":0.0,"gold_gain":0.0,"event_name":"Scrap Ooze","player_choice":"Success","floor":2.0,"gold_loss":0.0,"damage_taken":7.0,"relics_obtained":["Gremlin Horn"]},{"damage_healed":0.0,"max_hp_gain":0.0,"max_hp_loss":0.0,"gold_gain":0.0,"event_name":"Living Wall","player_choice":"Grow","floor":3.0,"gold_loss":0.0,"damage_taken":0.0,"cards_upgraded":["BreakDrink"]},{"damage_healed":0.0,"max_hp_gain":0.0,"max_hp_loss":0.0,"gold_gain":30.0,"event_name":"Dead Adventurer","player_choice":"Searched \u00272\u0027 times","floor":13.0,"gold_loss":0.0,"damage_taken":0.0,"relics_obtained":["Regal Pillow"]},{"damage_healed":0.0,"max_hp_gain":0.0,"max_hp_loss":0.0,"gold_gain":0.0,"cards_transformed":["Defend_HD","Defend_HD"],"event_name":"Drug Dealer","player_choice":"Became Test Subject","floor":19.0,"gold_loss":0.0,"damage_taken":0.0,"cards_obtained":["BirdAttack","Caffeine"]},{"damage_healed":0.0,"max_hp_gain":0.0,"max_hp_loss":0.0,"gold_gain":0.0,"event_name":"Ghosts","player_choice":"Ignored","floor":20.0,"gold_loss":0.0,"damage_taken":0.0},{"damage_healed":0.0,"max_hp_gain":0.0,"max_hp_loss":0.0,"gold_gain":0.0,"event_name":"The Library","player_choice":"Read","floor":22.0,"gold_loss":0.0,"damage_taken":0.0,"cards_obtained":["Noodle"]},{"cards_removed":["Defend_HD"],"damage_healed":0.0,"max_hp_gain":0.0,"max_hp_loss":0.0,"gold_gain":0.0,"event_name":"Wheel of Change","player_choice":"Card Removal","floor":24.0,"gold_loss":0.0,"damage_taken":0.0}],"is_beta":false,"boss_relics":[{"not_picked":["Coffee Dripper","Busted Crown"],"picked":"Cursed Key"}],"items_purged_floors":[],"is_endless":false,"potions_floor_spawned":[11,16,18,23],"killed_by":"Snecko","ascension_level":0}}