{"host":"d6ni0fvdmr494qs7","time":1613276939,"event":{"mods":["ATMod(°¢èªMod)","BaseMod","Colored Powertips","Minty Spire (QoL Compilation)","Replay The Spire","Spicy Shops","StSLib","The Blue Laboratory","¡¾ÒÅÎï¿¨ÅÆ¡¿REMEMod"],"gold_per_floor":[118,118,118,128,128,168,168,168,168],"floor_reached":8,"language":"ZHS","playtime":468,"items_purged":[],"score":108,"play_id":"55732eff-f213-4202-859f-14422466fc1e","local_time":"20210214122859","is_ascension_mode":true,"campfire_choices":[{"data":"REME_CopyPotion","floor":7,"key":"SMITH"}],"circlet_count":0,"master_deck":["AscendersBane","Strike_R","Strike_R","Strike_R","Strike_R","Defend_R","Defend_R","Defend_R","Defend_R","Bash","REME_CopyPotion+1","AT_KingSlayer","Body Slam","AT_DiedThrough","Injury","Feed"],"relics":["AT_ATBox","REME_ComplimentaryCards","REME_ChargedStone","Golden Idol","InkBottle"],"acts_visited":["Exordium"],"potions_floor_usage":[6],"damage_taken":[{"damage":15.0,"enemies":"2 Louse","floor":1.0,"turns":5.0},{"damage":4,"enemies":"Small Slimes","floor":4,"turns":3},{"damage":22,"enemies":"3 Sentries","floor":6,"turns":7},{"damage":11,"enemies":"Gremlin Nob","floor":8,"turns":3}],"seed_played":"4220896927451245744","potions_obtained":[{"floor":1.0,"key":"blueLaboratory:BottleOfRum"},{"floor":4,"key":"blueLaboratory:HorrorPotion"}],"is_trial":false,"path_per_floor":["M","?","?","M","?","E","R","E"],"character_chosen":"IRONCLAD","items_purchased":[],"campfire_rested":0,"item_purchase_floors":[],"current_hp_per_floor":[53,53,53,49,49,27,27,16,16],"gold":168,"neow_bonus":"BOSS_RELIC","is_daily":false,"chose_seed":false,"campfire_upgraded":1,"win_rate":0.0,"timestamp":1613276939,"path_taken":["M","?","?","M","?","E","R","E"],"items_purchased_type":[],"build_version":"2020-12-22","purchased_purges":0,"victory":false,"max_hp_per_floor":[75,75,75,75,75,75,75,75,75],"card_choices":[{"not_picked":["AT_CaressingTears","Thunderclap"],"picked":"Body Slam","floor":1.0},{"not_picked":["ReplayTheSpireMod:Strike From Hell","Perfected Strike"],"picked":"AT_DiedThrough","floor":4},{"not_picked":["AT_IchimonjiDouble","Rampage"],"picked":"Feed","floor":6}],"player_experience":203174,"relics_obtained":[{"floor":6,"key":"InkBottle"}],"event_choices":[{"cards_removed":["Strike_R"],"damage_healed":0.0,"max_hp_gain":0.0,"max_hp_loss":0.0,"gold_gain":0.0,"event_name":"Living Wall","player_choice":"Forget","floor":2.0,"gold_loss":0.0,"damage_taken":0.0},{"damage_healed":0,"gold_gain":0,"player_choice":"Fled","damage_taken":0,"max_hp_gain":0,"max_hp_loss":0,"event_name":"Scrap Ooze","floor":3,"gold_loss":0},{"damage_healed":0,"gold_gain":0,"player_choice":"Take Wound","damage_taken":0,"relics_obtained":["Golden Idol"],"max_hp_gain":0,"max_hp_loss":0,"event_name":"Golden Idol","floor":5,"gold_loss":0,"cards_obtained":["Injury"]}],"is_beta":false,"boss_relics":[],"items_purged_floors":[],"is_endless":false,"potions_floor_spawned":[1,4],"killed_by":"Gremlin Nob","ascension_level":20}}