{"host":"mz5hf7l9u79ze5ha","time":1613305330,"event":{"mods":["AchievementEnabler","BaseMod","Bestiary","Better Third Choice","BetterRewards","Colored Map","Colored Powertips","Curses Come First","Downfall","Googly Eyes","Hermit","Hubris","Minty Spire (QoL Compilation)","Quick Restart","Rare Cards Sparkle","Relic Stats","Reliquary","Replay The Spire","StSLib","The Bladedancer","The Bug Knight","The Cursed","The Hierophant","The Marked","Unceasing Turn Reminder"],"gold_per_floor":[113,113,188,188,113,145,145,176,224,244,255,281,291,305,305,305,305],"floor_reached":16,"language":"ENG","playtime":654,"items_purged":["Strike_G"],"score":224,"play_id":"5c1d2059-1e0f-4967-a85b-b1c6f055ecd4","local_time":"20210214142210","is_ascension_mode":true,"campfire_choices":[{"data":"Terror","floor":7,"key":"SMITH"},{"data":"Fluid Movement","floor":15,"key":"SMITH"}],"circlet_count":0,"master_deck":["Strike_G","Strike_G","Strike_G","Strike_G","Defend_G","Defend_G","Defend_G","Defend_G","Defend_G","Survivor","Neutralize","Terror+1","Fluid Movement+1","Quick Slash","Flying Knee","PiercingWail"],"relics":["Ring of the Snake","NeowsBlessing","hubris:Icosahedron","reliquary:TridentHead","Snake Skull","Pear"],"acts_visited":["Exordium"],"potions_floor_usage":[1,12,12,12,13,16,16],"damage_taken":[{"damage":0,"enemies":"Small Slimes","floor":1,"turns":1},{"damage":0,"enemies":"Lagavulin","floor":6,"turns":1},{"damage":0,"enemies":"Gremlin Nob","floor":8,"turns":1},{"damage":1,"enemies":"2 Louse","floor":10,"turns":3},{"damage":0,"enemies":"Jaw Worm","floor":11,"turns":4},{"damage":0,"enemies":"Lagavulin","floor":12,"turns":9},{"damage":8,"enemies":"Large Slime","floor":13,"turns":9},{"damage":0,"enemies":"Exordium Wildlife","floor":14,"turns":3},{"damage":69,"enemies":"Slime Boss","floor":16,"turns":14}],"seed_played":"-1579032914304827515","potions_obtained":[{"floor":1,"key":"EntropicBrew"},{"floor":12,"key":"ColorlessPotion"},{"floor":13,"key":"bronze:BurnAndBuffPotion"},{"floor":14,"key":"SkillPotion"}],"is_trial":false,"path_per_floor":["M","?","?","?","$","E","R","E","T","M","M","E","M","M","R","B"],"character_chosen":"THE_SILENT","items_purchased":[],"campfire_rested":0,"item_purchase_floors":[],"current_hp_per_floor":[70,70,59,59,59,59,59,59,59,58,58,68,60,60,60,0,0],"gold":305,"neow_bonus":"THREE_ENEMY_KILL","is_daily":false,"chose_seed":false,"campfire_upgraded":2,"win_rate":0.0,"timestamp":1613305330,"path_taken":["M","?","?","?","$","E","R","E","T","M","M","E","M","M","R","BOSS"],"items_purchased_type":[],"build_version":"2020-12-22","purchased_purges":1,"victory":false,"max_hp_per_floor":[70,70,70,70,70,70,70,70,70,70,70,80,80,80,80,80,80],"relic_stats":{"counters":[36,160],"Snake Skull":[0],"obtain_stats":[{"Pear":12,"NeowsBlessing":0,"Snake Skull":8,"Omamori":0,"reliquary:WeakTea":23,"reliquary:RedCape":17,"Replay:Mystery Machine":29,"Boot":11,"Burning Blood":0,"Replay:Rubber Ducky":9,"reliquary:TridentHead":6,"hubris:Backtick":34,"hubris:Icosahedron":2,"ReplayTheSpireMod:Shallot":6,"Mummified Hand":34,"hubris:DeckOfHolding":27,"reliquary:RoseTintedGlasses":6},{"Pear":33,"NeowsBlessing":27,"Snake Skull":30,"Omamori":21,"reliquary:WeakTea":13,"reliquary:RedCape":8,"Replay:Mystery Machine":16,"Boot":7,"Burning Blood":0,"Replay:Rubber Ducky":6,"reliquary:TridentHead":29,"hubris:Backtick":18,"hubris:Icosahedron":28,"ReplayTheSpireMod:Shallot":4,"Mummified Hand":18,"hubris:DeckOfHolding":14,"reliquary:RoseTintedGlasses":26},{"Pear":134,"NeowsBlessing":115,"Snake Skull":118,"Omamori":89,"reliquary:WeakTea":59,"reliquary:RedCape":40,"Replay:Mystery Machine":69,"Boot":29,"Burning Blood":0,"Replay:Rubber Ducky":22,"reliquary:TridentHead":117,"hubris:Backtick":78,"hubris:Icosahedron":116,"ReplayTheSpireMod:Shallot":17,"Mummified Hand":78,"hubris:DeckOfHolding":63,"reliquary:RoseTintedGlasses":112}],"Ring of the Snake":[30]},"card_choices":[{"not_picked":["Toxin Wave","Dagger Throw"],"picked":"Terror","floor":1},{"not_picked":["hubris:TrickCloak","Accuracy","Predator"],"picked":"SKIP","floor":6},{"not_picked":["Expertise","Slice","hubris:Sniper"],"picked":"SKIP","floor":8},{"not_picked":["Bane","Acrobatics","ReplayTheSpireMod:Scrap Shanks"],"picked":"SKIP","floor":10},{"not_picked":["Slice","hubris:Sniper"],"picked":"Fluid Movement","floor":11},{"not_picked":["Dagger Throw","Fluid Movement"],"picked":"Quick Slash","floor":12},{"not_picked":["Riddle With Holes","hubris:Sniper"],"picked":"Flying Knee","floor":13},{"not_picked":["Blur","Deflect"],"picked":"PiercingWail","floor":14}],"player_experience":182985,"relics_obtained":[{"floor":6,"key":"reliquary:TridentHead"},{"floor":8,"key":"Snake Skull"},{"floor":12,"key":"Pear"}],"event_choices":[{"damage_healed":0,"gold_gain":75,"player_choice":"Gold","damage_taken":11,"max_hp_gain":0,"max_hp_loss":0,"event_name":"betterThird:BetterGoop","floor":3,"gold_loss":0},{"damage_healed":0,"gold_gain":0,"player_choice":"Ignored","damage_taken":0,"max_hp_gain":0,"max_hp_loss":0,"event_name":"Golden Wing","floor":4,"gold_loss":0}],"is_beta":false,"boss_relics":[],"items_purged_floors":[5],"is_endless":false,"potions_floor_spawned":[1,8,12,13,14],"killed_by":"Slime Boss","ascension_level":3}}