{"host":"AppleFritter","time":1613264045,"event":{"mods":["BaseMod","Block Reminder","Colored Map","Colored Powertips","Curses Come First","Highlight Path","Minty Spire (QoL Compilation)","Permanent Neow","Potion Indicator Mod","Quick Restart","Relic Stats","StSLib","ojb\u0027s Info Mod"],"gold_per_floor":[114,133,149,49,64,139,158,158,158,168,168,198,212,239,239,343,343,359,24,24,24,41,74,87,87,111,128,24,40,52,52,52,52,52],"floor_reached":33,"language":"ENG","playtime":24844,"items_purged":["Defend_G"],"score":296,"play_id":"d00b3549-63df-456e-b0f9-d3bfe6676b4e","local_time":"20210213195405","is_ascension_mode":false,"campfire_choices":[{"data":"Predator","floor":8.0,"key":"SMITH"},{"data":"Poisoned Stab","floor":11.0,"key":"SMITH"},{"data":"Noxious Fumes","floor":15.0,"key":"SMITH"},{"floor":25,"key":"REST"},{"floor":32,"key":"REST"}],"circlet_count":0,"master_deck":["Strike_G","Strike_G","Strike_G","Strike_G","Strike_G","Defend_G","Defend_G","Defend_G","Defend_G","Survivor","Neutralize","Flying Knee","Predator+1","Bullet Time","Dagger Spray","Noxious Fumes+1","Dash","Poisoned Stab+1","Underhanded Strike","Backflip+1","Tools of the Trade","Masterful Stab","Eviscerate","Prepared+1","Infinite Blades","Caltrops","Bouncing Flask+1","Blade Dance+1","Choke+1","Reflex+1","Quick Slash","Deflect+1","Venomology+1"],"relics":["Ring of the Snake","NeowsBlessing","Girya","Toxic Egg 2","HoveringKite","Gambling Chip","Question Card","PreservedInsect"],"acts_visited":["Exordium","TheCity"],"potions_floor_usage":[27,30,33,33],"damage_taken":[{"damage":0.0,"enemies":"Jaw Worm","floor":1.0,"turns":1.0},{"damage":0.0,"enemies":"2 Louse","floor":2.0,"turns":1.0},{"damage":0.0,"enemies":"Cultist","floor":3.0,"turns":1.0},{"damage":2.0,"enemies":"3 Louse","floor":5.0,"turns":3.0},{"damage":10.0,"enemies":"Looter","floor":7.0,"turns":3.0},{"damage":1.0,"enemies":"2 Fungi Beasts","floor":10.0,"turns":3.0},{"damage":0.0,"enemies":"Exordium Thugs","floor":13.0,"turns":5.0},{"damage":0.0,"enemies":"Gremlin Nob","floor":14.0,"turns":2.0},{"damage":12.0,"enemies":"Hexaghost","floor":16.0,"turns":7.0},{"damage":20.0,"enemies":"2 Thieves","floor":18.0,"turns":4.0},{"damage":1.0,"enemies":"3 Byrds","floor":22.0,"turns":3.0},{"damage":27.0,"enemies":"Gremlin Leader","floor":23.0,"turns":7.0},{"damage":2,"enemies":"Cultist and Chosen","floor":24,"turns":4},{"damage":8,"enemies":"Centurion and Healer","floor":27,"turns":5},{"damage":20,"enemies":"Shelled Parasite and Fungi","floor":29,"turns":4},{"damage":0,"enemies":"3 Cultists","floor":30,"turns":3},{"damage":44,"enemies":"Champ","floor":33,"turns":9}],"seed_played":"8242300031550622538","potions_obtained":[{"floor":2.0,"key":"Energy Potion"},{"floor":5.0,"key":"Explosive Potion"},{"floor":14.0,"key":"Dexterity Potion"},{"floor":24,"key":"BlessingOfTheForge"},{"floor":27,"key":"Fruit Juice"},{"floor":29,"key":"LiquidBronze"},{"floor":30,"key":"LiquidMemories"}],"is_trial":false,"path_per_floor":["M","M","M","$","M","?","M","R","T","M","R","?","M","E","R","B",null,"M","$","?","?","M","E","M","R","T","M","$","M","M","?","R","B"],"character_chosen":"THE_SILENT","items_purchased":["FearPotion","Dagger Spray","Eviscerate","Prepared+1","GhostInAJar","Infinite Blades","Reflex+1","Quick Slash"],"campfire_rested":2,"item_purchase_floors":[4,4,19,19,19,19,28,28],"current_hp_per_floor":[70,70,70,70,68,57,47,47,47,46,46,46,46,46,46,34,70,50,50,50,50,49,22,20,41,41,38,38,18,18,18,40,0,0],"gold":52,"neow_bonus":"THREE_ENEMY_KILL","is_daily":false,"chose_seed":false,"campfire_upgraded":3,"win_rate":0.0,"timestamp":1613264045,"path_taken":["M","M","M","$","M","?","M","R","T","M","R","?","M","E","R","BOSS","M","$","?","?","M","E","?","R","T","M","$","M","M","?","R","BOSS"],"items_purchased_type":["Potion","Card","Card","Card","Potion","Card","Card","Card"],"build_version":"2020-12-18","purchased_purges":1,"victory":false,"max_hp_per_floor":[70,70,70,70,70,70,70,70,70,70,70,70,70,70,70,70,70,70,70,70,70,70,70,70,70,70,75,75,75,75,75,75,75,75],"relic_stats":{"counters":[17,65],"Gambling Chip":[14],"HoveringKite":[31],"PreservedInsect":0,"Question Card":4,"obtain_stats":[{"Girya":9,"NeowsBlessing":0,"Gambling Chip":21,"HoveringKite":17,"PreservedInsect":26,"Toxic Egg 2":14,"Question Card":23,"Ring of the Snake":0},{"Girya":5,"NeowsBlessing":0,"Gambling Chip":10,"HoveringKite":9,"PreservedInsect":13,"Toxic Egg 2":8,"Question Card":12,"Ring of the Snake":0},{"Girya":9,"NeowsBlessing":0,"Gambling Chip":30,"HoveringKite":26,"PreservedInsect":44,"Toxic Egg 2":19,"Question Card":40,"Ring of the Snake":0}],"Ring of the Snake":[34]},"card_choices":[{"not_picked":["Poisoned Stab","PiercingWail"],"picked":"Flying Knee","floor":1.0},{"not_picked":["Backflip","PiercingWail"],"picked":"Predator","floor":2.0},{"not_picked":["Poisoned Stab","Dagger Throw"],"picked":"Bullet Time","floor":3.0},{"not_picked":["Riddle With Holes","Bouncing Flask"],"picked":"Noxious Fumes","floor":5.0},{"not_picked":["Flying Knee","Backflip"],"picked":"Dash","floor":7.0},{"not_picked":["Sucker Punch","Acrobatics"],"picked":"Poisoned Stab","floor":10.0},{"not_picked":["Distraction","Venomology"],"picked":"Underhanded Strike","floor":13.0},{"not_picked":["Blur+1","Sucker Punch"],"picked":"Backflip+1","floor":14.0},{"not_picked":["Adrenaline+1","After Image"],"picked":"Tools of the Trade","floor":16.0},{"not_picked":["Outmaneuver+1","Slice"],"picked":"Masterful Stab","floor":18.0},{"not_picked":["Backstab","Infinite Blades"],"picked":"Caltrops","floor":22.0},{"not_picked":["Quick Slash","Underhanded Strike"],"picked":"Bouncing Flask+1","floor":23.0},{"not_picked":["Crippling Poison+1","PiercingWail+1","Deflect+1"],"picked":"Blade Dance+1","floor":24},{"not_picked":["Poisoned Stab","Backstab","Deflect+1"],"picked":"Choke+1","floor":27},{"not_picked":["Dash","Choke","Dagger Spray+1"],"picked":"Deflect+1","floor":29},{"not_picked":["Endless Agony+1","Acrobatics+1","Outmaneuver+1"],"picked":"Venomology+1","floor":30}],"player_experience":17186,"relics_obtained":[{"floor":9.0,"key":"Girya"},{"floor":14.0,"key":"Toxic Egg 2"},{"floor":23.0,"key":"Question Card"},{"floor":26,"key":"PreservedInsect"}],"event_choices":[{"damage_healed":0.0,"max_hp_gain":0.0,"max_hp_loss":0.0,"gold_gain":75.0,"event_name":"World of Goop","player_choice":"Gather Gold","floor":6.0,"gold_loss":0.0,"damage_taken":11.0},{"damage_healed":0.0,"max_hp_gain":0.0,"max_hp_loss":0.0,"gold_gain":30.0,"event_name":"Dead Adventurer","player_choice":"Searched \u00271\u0027 times","floor":12.0,"gold_loss":0.0,"damage_taken":0.0},{"damage_healed":0.0,"max_hp_gain":0.0,"max_hp_loss":0.0,"gold_gain":0.0,"event_name":"The Mausoleum","player_choice":"Ignored","floor":20.0,"gold_loss":0.0,"damage_taken":0.0},{"damage_healed":0.0,"max_hp_gain":0.0,"max_hp_loss":0.0,"gold_gain":0.0,"event_name":"WeMeetAgain","player_choice":"Gave Potion","floor":21.0,"gold_loss":0.0,"damage_taken":0.0,"relics_obtained":["Gambling Chip"]}],"is_beta":true,"boss_relics":[{"not_picked":["Coffee Dripper","Cursed Key"],"picked":"HoveringKite"}],"items_purged_floors":[19],"is_endless":false,"potions_floor_spawned":[2,5,10,14,24,27,29,30],"killed_by":"Champ","ascension_level":0}}