{"host":"v1g0lpd6z6lg7is8","time":1613312773,"event":{"mods":["BaseMod","Colored Map","Colored Powertips","Minty Spire (QoL Compilation)","Quick Restart"],"gold_per_floor":[115,115,33,33,51,82,82,98,98,119,142,158,177,177,177,301,301,325,325,325,325,345,345,378,263,286,186,186,186,61,80,80,80,80],"floor_reached":33,"language":"ZHS","playtime":840,"items_purged":["Strike_R","Strike_R","Strike_R"],"score":315,"play_id":"816bea17-a871-4ae1-b6a8-9a6ebb6789f2","local_time":"20210214222613","is_ascension_mode":false,"campfire_choices":[{"data":"Spot Weakness","floor":7,"key":"SMITH"},{"data":"Heavy Blade","floor":15,"key":"SMITH"},{"data":"Flash of Steel","floor":23,"key":"SMITH"},{"data":"Dropkick","floor":28,"key":"SMITH"},{"floor":32,"key":"REST"}],"circlet_count":0,"master_deck":["Defend_R","Defend_R","Defend_R","Defend_R","Bash","Spot Weakness+1","Flash of Steel","Flame Barrier","Heavy Blade+1","Shockwave","Shrug It Off","Flash of Steel+1","Dropkick+1"],"relics":["Burning Blood","NeowsBlessing","Golden Idol","Mango","Darkstone Periapt","Black Star","MutagenicStrength","PreservedInsect","Charon\u0027s Ashes","Tiny Chest","Oddly Smooth Stone"],"acts_visited":["Exordium","TheCity"],"potions_floor_usage":[11,22,31],"damage_taken":[{"damage":0,"enemies":"Jaw Worm","floor":1,"turns":1},{"damage":0,"enemies":"Cultist","floor":5,"turns":1},{"damage":0,"enemies":"Lagavulin","floor":6,"turns":2},{"damage":0,"enemies":"Small Slimes","floor":8,"turns":2},{"damage":7,"enemies":"Exordium Wildlife","floor":10,"turns":3},{"damage":5,"enemies":"Lots of Slimes","floor":11,"turns":3},{"damage":19,"enemies":"Gremlin Gang","floor":12,"turns":4},{"damage":10,"enemies":"Large Slime","floor":13,"turns":6},{"damage":32,"enemies":"Hexaghost","floor":16,"turns":7},{"damage":32,"enemies":"Shell Parasite","floor":18,"turns":5},{"damage":9,"enemies":"2 Thieves","floor":22,"turns":4},{"damage":58,"enemies":"Gremlin Leader","floor":24,"turns":4},{"damage":9,"enemies":"Snake Plant","floor":31,"turns":3},{"damage":87,"enemies":"Champ","floor":33,"turns":10}],"seed_played":"-3932648584561649870","potions_obtained":[{"floor":1,"key":"SneckoOil"},{"floor":2,"key":"FairyPotion"},{"floor":2,"key":"DistilledChaos"},{"floor":2,"key":"SteroidPotion"},{"floor":11,"key":"SteroidPotion"}],"is_trial":false,"path_per_floor":["M","?","$","?","M","E","R","M","T","M","M","M","M","?","R","B",null,"M","?","?","?","M","R","E","$","T","$","R","?","$","M","R","B"],"character_chosen":"IRONCLAD","items_purchased":["Flash of Steel","Dropkick"],"campfire_rested":1,"item_purchase_floors":[3,25],"current_hp_per_floor":[80,80,80,60,66,86,86,92,92,91,92,79,75,68,68,42,94,68,68,68,68,65,65,13,13,13,13,13,13,13,10,38,0,0],"gold":80,"neow_bonus":"THREE_ENEMY_KILL","is_daily":false,"chose_seed":false,"campfire_upgraded":4,"win_rate":0.0,"timestamp":1613312773,"path_taken":["M","?","?","?","M","E","R","?","T","M","?","?","M","?","R","BOSS","M","?","?","?","?","R","E","$","T","?","R","?","$","?","R","BOSS"],"items_purchased_type":["Card","Card"],"build_version":"2020-12-22","purchased_purges":3,"victory":false,"max_hp_per_floor":[80,80,80,80,80,94,94,94,94,94,94,94,94,94,94,94,94,94,94,94,94,94,94,94,94,94,94,94,94,94,94,94,94,94],"card_choices":[{"not_picked":["Rage","Havoc"],"picked":"Spot Weakness","floor":1},{"not_picked":["Disarm","Sentinel"],"picked":"Flame Barrier","floor":5},{"not_picked":["True Grit","Warcry","Flame Barrier"],"picked":"SKIP","floor":6},{"not_picked":["Ghostly Armor","Armaments","Warcry"],"picked":"SKIP","floor":8},{"not_picked":["Armaments","Rampage"],"picked":"Heavy Blade","floor":10},{"not_picked":["Pommel Strike","Evolve"],"picked":"Shockwave","floor":11},{"not_picked":["Wild Strike","Armaments"],"picked":"Shrug It Off","floor":12},{"not_picked":["Infernal Blade","Headbutt","Reckless Charge"],"picked":"SKIP","floor":13},{"not_picked":["Spot Weakness","Iron Wave+1","True Grit"],"picked":"SKIP","floor":18},{"not_picked":["Fire Breathing","Pummel","Reckless Charge"],"picked":"SKIP","floor":22},{"not_picked":["Wild Strike","Flame Barrier+1","Rupture"],"picked":"SKIP","floor":24},{"not_picked":["Sentinel+1","Entrench","Cleave"],"picked":"SKIP","floor":31}],"player_experience":1972246,"relics_obtained":[{"floor":6,"key":"Mango"},{"floor":9,"key":"Darkstone Periapt"},{"floor":24,"key":"Charon\u0027s Ashes"},{"floor":24,"key":"Tiny Chest"},{"floor":26,"key":"Oddly Smooth Stone"}],"event_choices":[{"damage_healed":0,"gold_gain":0,"player_choice":"Got Potions","damage_taken":0,"max_hp_gain":0,"max_hp_loss":0,"event_name":"Lab","floor":2,"gold_loss":0},{"damage_healed":0,"gold_gain":0,"player_choice":"Take Damage","damage_taken":20,"relics_obtained":["Golden Idol"],"max_hp_gain":0,"max_hp_loss":0,"event_name":"Golden Idol","floor":4,"gold_loss":0},{"cards_removed":["Strike_R"],"damage_healed":0,"gold_gain":0,"player_choice":"Card Removal","damage_taken":7,"max_hp_gain":0,"max_hp_loss":0,"event_name":"Golden Wing","floor":14,"gold_loss":0},{"damage_healed":0,"gold_gain":0,"player_choice":"Inject Mutagens","damage_taken":0,"relics_obtained":["MutagenicStrength"],"max_hp_gain":0,"max_hp_loss":0,"event_name":"Drug Dealer","floor":19,"gold_loss":0},{"damage_healed":0,"gold_gain":0,"player_choice":"Opened","damage_taken":0,"relics_obtained":["PreservedInsect"],"max_hp_gain":0,"max_hp_loss":0,"event_name":"The Mausoleum","floor":20,"gold_loss":0},{"damage_healed":0,"gold_gain":0,"player_choice":"Copied","damage_taken":0,"max_hp_gain":0,"max_hp_loss":0,"event_name":"Duplicator","floor":21,"gold_loss":0,"cards_obtained":["Flash of Steel"]},{"cards_removed":["Strike_R"],"damage_healed":0,"gold_gain":0,"player_choice":"Offered Basic","damage_taken":0,"max_hp_gain":0,"max_hp_loss":0,"event_name":"Bonfire Elementals","floor":29,"gold_loss":0}],"is_beta":false,"boss_relics":[{"not_picked":["Philosopher\u0027s Stone","Cursed Key"],"picked":"Black Star"}],"items_purged_floors":[25,27,30],"is_endless":false,"potions_floor_spawned":[1,5,6,10,11,13,18],"killed_by":"Champ","ascension_level":0}}