{"host":"xp5rvh2jwe2ejyfm","time":1613319358,"event":{"mods":["2.2 Compatiblity","Aspiration","BaseMod","Better Altar","Better Match","Better Note","Better Sensory Stone","Better Skull","BetterRewards","Colored Powertips","Conspire","Downfall","GifTheSpireLib","Gremlin Mod","GungeonMod","Hermit","Hubris","Jorbs\u0027s Wanderer Trilogy","Minty Spire (QoL Compilation)","Potionbrewer","Quick Restart","Replay The Spire","Robot Space Explorer","Shade Mod","Somnambulant","StSLib","The Bug Knight","The Clintock","The Construct","The Cursed","The Disciple","The Forsaken","The Hierophant","The Necromancer","The Runesmith","The Servant 0.9.4","The Valiant","The Witch","TheFirefly","thorton"],"gold_per_floor":[361,371,18,35,53,82,94,106,170,216,228,263,200,225,237,375,387,422,434,467,479,491,491],"floor_reached":22,"language":"ENG","playtime":615,"items_purged":[],"score":196,"play_id":"cf5ec56e-ff69-4c65-b654-a763a1754f48","local_time":"20210214111558","is_ascension_mode":false,"campfire_choices":[{"floor":8,"key":"REST"},{"floor":11,"key":"REST"},{"floor":15,"key":"RECALL"}],"circlet_count":0,"master_deck":["TheCursedMod:Strike_TheCursed","TheCursedMod:Strike_TheCursed","TheCursedMod:Strike_TheCursed","TheCursedMod:Strike_TheCursed","TheCursedMod:Defend_TheCursed","TheCursedMod:Defend_TheCursed","TheCursedMod:Defend_TheCursed","TheCursedMod:Defend_TheCursed","TheCursedMod:CursedWand+1","TheCursedMod:CleanUpWorkshop+1","TheCursedMod:Dregs","TheCursedMod:CursedShiv","TheCursedMod:AbyssShockwave","TheCursedMod:SpitefulStrike","TheCursedMod:AbyssShockwave","TheCursedMod:OutForBlood","TheCursedMod:CursedBlade","Injury","TheCursedMod:EmpowerCircles","TheCursedMod:WearCloak","TheCursedMod:CircleOfFlame","TheCursedMod:UltimatePain","TheCursedMod:SaltUponWound","TheCursedMod:CircleOfCorruption+1","The Bomb","Replay:Bootleg Shield Generator"],"relics":["TheCursedMod:BlackMagic101","construct:RocketBooster","MawBank","Golden Idol","Blood Vial","aspiration:DSix","conspire:RoyalGoblet"],"acts_visited":["Exordium","TheCity"],"potions_floor_usage":[10,10,16,22],"damage_taken":[{"damage":4,"enemies":"Cultist","floor":1,"turns":4},{"damage":0,"enemies":"Small Slimes","floor":2,"turns":4},{"damage":0,"enemies":"2 Louse","floor":4,"turns":2},{"damage":3,"enemies":"Large Slime","floor":5,"turns":3},{"damage":30,"enemies":"Gremlin Nob","floor":6,"turns":5},{"damage":8,"enemies":"3 Sentries","floor":10,"turns":2},{"damage":10,"enemies":"Looter","floor":12,"turns":3},{"damage":5,"enemies":"Exordium Wildlife","floor":14,"turns":2},{"damage":25,"enemies":"Slime Boss","floor":16,"turns":7},{"damage":35,"enemies":"Spheric Guardian","floor":18,"turns":6},{"damage":9,"enemies":"3 Byrds","floor":20,"turns":4},{"damage":21,"enemies":"Snake Plant","floor":22,"turns":2}],"seed_played":"2413302432860706288","potions_obtained":[{"floor":1,"key":"potionbrewer:BoundlessPotion"},{"floor":2,"key":"TheCursedMod:DregsPotion"},{"floor":6,"key":"Strength Potion"},{"floor":12,"key":"AttackPotion"},{"floor":20,"key":"ColorlessPotion"}],"is_trial":false,"path_per_floor":["M","M","$","M","M","E","?","R","T","E","R","M","?","M","R","B",null,"M","?","M","?","M"],"character_chosen":"THE_CURSED","items_purchased":["construct:RocketBooster","TheCursedMod:SpitefulStrike"],"campfire_rested":2,"item_purchase_floors":[3,3],"current_hp_per_floor":[50,50,50,50,47,17,17,39,39,33,55,47,47,44,44,21,75,40,40,33,33,14,14],"gold":491,"neow_bonus":"TWO_FIFTY_GOLD","is_daily":false,"chose_seed":false,"campfire_upgraded":0,"win_rate":0.0,"timestamp":1613319358,"path_taken":["M","M","$","M","M","E","?","R","T","E","R","M","?","M","R","BOSS","M","?","M","?","M"],"items_purchased_type":["Relic","Card"],"build_version":"2020-12-22","purchased_purges":0,"victory":false,"max_hp_per_floor":[75,75,75,75,75,75,75,75,75,75,75,75,75,75,75,75,75,75,75,75,75,73,73],"card_choices":[{"not_picked":["TheCursedMod:CursedAmulet","TheCursedMod:SpitefulPray"],"picked":"TheCursedMod:CursedShiv","floor":1},{"not_picked":["TheCursedMod:WearCloak","TheCursedMod:SoulReap"],"picked":"TheCursedMod:AbyssShockwave","floor":2},{"not_picked":["TheCursedMod:CursedAmulet","TheCursedMod:HellfireBreathing"],"picked":"TheCursedMod:AbyssShockwave","floor":4},{"not_picked":["TheCursedMod:AshesToAshes","TheCursedMod:LuckyCharm"],"picked":"TheCursedMod:OutForBlood","floor":5},{"not_picked":["TheCursedMod:PrepareRite","TheCursedMod:Stretching"],"picked":"TheCursedMod:CursedBlade","floor":6},{"not_picked":["TheCursedMod:DarkBarrier","TheCursedMod:ManaBullet"],"picked":"TheCursedMod:EmpowerCircles","floor":10},{"not_picked":["TheCursedMod:Stretching","TheCursedMod:CursedShiv"],"picked":"TheCursedMod:WearCloak","floor":12},{"not_picked":["TheCursedMod:Obscuration","TheCursedMod:StingEye"],"picked":"TheCursedMod:CircleOfFlame","floor":14},{"not_picked":["TheCursedMod:ManaCirculation","TheCursedMod:Neurasthenia"],"picked":"TheCursedMod:UltimatePain","floor":16},{"not_picked":["TheCursedMod:CursedMace","TheCursedMod:Stigma"],"picked":"TheCursedMod:SaltUponWound","floor":18},{"not_picked":["TheCursedMod:SmokeScreen","TheCursedMod:DoubleShield"],"picked":"TheCursedMod:CircleOfCorruption+1","floor":20},{"not_picked":["Discovery","Enlightenment"],"picked":"The Bomb","floor":21},{"not_picked":["Discovery","Deep Breath"],"picked":"Replay:Bootleg Shield Generator","floor":21}],"player_experience":505455,"relics_obtained":[{"floor":6,"key":"MawBank"},{"floor":9,"key":"Blood Vial"},{"floor":10,"key":"aspiration:DSix"}],"event_choices":[{"damage_healed":0,"gold_gain":0,"player_choice":"Take Wound","damage_taken":0,"relics_obtained":["Golden Idol"],"max_hp_gain":0,"max_hp_loss":0,"event_name":"Golden Idol","floor":7,"gold_loss":0,"cards_obtained":["Injury"]},{"damage_healed":0,"gold_gain":0,"player_choice":"2","damage_taken":0,"max_hp_gain":0,"max_hp_loss":0,"event_name":"betterMatch:BetterMatch","floor":13,"gold_loss":0,"cards_obtained":[]},{"damage_healed":0,"gold_gain":0,"player_choice":"Ignored","damage_taken":0,"max_hp_gain":0,"max_hp_loss":0,"event_name":"betterNote:BetterNote","floor":19,"gold_loss":0,"cards_obtained":["hermit:Headshot"]},{"damage_healed":0,"gold_gain":2,"player_choice":"1","damage_taken":0,"max_hp_gain":0,"max_hp_loss":0,"event_name":"betterStone:BetterStone","floor":21,"gold_loss":0}],"is_beta":false,"boss_relics":[{"not_picked":["ChewingGum","Runic Dome"],"picked":"conspire:RoyalGoblet"}],"items_purged_floors":[],"is_endless":false,"potions_floor_spawned":[1,2,6,12,20],"killed_by":"Snake Plant","ascension_level":0}}