{"host":"8dytqszkx6ijebks","time":1613287857,"event":{"mods":["AchievementEnabler","BaseMod","Colored Map","DeckTracker","Keyboard Shortcuts","Minty Spire (QoL Compilation)","Permanent Neow","SuperFastMode","everything is the same but u backflip on backflip"],"gold_per_floor":[109,109,109,121,121,148,148,213,213,288,61,79,79,89,89,186,186,199,216,216,231,330,330,330,330],"floor_reached":24,"language":"KOR","playtime":713,"items_purged":[],"score":213,"play_id":"935c6442-fd72-479f-b90f-c98c221a76e4","local_time":"20210214163057","is_ascension_mode":true,"campfire_choices":[{"data":"Zap","floor":7,"key":"SMITH"},{"floor":13,"key":"REST"},{"floor":15,"key":"REST"},{"floor":23,"key":"REST"}],"circlet_count":0,"master_deck":["Strike_B","Strike_B","Strike_B","Defend_B","Defend_B","Defend_B","Defend_B","Zap+1","Dualcast","Thunder Strike","Hologram","Fusion","Static Discharge","Ball Lightning","Capacitor","Defragment+1","Genetic Algorithm","Machine Learning+1","Tempest","Redo","Creative AI+1","Ball Lightning","Necronomicurse","Self Repair+1"],"relics":["Cracked Core","TungstenRod","Question Card","Frozen Egg 2","Dream Catcher","Black Star","Necronomicon"],"acts_visited":["Exordium","TheCity"],"potions_floor_usage":[6,14],"damage_taken":[{"damage":13,"enemies":"Jaw Worm","floor":1,"turns":4},{"damage":8,"enemies":"2 Louse","floor":4,"turns":4},{"damage":21,"enemies":"Lagavulin","floor":6,"turns":5},{"damage":13,"enemies":"3 Sentries","floor":8,"turns":5},{"damage":0,"enemies":"Cultist","floor":12,"turns":3},{"damage":10,"enemies":"Looter","floor":14,"turns":3},{"damage":21,"enemies":"Hexaghost","floor":16,"turns":6},{"damage":0,"enemies":"3 Byrds","floor":18,"turns":2},{"damage":21,"enemies":"Shell Parasite","floor":19,"turns":4},{"damage":35,"enemies":"Snake Plant","floor":21,"turns":3},{"damage":29,"enemies":"Slavers","floor":24,"turns":2}],"seed_played":"-8128347708406162939","potions_obtained":[{"floor":1,"key":"DuplicationPotion"},{"floor":6,"key":"PotionOfCapacity"},{"floor":12,"key":"Dexterity Potion"},{"floor":18,"key":"Fire Potion"},{"floor":21,"key":"Ancient Potion"}],"is_trial":false,"path_per_floor":["M","?","?","M","$","E","R","?","T","?","$","M","R","M","R","B",null,"M","M","?","M","?","R","E"],"character_chosen":"DEFECT","items_purchased":["Defragment+1","Dream Catcher"],"campfire_rested":3,"item_purchase_floors":[11,11],"current_hp_per_floor":[62,62,62,54,54,33,33,20,20,10,10,10,32,22,44,23,75,75,54,42,7,7,29,0,0],"gold":330,"neow_bonus":"THREE_RARE_CARDS","is_daily":false,"chose_seed":false,"campfire_upgraded":1,"win_rate":0.0,"timestamp":1613287857,"path_taken":["M","?","?","?","$","E","R","?","T","?","$","M","R","M","R","BOSS","M","M","?","M","?","R","E"],"items_purchased_type":["Card","Relic"],"build_version":"2020-12-22","purchased_purges":0,"victory":false,"max_hp_per_floor":[75,75,75,75,75,75,75,75,75,75,75,75,75,75,75,75,75,75,75,75,75,75,75,75,75],"card_choices":[{"not_picked":["Fission","Machine Learning"],"picked":"Thunder Strike","floor":0},{"not_picked":["Stack","Cold Snap"],"picked":"Hologram","floor":1},{"not_picked":["Go for the Eyes","Hologram"],"picked":"Static Discharge","floor":4},{"not_picked":["Rip and Tear","Hyperbeam"],"picked":"Ball Lightning","floor":6},{"not_picked":["Gash","Stack"],"picked":"Capacitor","floor":8},{"not_picked":["Fusion","Reinforced Body","FTL"],"picked":"Genetic Algorithm","floor":12},{"not_picked":["Beam Cell","Cold Snap","Conserve Battery"],"picked":"Machine Learning+1","floor":13},{"not_picked":["Coolheaded","Compile Driver","Conserve Battery"],"picked":"Tempest","floor":14},{"not_picked":["Streamline","Glacier","Fusion"],"picked":"Redo","floor":15},{"not_picked":["Meteor Strike","Amplify","Rainbow"],"picked":"Creative AI+1","floor":16},{"not_picked":["Barrage","Conserve Battery","Turbo"],"picked":"Ball Lightning","floor":18},{"not_picked":["Coolheaded","Beam Cell","Steam","Go for the Eyes"],"picked":"SKIP","floor":19},{"not_picked":["Recycle","Ball Lightning","Skim","Chaos"],"picked":"SKIP","floor":21},{"not_picked":["Defragment+1","Stack","Rebound"],"picked":"Self Repair+1","floor":23}],"player_experience":264198,"relics_obtained":[{"floor":6,"key":"TungstenRod"},{"floor":8,"key":"Question Card"},{"floor":9,"key":"Frozen Egg 2"},{"floor":20,"key":"Necronomicon"}],"event_choices":[{"cards_removed":["Decay"],"damage_healed":0,"gold_gain":0,"player_choice":"Forget","damage_taken":0,"max_hp_gain":0,"max_hp_loss":0,"event_name":"Living Wall","floor":2,"gold_loss":0},{"damage_healed":0,"gold_gain":0,"cards_transformed":["Strike_B"],"player_choice":"Transformed","damage_taken":0,"max_hp_gain":0,"max_hp_loss":0,"event_name":"Transmorgrifier","floor":3,"gold_loss":0,"cards_obtained":["Fusion"]},{"damage_healed":0,"gold_gain":30,"player_choice":"Searched \u00272\u0027 times","damage_taken":0,"max_hp_gain":0,"max_hp_loss":0,"event_name":"Dead Adventurer","floor":8,"gold_loss":0},{"damage_healed":0,"gold_gain":75,"player_choice":"Gather Gold","damage_taken":11,"max_hp_gain":0,"max_hp_loss":0,"event_name":"World of Goop","floor":10,"gold_loss":0},{"damage_healed":0,"gold_gain":0,"player_choice":"Obtained Book","damage_taken":16,"max_hp_gain":0,"max_hp_loss":0,"event_name":"Cursed Tome","floor":20,"gold_loss":0},{"damage_healed":0,"gold_gain":99,"player_choice":"Stole From Cult","damage_taken":0,"max_hp_gain":0,"max_hp_loss":0,"event_name":"Nest","floor":22,"gold_loss":0}],"is_beta":false,"boss_relics":[{"not_picked":["Runic Pyramid","Pandora\u0027s Box"],"picked":"Black Star"}],"items_purged_floors":[],"is_endless":false,"potions_floor_spawned":[1,6,12,18,21],"killed_by":"Slavers","ascension_level":2}}