{"host":"sian7qp8a9pc9xwd","time":1613337130,"event":{"mods":["BaseMod","Minty Spire (QoL Compilation)","StSLib","SuperFastMode"],"gold_per_floor":[12,12,31,44,54,54,81,81,81,81,110,110,172,14,14,111,111,129,129,147,166,20,20,47,64,64,64,173,221,254,278,278,383,383,396,286,60,71,82,112,112,141,141,174,188,215,215,242,242,242],"floor_reached":51,"language":"ENG","playtime":1922,"items_purged":["Defend_P","Strike_P+1"],"score":1711,"play_id":"47b4c948-3bb3-4bc6-a69a-b6861b281920","local_time":"20210214161210","is_ascension_mode":true,"campfire_choices":[{"data":"CutThroughFate","floor":6.0,"key":"SMITH"},{"data":"Scrawl","floor":8.0,"key":"SMITH"},{"data":"LessonLearned","floor":10.0,"key":"SMITH"},{"data":"SpiritShield","floor":12.0,"key":"SMITH"},{"floor":15,"key":"REST"},{"floor":23,"key":"RECALL"},{"floor":27,"key":"REST"},{"data":"Defend_P+1","floor":32,"key":"PURGE"},{"data":"Defend_P+1","floor":41,"key":"PURGE"},{"data":"LessonLearned+1","floor":47,"key":"PURGE"},{"data":"Vigilance+1","floor":49,"key":"PURGE"}],"circlet_count":0,"master_deck":["AscendersBane","Eruption+1","CutThroughFate+1","Scrawl+1","SpiritShield+1","FollowUp+1","Swift Strike+1","Brilliance+1","Worship+1","Consecrate+1","FollowUp+1","Prostrate+1","Prostrate+1","Scrawl+1","Good Instincts+1","FollowUp+1"],"relics":["PureWater","Damaru","Bottled Lightning","Molten Egg 2","Omamori","Sozu","CeramicFish","InkBottle","Peace Pipe","Pear","Tiny Chest","Blue Candle","Runic Pyramid","Akabeko","DollysMirror","Mercury Hourglass","Ornamental Fan","Shuriken","Question Card","White Beast Statue"],"acts_visited":["Exordium","TheCity","TheBeyond"],"potions_floor_usage":[13],"damage_taken":[{"damage":0.0,"enemies":"2 Louse","floor":1.0,"turns":2.0},{"damage":0.0,"enemies":"Cultist","floor":3.0,"turns":2.0},{"damage":2.0,"enemies":"Jaw Worm","floor":4.0,"turns":3.0},{"damage":5.0,"enemies":"2 Fungi Beasts","floor":5.0,"turns":3.0},{"damage":16.0,"enemies":"Gremlin Nob","floor":7.0,"turns":3.0},{"damage":21.0,"enemies":"3 Sentries","floor":11.0,"turns":6.0},{"damage":0,"enemies":"Lagavulin Event","floor":13,"turns":2},{"damage":23,"enemies":"The Guardian","floor":16,"turns":5},{"damage":0,"enemies":"Spheric Guardian","floor":18,"turns":1},{"damage":0,"enemies":"2 Thieves","floor":20,"turns":1},{"damage":0,"enemies":"Snecko","floor":21,"turns":1},{"damage":8,"enemies":"Book of Stabbing","floor":24,"turns":3},{"damage":0,"enemies":"Snake Plant","floor":25,"turns":1},{"damage":0,"enemies":"Colosseum Slavers","floor":28,"turns":1},{"damage":0,"enemies":"Colosseum Nobs","floor":28,"turns":2},{"damage":0,"enemies":"Slavers","floor":30,"turns":2},{"damage":0,"enemies":"Shelled Parasite and Fungi","floor":31,"turns":1},{"damage":0,"enemies":"Collector","floor":33,"turns":2},{"damage":0,"enemies":"3 Darklings","floor":35,"turns":1},{"damage":0,"enemies":"3 Shapes","floor":38,"turns":1},{"damage":0,"enemies":"Writhing Mass","floor":39,"turns":1},{"damage":0,"enemies":"Giant Head","floor":40,"turns":2},{"damage":1,"enemies":"Transient","floor":42,"turns":4},{"damage":0,"enemies":"Reptomancer","floor":44,"turns":1},{"damage":0,"enemies":"4 Shapes","floor":45,"turns":1},{"damage":0,"enemies":"Giant Head","floor":46,"turns":1},{"damage":0,"enemies":"Nemesis","floor":48,"turns":1},{"damage":1,"enemies":"Awakened One","floor":50,"turns":3}],"seed_played":"1494614052952613875","potions_obtained":[{"floor":5.0,"key":"LiquidMemories"},{"floor":7.0,"key":"LiquidMemories"},{"floor":13,"key":"Strength Potion"}],"is_trial":false,"path_per_floor":["M","?","M","M","M","R","E","R","T","R","E","R","?","$","R","B",null,"M","?","M","M","$","R","E","M","T","R","?","T","E","M","R","B",null,"M","?","$","M","M","E","R","M","T","E","M","E","R","E","R","B",null],"character_chosen":"WATCHER","items_purchased":["Swift Strike+1","FollowUp+1","DollysMirror","Good Instincts"],"campfire_rested":2,"item_purchase_floors":[14,22,37,37],"current_hp_per_floor":[65,65,65,63,58,58,42,42,42,42,21,21,21,21,42,19,59,59,59,59,59,59,59,51,51,51,72,82,82,82,82,82,82,82,82,82,82,82,82,82,82,81,81,81,81,81,81,81,81,80],"gold":242,"neow_bonus":"REMOVE_TWO","is_daily":false,"chose_seed":false,"campfire_upgraded":4,"win_rate":0.0,"timestamp":1613337130,"path_taken":["M","?","M","M","?","R","E","R","T","R","E","R","?","?","R","BOSS","M","?","?","M","$","R","E","M","T","R","?","?","E","M","R","BOSS","M","?","$","M","M","E","R","M","T","E","M","E","R","E","R","BOSS"],"items_purchased_type":["Card","Card","Relic","Card"],"build_version":"2020-12-22","purchased_purges":2,"victory":true,"max_hp_per_floor":[72,72,72,72,72,72,72,72,72,72,72,72,72,72,72,72,72,72,72,72,72,72,72,72,72,72,72,82,82,82,82,82,82,82,82,82,82,82,82,82,82,82,82,82,82,82,82,82,82,82],"card_choices":[{"not_picked":["CrushJoints","ThirdEye"],"picked":"CutThroughFate","floor":1.0},{"not_picked":["BowlingBash","SashWhip","EmptyFist"],"picked":"SKIP","floor":3.0},{"not_picked":["Consecrate","BattleHymn"],"picked":"LessonLearned","floor":4.0},{"not_picked":["JustLucky","CrushJoints","FlyingSleeves"],"picked":"SKIP","floor":5.0},{"not_picked":["ReachHeaven","WheelKick"],"picked":"Scrawl","floor":7.0},{"not_picked":["WaveOfTheHand","ClearTheMind"],"picked":"SpiritShield","floor":11.0},{"not_picked":["SignatureMove+1","CrushJoints+1"],"picked":"FollowUp+1","floor":13},{"not_picked":["ConjureBlade","SpiritShield"],"picked":"Brilliance+1","floor":16},{"not_picked":["FollowUp+1","Halt"],"picked":"Worship","floor":18},{"not_picked":["CrushJoints+1","ReachHeaven+1"],"picked":"Consecrate+1","floor":20},{"not_picked":["Adaptation","Crescendo","Meditate"],"picked":"SKIP","floor":21},{"not_picked":["ConjureBlade","SandsOfTime+1","SashWhip+1"],"picked":"SKIP","floor":24},{"not_picked":["ForeignInfluence+1","Sanctity","BattleHymn"],"picked":"SKIP","floor":25},{"not_picked":["ThirdEye","CrushJoints+1"],"picked":"Prostrate+1","floor":28},{"not_picked":["Perseverance","EmptyMind","Study"],"picked":"SKIP","floor":30},{"not_picked":["BowlingBash+1","TalkToTheHand+1"],"picked":"Prostrate","floor":31},{"not_picked":["Evaluate","Indignation","Crescendo"],"picked":"SKIP","floor":35},{"not_picked":["Halt+1","DeusExMachina","JustLucky+1"],"picked":"SKIP","floor":38},{"not_picked":["Evaluate","CrushJoints+1","WheelKick+1"],"picked":"SKIP","floor":39},{"not_picked":["PathToVictory","Fasting2","Consecrate+1"],"picked":"SKIP","floor":40},{"not_picked":["ThirdEye+1","Evaluate+1"],"picked":"FollowUp+1","floor":42},{"not_picked":["Nirvana+1","SpiritShield","Wallop+1"],"picked":"SKIP","floor":44},{"not_picked":["EmptyMind","Nirvana+1","SignatureMove+1"],"picked":"SKIP","floor":45},{"not_picked":["Wireheading","Collect+1","BowlingBash+1"],"picked":"SKIP","floor":46},{"not_picked":["Alpha","Nirvana","ClearTheMind","FlyingSleeves+1"],"picked":"SKIP","floor":48}],"player_experience":988399,"relics_obtained":[{"floor":7.0,"key":"Damaru"},{"floor":9.0,"key":"Bottled Lightning"},{"floor":11.0,"key":"Molten Egg 2"},{"floor":24,"key":"CeramicFish"},{"floor":26,"key":"InkBottle"},{"floor":28,"key":"Peace Pipe"},{"floor":28,"key":"Pear"},{"floor":29,"key":"Tiny Chest"},{"floor":30,"key":"Blue Candle"},{"floor":40,"key":"Mercury Hourglass"},{"floor":43,"key":"Ornamental Fan"},{"floor":44,"key":"Shuriken"},{"floor":46,"key":"Question Card"},{"floor":48,"key":"White Beast Statue"}],"event_choices":[{"cards_removed":["Strike_P"],"damage_healed":0.0,"max_hp_gain":0.0,"max_hp_loss":0.0,"gold_gain":0.0,"event_name":"Purifier","player_choice":"Purged","floor":2.0,"gold_loss":0.0,"damage_taken":0.0},{"damage_healed":0,"gold_gain":0,"player_choice":"Searched \u00272\u0027 times","damage_taken":0,"relics_obtained":["Omamori"],"max_hp_gain":0,"max_hp_loss":0,"event_name":"Dead Adventurer","floor":13,"gold_loss":0},{"cards_removed":["Strike_P"],"damage_healed":0,"gold_gain":0,"player_choice":"Purged","damage_taken":0,"max_hp_gain":0,"max_hp_loss":0,"event_name":"Purifier","floor":19,"gold_loss":0},{"damage_healed":0,"gold_gain":0,"player_choice":"Fight","damage_taken":0,"max_hp_gain":0,"max_hp_loss":0,"event_name":"Colosseum","floor":28,"gold_loss":0},{"damage_healed":0,"gold_gain":0,"player_choice":"Fought Nobs","damage_taken":0,"max_hp_gain":0,"max_hp_loss":0,"event_name":"Colosseum","floor":28,"gold_loss":0},{"damage_healed":0,"gold_gain":0,"player_choice":"Paid Gold","damage_taken":0,"relics_obtained":["Akabeko"],"max_hp_gain":0,"max_hp_loss":0,"event_name":"WeMeetAgain","floor":36,"gold_loss":110}],"is_beta":false,"boss_relics":[{"not_picked":["Calling Bell","Astrolabe"],"picked":"Sozu"},{"not_picked":["Snecko Eye","Runic Dome"],"picked":"Runic Pyramid"}],"items_purged_floors":[14,22],"is_endless":false,"potions_floor_spawned":[5,7,13,18,21,28,30,31,40,45,46],"ascension_level":12}}