{"host":"pj7egx7jkoz18hom","time":1613315054,"event":{"mods":["AchievementEnabler","BaseMod","Keyboard Shortcuts","Minty Spire (QoL Compilation)","SuperFastMode"],"gold_per_floor":[20,33,49,63,63,63,80,110,110,110,122,122,122],"floor_reached":12,"language":"KOR","playtime":465,"items_purged":[],"score":98,"play_id":"1ee098d5-af54-485c-9fc0-c2c400878b7f","local_time":"20210215000414","is_ascension_mode":true,"campfire_choices":[{"data":"Body Slam","floor":6,"key":"SMITH"},{"data":"Seeing Red","floor":10,"key":"SMITH"}],"circlet_count":0,"master_deck":["Strike_R","Strike_R","Strike_R","Defend_R","Defend_R","Defend_R","Defend_R","Bash","Bloodletting","Shrug It Off","Pommel Strike","Thunderclap","Shockwave","Body Slam+1","Cleave","Seeing Red+1"],"relics":["Burning Blood","Omamori"],"acts_visited":["Exordium"],"potions_floor_usage":[7,8,8,12,12,12],"damage_taken":[{"damage":10,"enemies":"Jaw Worm","floor":1,"turns":2},{"damage":6,"enemies":"Cultist","floor":2,"turns":3},{"damage":5,"enemies":"2 Louse","floor":3,"turns":3},{"damage":16,"enemies":"Exordium Wildlife","floor":4,"turns":7},{"damage":12,"enemies":"Red Slaver","floor":7,"turns":4},{"damage":12,"enemies":"3 Sentries","floor":8,"turns":6},{"damage":0,"enemies":"2 Fungi Beasts","floor":11,"turns":3},{"damage":83,"enemies":"Lagavulin","floor":12,"turns":13}],"seed_played":"2162937996155542257","potions_obtained":[{"floor":4,"key":"GamblersBrew"},{"floor":5,"key":"Fruit Juice"},{"floor":5,"key":"HeartOfIron"},{"floor":5,"key":"PowerPotion"},{"floor":7,"key":"DuplicationPotion"},{"floor":8,"key":"SneckoOil"},{"floor":11,"key":"BloodPotion"}],"is_trial":false,"path_per_floor":["M","M","M","M","?","R","M","E","T","R","M","E"],"character_chosen":"IRONCLAD","items_purchased":[],"campfire_rested":0,"item_purchase_floors":[],"current_hp_per_floor":[76,76,77,67,67,67,66,60,60,60,66,0,0],"gold":122,"neow_bonus":"TRANSFORM_TWO_CARDS","is_daily":false,"chose_seed":false,"campfire_upgraded":2,"win_rate":0.0,"timestamp":1613315054,"path_taken":["M","M","M","M","?","R","M","E","T","R","?","E"],"items_purchased_type":[],"build_version":"2020-12-22","purchased_purges":0,"victory":false,"max_hp_per_floor":[80,80,80,80,80,80,85,85,85,85,85,85,85],"card_choices":[{"not_picked":["Flex","Perfected Strike"],"picked":"Pommel Strike","floor":1},{"not_picked":["Iron Wave","Hemokinesis"],"picked":"Thunderclap","floor":2},{"not_picked":["Thunderclap","Second Wind"],"picked":"Shockwave","floor":3},{"not_picked":["Reckless Charge","Wild Strike"],"picked":"Body Slam","floor":4},{"not_picked":["Havoc","Anger"],"picked":"Cleave","floor":7},{"not_picked":["Brutality","Sword Boomerang"],"picked":"Seeing Red","floor":8},{"not_picked":["Fire Breathing","Inflame","Headbutt"],"picked":"SKIP","floor":11}],"player_experience":66031,"relics_obtained":[{"floor":8,"key":"Omamori"}],"event_choices":[{"damage_healed":0,"gold_gain":0,"player_choice":"Got Potions","damage_taken":0,"max_hp_gain":0,"max_hp_loss":0,"event_name":"Lab","floor":5,"gold_loss":0}],"is_beta":false,"boss_relics":[],"items_purged_floors":[],"is_endless":false,"potions_floor_spawned":[4,7,8,11],"killed_by":"Lagavulin","ascension_level":4}}