{"host":"3c27c697js19kaoo","time":1613281713,"event":{"mods":["ATMod(°¢èªMod)","Act Like it!","Arknights","Aspiration","BaseMod","CapriCore","Dota2Spire","Hermit","Minty Spire (QoL Compilation)","Quick Restart","Reliquary","Replay The Spire","Spicy Shops","StSLib","The Alterego","The Cursed","The Marked","The Runesmith","The Servant 0.9.4","¡¾¹¦ÄÜMod¡¿»ìãçÖ®»·ÐÞ¸´²¹¶¡","¡¾ÒÅÎï¿¨ÅÆ¡¿REMEMod"],"gold_per_floor":[117,128,128,53,53,53,88,88,88,121,121,121,148,164,164,259,259,272,284,71,71,85,85,110,110,110,110,140,157,157,210,210,308,308,327,327,327,382,393,393,132,167,190,225,225,243,258,284,284,284],"floor_reached":51,"language":"ZHS","playtime":2314,"items_purged":["Injury"],"score":932,"play_id":"8f5575c2-b1e0-48ce-a520-0229c5b5ad7c","local_time":"20210214134833","is_ascension_mode":false,"campfire_choices":[{"data":"ats:Shadow Assault","floor":6.0,"key":"SMITH"},{"data":"AT_Desolate","floor":8.0,"key":"SMITH"},{"floor":12.0,"key":"REST"},{"data":"ats:Sashimi Platter","floor":15.0,"key":"SMITH"},{"data":"ats:Sword Rain","floor":23.0,"key":"SMITH"},{"floor":32.0,"key":"REST"},{"floor":40.0,"key":"REST"},{"floor":45,"key":"REST"},{"data":"ats:Apocalypse","floor":49,"key":"SMITH"}],"circlet_count":0,"master_deck":["ats:Strike C","ats:Strike G","ats:Strike S+1","ats:Strike V","ats:Armor Crushing Shot","ats:Defend","ats:Defend","ats:Defend","ats:Emotion Absorption","AT_Desolate+1","ats:Shadow Assault+1","ats:Flexible Camouflage","ats:Red Shift+1","ats:Phantom+1","ats:Thermite Blade","ats:Sashimi Platter+1","ats:Soul Rend+1","ats:Sword Rain+1","J.A.X.","ats:Leaping Hammer","ats:Steam Pump+1","ats:Apocalypse+1","ats:Durian","ats:Shadow Raid+1","ats:Roar Of Ursus+1"],"relics":["ats:Sanity","REME_ComplimentaryCards","AT_ATBox","NeowsBlessing","Frozen Egg 2","ats:Originium","Dota2Spire:UrnOfShadows","Replay:Bottled Flurry","Darkstone Periapt","aspiration:FrozenJewel","Dota2Spire:PowerTreads","ChewingGum","ats:Snipe","reliquary:RosewoodLute","aspiration:RitualStick","Blue Candle","Pondfish Scales","aspiration:HiddenCompartment","aspiration:RitualDagger","aspiration:HatOfInfinitePower","AT_TimeSand","AT_SpeedBoots","Whetstone","Dota2Spire:LotusOrb","Bag of Preparation"],"acts_visited":["Exordium","TheCity","TheBeyond"],"potions_floor_usage":[44,50,50],"damage_taken":[{"damage":0.0,"enemies":"ats:Genji","floor":1.0,"turns":1.0},{"damage":0.0,"enemies":"Small Slimes","floor":2.0,"turns":1.0},{"damage":0.0,"enemies":"Gremlin Nob","floor":7.0,"turns":1.0},{"damage":31.0,"enemies":"Lagavulin","floor":10.0,"turns":5.0},{"damage":2.0,"enemies":"Replay:BlueRogue","floor":13.0,"turns":3.0},{"damage":0.0,"enemies":"2 Louse","floor":14.0,"turns":2.0},{"damage":47.0,"enemies":"The Guardian","floor":16.0,"turns":7.0},{"damage":16.0,"enemies":"Shell Parasite","floor":18.0,"turns":4.0},{"damage":33.0,"enemies":"3 Byrds","floor":19.0,"turns":6.0},{"damage":25.0,"enemies":"Centurion and Healer","floor":22.0,"turns":6.0},{"damage":16.0,"enemies":"Replay:Snechameleon","floor":24.0,"turns":2.0},{"damage":35.0,"enemies":"Slavers","floor":28.0,"turns":3.0},{"damage":20.0,"enemies":"Snake Plant","floor":29.0,"turns":4.0},{"damage":41.0,"enemies":"Collector","floor":33.0,"turns":5.0},{"damage":47.0,"enemies":"Orb Walker","floor":35.0,"turns":4.0},{"damage":88.0,"enemies":"2 Orb Walkers","floor":38.0,"turns":5.0},{"damage":9.0,"enemies":"3 Shapes","floor":39.0,"turns":3.0},{"damage":72.0,"enemies":"R_Hoarder","floor":42.0,"turns":8.0},{"damage":46,"enemies":"Nemesis","floor":44,"turns":5},{"damage":32,"enemies":"Transient","floor":46,"turns":5},{"damage":45,"enemies":"Spire Growth","floor":47,"turns":4},{"damage":106,"enemies":"Time Eater","floor":50,"turns":6}],"seed_played":"-4787213674705257440","potions_obtained":[{"floor":7.0,"key":"Swift Potion"},{"floor":10.0,"key":"Fire Potion"},{"floor":14.0,"key":"Elixir"},{"floor":16.0,"key":"CultistPotion"},{"floor":29.0,"key":"BlessingOfTheForge"},{"floor":39.0,"key":"Swift Potion"},{"floor":46,"key":"DistilledChaos"}],"is_trial":false,"path_per_floor":["M","M","?","$","?","R","E","R","T","E","?","R","E","M","R","B",null,"M","M","$","?","M","R","E","?","T","?","E","M","?","T","R","B",null,"M","?","?","?","M","R","$","E","T","E","R","M","M","T","R","B",null],"character_chosen":"DOCTOR_CLASS","items_purchased":["ats:Sword Rain","ats:Snipe","AT_TimeSand"],"campfire_rested":4,"item_purchase_floors":[20,20,41],"current_hp_per_floor":[72,72,72,72,77,77,77,77,77,46,34,57,55,55,55,30,77,77,68,68,68,77,77,61,46,46,46,47,37,37,37,60,77,77,64,64,64,17,11,34,34,8,8,15,38,74,73,73,73,24],"gold":284,"neow_bonus":"THREE_ENEMY_KILL","is_daily":false,"chose_seed":false,"campfire_upgraded":5,"win_rate":0.0,"timestamp":1613281713,"path_taken":["M","M","?","$","?","R","E","R","T","E","?","R","E","M","R","BOSS","M","M","$","?","M","R","E","?","T","?","E","?","?","?","R","BOSS","M","?","?","?","M","R","$","E","T","E","R","M","M","?","R","BOSS"],"items_purchased_type":["Card","Relic","Relic"],"build_version":"2020-12-22","purchased_purges":1,"victory":true,"max_hp_per_floor":[72,72,72,72,77,77,77,77,77,77,77,77,77,77,77,77,77,77,77,77,77,77,77,77,77,77,77,77,77,77,77,77,77,77,77,77,77,77,77,77,77,77,77,77,77,77,77,77,77,77],"card_choices":[{"not_picked":["ats:Revitalization","ats:Support Order"],"picked":"ats:Flexible Camouflage","floor":1.0},{"not_picked":["ats:Composite Medical Shells","ats:Thermite Blade"],"picked":"ats:Red Shift","floor":2.0},{"not_picked":["ats:Neurotoxin+1","ats:Closed Bolt Burst Fire"],"picked":"ats:Phantom+1","floor":7.0},{"not_picked":["ats:Flexible Camouflage","ats:Assault Order"],"picked":"ats:Thermite Blade","floor":10.0},{"not_picked":["ats:Thorns+1","ats:Automatic Cover"],"picked":"ats:Sashimi Platter","floor":13.0},{"not_picked":["ats:Guard Mode","ats:Very Hot Blade","ats:Neurotoxin+1"],"picked":"SKIP","floor":14.0},{"not_picked":["ats:Volcano","ats:Echo Reverb"],"picked":"ats:Soul Rend+1","floor":16.0},{"not_picked":["ats:Revitalization","ats:Demon Strength+1","ats:Serious Mode+1"],"picked":"SKIP","floor":18.0},{"not_picked":["ats:Hammer On","ats:Curse Doll","ats:Guard Mode"],"picked":"SKIP","floor":19.0},{"not_picked":["ats:Assault Order","ats:Soul Rend+1"],"picked":"ats:Leaping Hammer","floor":22.0},{"not_picked":["ats:LN2 Cannon","ats:Flexible Camouflage+1"],"picked":"ats:Steam Pump+1","floor":24.0},{"not_picked":["ats:Cat Scratch","ats:Charging Defense","ats:Flexible Camouflage"],"picked":"SKIP","floor":28.0},{"not_picked":["ats:Guardian Obelisk+1","ats:Shell Defense"],"picked":"ats:Apocalypse","floor":29.0},{"not_picked":["ats:Volcano","ats:Dogmatic Field+1"],"picked":"ats:Durian","floor":33.0},{"not_picked":["ats:Cat Scratch","ats:Closed Bolt Burst Fire+1"],"picked":"ats:Shadow Raid+1","floor":35.0},{"not_picked":["ats:Flexible Camouflage","ats:Poison Spread+1","ats:Spore Proliferation+1"],"picked":"SKIP","floor":39.0},{"not_picked":["ats:Apocalypse","ats:Sword Rain","ats:Shell Defense+1"],"picked":"SKIP","floor":42.0},{"not_picked":["ats:Thermite Blade","ats:Revitalization","ats:Collapsing Strike+1"],"picked":"SKIP","floor":44},{"not_picked":["ats:Very Hot Blade","ats:Guard Mode","ats:Hammer On+1"],"picked":"SKIP","floor":46},{"not_picked":["ats:Ignite","ats:Curse Doll+1"],"picked":"ats:Roar Of Ursus+1","floor":47}],"player_experience":218215,"relics_obtained":[{"floor":7.0,"key":"ats:Originium"},{"floor":7.0,"key":"Dota2Spire:UrnOfShadows"},{"floor":9.0,"key":"Replay:Bottled Flurry"},{"floor":10.0,"key":"ats:Originium"},{"floor":10.0,"key":"Darkstone Periapt"},{"floor":13.0,"key":"ats:Originium"},{"floor":13.0,"key":"Dota2Spire:PowerTreads"},{"floor":24.0,"key":"ats:Originium"},{"floor":24.0,"key":"reliquary:RosewoodLute"},{"floor":26.0,"key":"Blue Candle"},{"floor":28.0,"key":"Pondfish Scales"},{"floor":31.0,"key":"aspiration:HiddenCompartment"},{"floor":38.0,"key":"aspiration:HatOfInfinitePower"},{"floor":42.0,"key":"AT_SpeedBoots"},{"floor":43.0,"key":"Whetstone"},{"floor":44,"key":"Dota2Spire:LotusOrb"},{"floor":48,"key":"Bag of Preparation"}],"event_choices":[{"damage_healed":0.0,"max_hp_gain":5.0,"max_hp_loss":0.0,"gold_gain":0.0,"event_name":"Big Fish","player_choice":"Donut","floor":5.0,"gold_loss":0.0,"damage_taken":0.0},{"damage_healed":0.0,"max_hp_gain":0.0,"max_hp_loss":0.0,"gold_gain":0.0,"event_name":"Scrap Ooze","player_choice":"Success","floor":11.0,"gold_loss":0.0,"damage_taken":12.0,"relics_obtained":["aspiration:FrozenJewel"]},{"damage_healed":0.0,"max_hp_gain":0.0,"max_hp_loss":0.0,"gold_gain":0.0,"event_name":"Drug Dealer","player_choice":"Obtain J.A.X.","floor":21.0,"gold_loss":0.0,"damage_taken":0.0,"cards_obtained":["J.A.X."]},{"cards_removed":["ats:Defend"],"damage_healed":0.0,"max_hp_gain":0.0,"max_hp_loss":0.0,"gold_gain":0.0,"event_name":"Wheel of Change","player_choice":"Card Removal","floor":27.0,"gold_loss":0.0,"damage_taken":0.0},{"damage_healed":0.0,"max_hp_gain":0.0,"max_hp_loss":0.0,"gold_gain":0.0,"event_name":"Ghosts","player_choice":"Ignored","floor":30.0,"gold_loss":0.0,"damage_taken":0.0},{"damage_healed":0.0,"max_hp_gain":0.0,"max_hp_loss":0.0,"gold_gain":0.0,"event_name":"Tomb of Lord Red Mask","player_choice":"Ignored","floor":36.0,"gold_loss":0.0,"damage_taken":0.0},{"damage_healed":0.0,"max_hp_gain":0.0,"max_hp_loss":0.0,"gold_gain":0.0,"event_name":"Mysterious Sphere","player_choice":"Fight","floor":38.0,"gold_loss":0.0,"damage_taken":0.0}],"is_beta":false,"boss_relics":[{"not_picked":["Fusion Hammer","Replay:Drink Me"],"picked":"ChewingGum"},{"not_picked":["Replay:Ancient Bell","reliquary:RedPaperclip"],"picked":"aspiration:RitualDagger"}],"items_purged_floors":[4],"is_endless":false,"potions_floor_spawned":[7,10,14,16,19,22,29,39,46],"ascension_level":0}}