{"host":"a57oumegxze0vmhs","time":1613262411,"event":{"mods":["AchievementEnabler","BaseMod","Colored Powertips","Minty Spire (QoL Compilation)","Relic Stats"],"gold_per_floor":[116,62,62,74,149,177,194,224,224,189,220,220,220,236,236,335,335,354,366,33,48,58,58,75,106,106,126,160,160,160,173,173,272,272,288,288,288,301,40,74,74,74,74,74,103,103,123,134,134,134,134,134,51,51,51],"floor_reached":54,"language":"ENG","playtime":2079,"items_purged":["Strike_P"],"score":1328,"play_id":"4227fe14-7a59-419a-8363-19ed16001cbf","local_time":"20210214022651","is_ascension_mode":true,"campfire_choices":[{"data":"Eruption","floor":13.0,"key":"SMITH"},{"data":"CutThroughFate","floor":15.0,"key":"SMITH"},{"data":"Alpha","floor":23.0,"key":"SMITH"},{"floor":29.0,"key":"REST"},{"floor":32.0,"key":"REST"},{"floor":42.0,"key":"REST"},{"floor":44.0,"key":"RECALL"},{"floor":46.0,"key":"REST"},{"data":"Tantrum","floor":49.0,"key":"SMITH"},{"data":"Protect","floor":52.0,"key":"SMITH"}],"circlet_count":0,"master_deck":["AscendersBane","Strike_P","Strike_P","Defend_P","Defend_P","Defend_P","Defend_P","Eruption+1","Vigilance","CutThroughFate+1","FlurryOfBlows","Consecrate","Protect+1","ReachHeaven","Tantrum+1","DeusExMachina","Alpha+1","CurseOfTheBell","FlurryOfBlows+1","FlyingSleeves","ClearTheMind+1","Prostrate+1","MasterReality+1","FlurryOfBlows+1","RitualDagger+1","Crescendo+1","Brilliance+1","ThirdEye+1","Secret Technique+1","Perseverance+1","Adaptation+1"],"relics":["PureWater","NeowsBlessing","Gambling Chip","Sundial","Yang","Bag of Preparation","Letter Opener","Calling Bell","Happy Flower","Frozen Egg 2","Du-Vu Doll","Toxic Egg 2","Gremlin Horn","Molten Egg 2","Lantern","SlaversCollar","HornCleat","Regal Pillow","Orichalcum"],"acts_visited":["Exordium","TheCity","TheBeyond","TheEnding"],"potions_floor_usage":[],"damage_taken":[{"damage":0.0,"enemies":"Small Slimes","floor":1.0,"turns":2.0},{"damage":0.0,"enemies":"Jaw Worm","floor":4.0,"turns":1.0},{"damage":0.0,"enemies":"Gremlin Nob","floor":6.0,"turns":1.0},{"damage":0.0,"enemies":"2 Louse","floor":7.0,"turns":2.0},{"damage":19.0,"enemies":"3 Sentries","floor":8.0,"turns":7.0},{"damage":8.0,"enemies":"Gremlin Nob","floor":11.0,"turns":3.0},{"damage":0.0,"enemies":"Looter","floor":14.0,"turns":2.0},{"damage":0.0,"enemies":"Slime Boss","floor":16.0,"turns":4.0},{"damage":0.0,"enemies":"2 Thieves","floor":18.0,"turns":2.0},{"damage":0.0,"enemies":"Spheric Guardian","floor":19.0,"turns":1.0},{"damage":3.0,"enemies":"Snake Plant","floor":21.0,"turns":3.0},{"damage":0.0,"enemies":"Snecko","floor":22.0,"turns":2.0},{"damage":8.0,"enemies":"Cultist and Chosen","floor":24.0,"turns":4.0},{"damage":0.0,"enemies":"Gremlin Leader","floor":25.0,"turns":4.0},{"damage":0.0,"enemies":"Shelled Parasite and Fungi","floor":27.0,"turns":3.0},{"damage":22.0,"enemies":"Slavers","floor":28.0,"turns":4.0},{"damage":2.0,"enemies":"Sentry and Sphere","floor":31.0,"turns":3.0},{"damage":26.0,"enemies":"Champ","floor":33.0,"turns":7.0},{"damage":4.0,"enemies":"Orb Walker","floor":35.0,"turns":3.0},{"damage":3.0,"enemies":"3 Shapes","floor":38.0,"turns":2.0},{"damage":38.0,"enemies":"Giant Head","floor":40.0,"turns":6.0},{"damage":4.0,"enemies":"Reptomancer","floor":45.0,"turns":3.0},{"damage":4.0,"enemies":"Jaw Worm Horde","floor":47.0,"turns":4.0},{"damage":4.0,"enemies":"Spire Growth","floor":48.0,"turns":3.0},{"damage":48.0,"enemies":"Awakened One","floor":50.0,"turns":9.0},{"damage":70,"enemies":"Shield and Spear","floor":54,"turns":3}],"seed_played":"3766077708794580279","potions_obtained":[{"floor":1.0,"key":"Block Potion"},{"floor":6.0,"key":"Fire Potion"},{"floor":25.0,"key":"Block Potion"},{"floor":27.0,"key":"GamblersBrew"},{"floor":31.0,"key":"Swift Potion"},{"floor":35.0,"key":"GamblersBrew"},{"floor":47.0,"key":"BlessingOfTheForge"}],"is_trial":false,"path_per_floor":["M","$","?","M","?","E","M","E","T","?","E","T","R","M","R","B",null,"M","M","$","M","M","R","M","E","T","M","E","R","?","M","R","B",null,"M","?","?","M","$","E","?","R","T","R","E","R","M","M","R","B",null,"R","$","E"],"character_chosen":"WATCHER","items_purchased":["FlurryOfBlows","Toxic Egg 2","HornCleat","Explosive Potion","Adaptation+1"],"campfire_rested":4,"item_purchase_floors":[2,20,39,53,53],"current_hp_per_floor":[65,65,70,70,59,59,59,40,40,59,51,51,51,51,51,51,71,71,71,71,68,68,68,60,60,60,60,38,61,55,53,76,50,70,66,66,66,63,63,25,25,61,61,61,57,73,69,65,65,17,59,59,59,0,0],"gold":51,"neow_bonus":"THREE_ENEMY_KILL","is_daily":false,"chose_seed":false,"campfire_upgraded":5,"win_rate":0.0,"timestamp":1613262411,"path_taken":["M","$","?","M","?","E","M","E","T","?","E","?","R","M","R","BOSS","M","M","$","?","M","R","M","E","T","M","E","R","?","M","R","BOSS","M","?","?","M","$","E","?","R","T","R","E","R","M","M","R","BOSS","R","$","E"],"items_purchased_type":["Card","Relic","Relic","Potion","Card"],"build_version":"2020-12-22","purchased_purges":1,"victory":false,"max_hp_per_floor":[72,72,77,77,77,77,77,77,77,77,77,77,77,77,77,77,77,77,77,77,77,77,77,77,77,77,77,77,77,77,77,77,77,77,77,73,73,73,73,73,73,73,73,73,73,73,73,73,73,73,73,73,73,73,73],"relic_stats":{"Regal Pillow":15,"Happy Flower":[22],"Gremlin Horn":[13,12],"counters":[26,88],"Sundial":[4],"Gambling Chip":[48],"Yang":[225],"Bag of Preparation":[43],"Letter Opener":[204],"Orichalcum":[24],"obtain_stats":[{"Lantern":28,"Regal Pillow":40,"NeowsBlessing":0,"Happy Flower":17,"Gremlin Horn":25,"Yang":9,"Bag of Preparation":11,"Letter Opener":12,"Frozen Egg 2":17,"Orichalcum":45,"Calling Bell":17,"Du-Vu Doll":17,"SlaversCollar":34,"HornCleat":39,"Sundial":8,"Gambling Chip":6,"Molten Egg 2":26,"PureWater":0,"Toxic Egg 2":20},{"Lantern":16,"Regal Pillow":21,"NeowsBlessing":0,"Happy Flower":8,"Gremlin Horn":14,"Yang":5,"Bag of Preparation":6,"Letter Opener":6,"Frozen Egg 2":8,"Orichalcum":22,"Calling Bell":8,"Du-Vu Doll":8,"SlaversCollar":18,"HornCleat":20,"Sundial":5,"Gambling Chip":3,"Molten Egg 2":14,"PureWater":0,"Toxic Egg 2":10},{"Lantern":45,"Regal Pillow":66,"NeowsBlessing":0,"Happy Flower":22,"Gremlin Horn":38,"Yang":13,"Bag of Preparation":16,"Letter Opener":16,"Frozen Egg 2":22,"Orichalcum":69,"Calling Bell":22,"Du-Vu Doll":22,"SlaversCollar":55,"HornCleat":60,"Sundial":13,"Gambling Chip":4,"Molten Egg 2":38,"PureWater":0,"Toxic Egg 2":25}]},"card_choices":[{"not_picked":["Fasting2","Halt"],"picked":"CutThroughFate","floor":1.0},{"not_picked":["Wireheading","Prostrate"],"picked":"Consecrate","floor":4.0},{"not_picked":["PathToVictory","EmptyFist"],"picked":"Protect","floor":6.0},{"not_picked":["Evaluate","CrushJoints"],"picked":"ReachHeaven","floor":7.0},{"not_picked":["LikeWater","Consecrate"],"picked":"Tantrum","floor":8.0},{"not_picked":["Adaptation","EmptyMind"],"picked":"DeusExMachina","floor":11.0},{"not_picked":["BowlingBash","Conclude","Pray"],"picked":"SKIP","floor":14.0},{"not_picked":["Ragnarok","Establishment"],"picked":"Alpha","floor":16.0},{"not_picked":["ReachHeaven","EmptyBody"],"picked":"FlurryOfBlows+1","floor":18.0},{"not_picked":["BowlingBash","Worship+1"],"picked":"FlyingSleeves","floor":19.0},{"not_picked":["CutThroughFate","BattleHymn+1"],"picked":"ClearTheMind+1","floor":21.0},{"not_picked":["Consecrate","Halt+1"],"picked":"Prostrate+1","floor":22.0},{"not_picked":["Fasting2+1","EmptyFist","Protect+1"],"picked":"SKIP","floor":24.0},{"not_picked":["Brilliance","SashWhip"],"picked":"MasterReality+1","floor":25.0},{"not_picked":["FollowUp+1","Protect+1","InnerPeace+1"],"picked":"SKIP","floor":27.0},{"not_picked":["WreathOfFlame+1","SashWhip+1"],"picked":"FlurryOfBlows+1","floor":28.0},{"not_picked":["Study+1","CrushJoints+1"],"picked":"Crescendo+1","floor":31.0},{"not_picked":["Scrawl+1","Wish+1"],"picked":"Brilliance+1","floor":33.0},{"not_picked":["Protect+1","CrushJoints+1"],"picked":"ThirdEye+1","floor":35.0},{"not_picked":["Jack Of All Trades+1","Mayhem+1"],"picked":"Secret Technique+1","floor":37.0},{"not_picked":["PathToVictory+1","JustLucky+1","ThirdEye+1"],"picked":"SKIP","floor":38.0},{"not_picked":["PathToVictory+1","ClearTheMind+1"],"picked":"Perseverance+1","floor":40.0},{"not_picked":["MasterReality+1","ThirdEye+1","Pray+1"],"picked":"SKIP","floor":45.0},{"not_picked":["Evaluate+1","Protect+1","Worship+1"],"picked":"SKIP","floor":47.0},{"not_picked":["PathToVictory+1","SashWhip+1","Crescendo+1"],"picked":"SKIP","floor":48.0}],"player_experience":442081,"relics_obtained":[{"floor":6.0,"key":"Gambling Chip"},{"floor":8.0,"key":"Sundial"},{"floor":9.0,"key":"Yang"},{"floor":11.0,"key":"Bag of Preparation"},{"floor":12.0,"key":"Letter Opener"},{"floor":17.0,"key":"Happy Flower"},{"floor":17.0,"key":"Frozen Egg 2"},{"floor":17.0,"key":"Du-Vu Doll"},{"floor":25.0,"key":"Gremlin Horn"},{"floor":26.0,"key":"Molten Egg 2"},{"floor":28.0,"key":"Lantern"},{"floor":40.0,"key":"Regal Pillow"},{"floor":45.0,"key":"Orichalcum"}],"event_choices":[{"damage_healed":0.0,"max_hp_gain":5.0,"max_hp_loss":0.0,"gold_gain":0.0,"event_name":"Big Fish","player_choice":"Donut","floor":3.0,"gold_loss":0.0,"damage_taken":0.0},{"damage_healed":0.0,"max_hp_gain":0.0,"max_hp_loss":0.0,"gold_gain":75.0,"event_name":"World of Goop","player_choice":"Gather Gold","floor":5.0,"gold_loss":0.0,"damage_taken":11.0},{"damage_healed":19.0,"max_hp_gain":0.0,"max_hp_loss":0.0,"gold_gain":0.0,"event_name":"The Cleric","player_choice":"Healed","floor":10.0,"gold_loss":35.0,"damage_taken":0.0},{"damage_healed":0.0,"max_hp_gain":0.0,"max_hp_loss":0.0,"gold_gain":0.0,"event_name":"Nest","player_choice":"Joined the Cult","floor":30.0,"gold_loss":0.0,"damage_taken":6.0,"cards_obtained":["RitualDagger"]},{"damage_healed":0.0,"max_hp_gain":0.0,"max_hp_loss":4.0,"gold_gain":0.0,"event_name":"Winding Halls","player_choice":"Max HP","floor":36.0,"gold_loss":0.0,"damage_taken":0.0},{"damage_healed":0.0,"max_hp_gain":0.0,"max_hp_loss":0.0,"gold_gain":0.0,"event_name":"SensoryStone","player_choice":"Memory 1","floor":37.0,"gold_loss":0.0,"damage_taken":0.0},{"cards_removed":["Strike_P"],"damage_healed":0.0,"max_hp_gain":0.0,"max_hp_loss":0.0,"gold_gain":0.0,"event_name":"Falling","player_choice":"Removed Attack","floor":41.0,"gold_loss":0.0,"damage_taken":0.0}],"is_beta":false,"boss_relics":[{"not_picked":["Ectoplasm","SacredBark"],"picked":"Calling Bell"},{"not_picked":["Empty Cage","Velvet Choker"],"picked":"SlaversCollar"}],"items_purged_floors":[20],"is_endless":false,"potions_floor_spawned":[1,6,11,14,18,22,24,25,27,31,35,47,48],"killed_by":"Shield and Spear","ascension_level":12}}