{"host":"rolltorest","time":1613333863,"event":{"mods":["BaseMod","Minty Spire (QoL Compilation)","Relic Stats","Slay the Relics Exporter","StSLib"],"gold_per_floor":[210,227,237,79,79,112,124,155,155,172,172,172],"floor_reached":11,"language":"ENG","playtime":542,"items_purged":["Strike_G"],"score":170,"play_id":"c70e0dde-7daa-42c7-ad99-7162943a5151","local_time":"20210214121743","is_ascension_mode":true,"campfire_choices":[],"circlet_count":0,"master_deck":["AscendersBane","Strike_G","Strike_G","Strike_G","Strike_G","Defend_G","Defend_G","Defend_G","Defend_G","Defend_G","Survivor","Neutralize","Poisoned Stab","Deadly Poison","Catalyst+1","Leg Sweep","PiercingWail","Predator","Masterful Stab"],"relics":["Ring of the Snake","Ginger","Happy Flower","HornCleat"],"acts_visited":["Exordium"],"potions_floor_usage":[6,8,11,11],"damage_taken":[{"damage":2,"enemies":"Cultist","floor":1,"turns":5},{"damage":0,"enemies":"2 Louse","floor":2,"turns":3},{"damage":4,"enemies":"Small Slimes","floor":3,"turns":4},{"damage":6,"enemies":"Gremlin Nob","floor":6,"turns":3},{"damage":1,"enemies":"2 Fungi Beasts","floor":7,"turns":4},{"damage":44,"enemies":"3 Sentries","floor":8,"turns":15},{"damage":0,"enemies":"Blue Slaver","floor":10,"turns":3},{"damage":5,"enemies":"Lagavulin","floor":11,"turns":6}],"seed_played":"-3582844758060170707","potions_obtained":[{"floor":2,"key":"DistilledChaos"},{"floor":3,"key":"Swift Potion"},{"floor":6,"key":"SneckoOil"},{"floor":10,"key":"PowerPotion"}],"is_trial":false,"path_per_floor":["M","M","M","$","?","E","M","E","T","M","E"],"character_chosen":"THE_SILENT","items_purchased":["Catalyst"],"campfire_rested":0,"item_purchase_floors":[4],"current_hp_per_floor":[57,57,53,53,53,47,46,2,2,2,0,0],"gold":172,"neow_bonus":"HUNDRED_GOLD","is_daily":false,"chose_seed":false,"campfire_upgraded":0,"win_rate":0.0,"timestamp":1613333863,"path_taken":["M","?","M","$","?","E","M","E","T","M","E"],"items_purchased_type":["Card"],"build_version":"2020-12-18","purchased_purges":1,"victory":false,"max_hp_per_floor":[66,66,66,66,66,66,66,66,66,66,66,66],"relic_stats":{"Happy Flower":[3],"counters":[8,43],"Ginger":[2],"obtain_stats":[{"HornCleat":9,"Happy Flower":8,"Ginger":6,"Ring of the Snake":0},{"HornCleat":6,"Happy Flower":6,"Ginger":4,"Ring of the Snake":0},{"HornCleat":34,"Happy Flower":34,"Ginger":15,"Ring of the Snake":0}],"Ring of the Snake":[16]},"card_choices":[{"not_picked":["Dodge and Roll","Bane"],"picked":"Poisoned Stab","floor":1},{"not_picked":["Slice","Dagger Spray"],"picked":"Deadly Poison","floor":2},{"not_picked":["Reflex","Outmaneuver","Quick Slash"],"picked":"SKIP","floor":3},{"not_picked":["Distraction","Heel Hook"],"picked":"Leg Sweep","floor":6},{"not_picked":["Accuracy","Backflip"],"picked":"PiercingWail","floor":7},{"not_picked":["Deflect","Adrenaline"],"picked":"Predator","floor":8},{"not_picked":["Bane","Heel Hook"],"picked":"Masterful Stab","floor":10}],"player_experience":1984608,"relics_obtained":[{"floor":6,"key":"Ginger"},{"floor":8,"key":"Happy Flower"},{"floor":9,"key":"HornCleat"}],"event_choices":[{"damage_healed":0,"gold_gain":0,"player_choice":"Grow","damage_taken":0,"max_hp_gain":0,"max_hp_loss":0,"event_name":"Living Wall","floor":5,"gold_loss":0,"cards_upgraded":["Catalyst"]}],"is_beta":true,"boss_relics":[],"items_purged_floors":[4],"is_endless":false,"potions_floor_spawned":[2,3,6,10],"killed_by":"Lagavulin","ascension_level":20}}