{"host":"fiyb7gvx7tok3jeh","time":1613325480,"event":{"mods":["BaseMod","Colored Map","Colored Powertips","DeckTracker","Googly Eyes","Highlight Path","Minty Spire (QoL Compilation)"],"gold_per_floor":[111,128,128,145,245,245,273,273,324,334,334,363,173,183,183,183,183],"floor_reached":16,"language":"ENG","playtime":721,"items_purged":["Strike_B"],"score":142,"play_id":"88f094ea-50a4-41bd-a865-b2102035d3cc","local_time":"20210214195800","is_ascension_mode":true,"campfire_choices":[{"data":"Dualcast","floor":6,"key":"SMITH"},{"data":"Zap","floor":8,"key":"SMITH"},{"data":"Seek","floor":11,"key":"SMITH"},{"data":"Hologram","floor":15,"key":"SMITH"}],"circlet_count":0,"master_deck":["Strike_B","Strike_B","Strike_B","Defend_B","Defend_B","Defend_B","Defend_B","Zap+1","Dualcast+1","Seek+1","Streamline","Conserve Battery","Coolheaded","Hologram+1","Capacitor"],"relics":["Cracked Core","Spirit Poop","Anchor","Happy Flower"],"acts_visited":["Exordium"],"potions_floor_usage":[7,12,14],"damage_taken":[{"damage":4,"enemies":"Small Slimes","floor":1,"turns":3},{"damage":15,"enemies":"Cultist","floor":2,"turns":5},{"damage":0,"enemies":"2 Louse","floor":4,"turns":2},{"damage":2,"enemies":"Lagavulin","floor":7,"turns":5},{"damage":14,"enemies":"Exordium Thugs","floor":10,"turns":5},{"damage":14,"enemies":"3 Sentries","floor":12,"turns":6},{"damage":0,"enemies":"3 Louse","floor":14,"turns":3},{"damage":23,"enemies":"Slime Boss","floor":16,"turns":6}],"seed_played":"-4245076088024023777","potions_obtained":[{"floor":2,"key":"PowerPotion"},{"floor":7,"key":"FocusPotion"},{"floor":10,"key":"Weak Potion"},{"floor":14,"key":"Fruit Juice"}],"is_trial":false,"path_per_floor":["M","M","?","M","?","R","E","R","T","M","R","E","$","M","R","B"],"character_chosen":"DEFECT","items_purchased":["Hologram","Capacitor"],"campfire_rested":0,"item_purchase_floors":[13,13],"current_hp_per_floor":[64,49,49,49,49,49,47,47,47,33,33,19,19,24,24,1,1],"gold":183,"neow_bonus":"THREE_RARE_CARDS","is_daily":false,"chose_seed":false,"campfire_upgraded":4,"win_rate":0.0,"timestamp":1613325480,"path_taken":["M","M","?","?","?","R","E","R","T","M","R","E","$","?","R","BOSS"],"items_purchased_type":["Card","Card"],"build_version":"2020-12-22","purchased_purges":1,"victory":false,"max_hp_per_floor":[75,75,75,75,75,75,75,75,75,75,75,75,75,80,80,80,80],"card_choices":[{"not_picked":["Amplify","Multi-Cast"],"picked":"Seek","floor":0},{"not_picked":["Steam Power","Redo","Chaos"],"picked":"SKIP","floor":1},{"not_picked":["Beam Cell","Heatsinks"],"picked":"Streamline","floor":2},{"not_picked":["Compile Driver","Barrage"],"picked":"Conserve Battery","floor":4},{"not_picked":["Leap","Rip and Tear"],"picked":"Coolheaded","floor":7},{"not_picked":["Rip and Tear","Barrage","Redo"],"picked":"SKIP","floor":10},{"not_picked":["Multi-Cast","Barrage","Turbo"],"picked":"SKIP","floor":12},{"not_picked":["Aggregate","Go for the Eyes","Doom and Gloom"],"picked":"SKIP","floor":14}],"player_experience":310014,"relics_obtained":[{"floor":7,"key":"Anchor"},{"floor":12,"key":"Happy Flower"}],"event_choices":[{"cards_removed":["Pain"],"damage_healed":0,"gold_gain":0,"player_choice":"Offered Curse","damage_taken":0,"relics_obtained":["Spirit Poop"],"max_hp_gain":0,"max_hp_loss":0,"event_name":"Bonfire Elementals","floor":3,"gold_loss":0},{"damage_healed":0,"gold_gain":100,"player_choice":"Gold","damage_taken":0,"max_hp_gain":0,"max_hp_loss":0,"event_name":"Wheel of Change","floor":5,"gold_loss":0}],"is_beta":false,"boss_relics":[],"items_purged_floors":[13],"is_endless":false,"potions_floor_spawned":[2,7,10,14],"killed_by":"Slime Boss","ascension_level":6}}