{"host":"bsgp9wgausrmthh2","time":1613329412,"event":{"mods":["AchievementEnabler","BaseMod","Colored Map","Minty Spire (QoL Compilation)","StSLib"],"gold_per_floor":[119,135,135,146,162,162,178,178,178,192,192,192],"floor_reached":11,"language":"ENG","playtime":785,"items_purged":[],"score":67,"play_id":"26795622-c0dd-4c58-91e5-3ecd63c78e07","local_time":"20210214140332","is_ascension_mode":false,"campfire_choices":[{"floor":6,"key":"RECALL"},{"data":"A Thousand Cuts","floor":8,"key":"SMITH"}],"circlet_count":0,"master_deck":["Strike_G","Strike_G","Strike_G","Strike_G","Strike_G","Defend_G","Defend_G","Defend_G","Defend_G","Defend_G","Survivor","Neutralize","A Thousand Cuts+1","Dodge and Roll","PiercingWail","Cloak And Dagger","Caltrops","Expertise","Noxious Fumes"],"relics":["Ring of the Snake","Potion Belt"],"acts_visited":["Exordium"],"potions_floor_usage":[],"damage_taken":[{"damage":3,"enemies":"Small Slimes","floor":1,"turns":3},{"damage":0,"enemies":"2 Louse","floor":2,"turns":3},{"damage":0,"enemies":"Jaw Worm","floor":4,"turns":5},{"damage":8,"enemies":"3 Louse","floor":5,"turns":4},{"damage":7,"enemies":"2 Fungi Beasts","floor":7,"turns":4},{"damage":14,"enemies":"Large Slime","floor":10,"turns":8},{"damage":22,"enemies":"Gremlin Nob","floor":11,"turns":5}],"seed_played":"-6499298951371041676","potions_obtained":[{"floor":1,"key":"SpeedPotion"},{"floor":4,"key":"LiquidMemories"},{"floor":10,"key":"PowerPotion"}],"is_trial":false,"path_per_floor":["M","M","?","M","M","R","M","R","T","M","E"],"character_chosen":"THE_SILENT","items_purchased":[],"campfire_rested":0,"item_purchase_floors":[],"current_hp_per_floor":[67,67,55,55,47,47,40,40,40,26,4,4],"gold":192,"neow_bonus":"ONE_RANDOM_RARE_CARD","is_daily":false,"chose_seed":false,"campfire_upgraded":1,"win_rate":0.0,"timestamp":1613329412,"path_taken":["M","M","?","M","M","R","M","R","T","M","E"],"items_purchased_type":[],"build_version":"2020-12-22","purchased_purges":0,"victory":false,"max_hp_per_floor":[70,70,70,70,70,70,70,70,70,70,70,70],"card_choices":[{"not_picked":["Heel Hook","Underhanded Strike"],"picked":"Dodge and Roll","floor":1},{"not_picked":["Finisher","Acrobatics"],"picked":"PiercingWail","floor":2},{"not_picked":["Finisher","Quick Slash"],"picked":"Cloak And Dagger","floor":4},{"not_picked":["Flying Knee","Bane"],"picked":"Caltrops","floor":5},{"not_picked":["Acrobatics","Burst"],"picked":"Expertise","floor":7},{"not_picked":["Cloak And Dagger","Poisoned Stab"],"picked":"Noxious Fumes","floor":10}],"player_experience":237536,"relics_obtained":[],"event_choices":[{"damage_healed":0,"gold_gain":0,"player_choice":"Success","damage_taken":12,"relics_obtained":["Potion Belt"],"max_hp_gain":0,"max_hp_loss":0,"event_name":"Scrap Ooze","floor":3,"gold_loss":0}],"is_beta":false,"boss_relics":[],"items_purged_floors":[],"is_endless":false,"potions_floor_spawned":[1,4,10],"killed_by":"Gremlin Nob","ascension_level":0}}