{"host":"tpbmol9dayg75a5s","time":1613262539,"event":{"mods":["2.2 Compatiblity","BaseMod","Bestiary","Block Reminder","ChefMod","Colored Powertips","Dark Map","Downfall","Duelist Mod","Googly Eyes","Hermit","Marisa????????","Minty Spire (QoL Compilation)","Quick Restart","Relic Stats","Robot Space Explorer","Shade Mod","Shedinja","Spicy Shops","Spire Arcade","StSLib","The Construct","The Cursed","The Disciple","The Dragon Tamer","The Runesmith","The Sage"],"gold_per_floor":[199,212,222,285,285,305,331,19,48,48,60,60,60,87,106,205,205,5,20,33,43,43,76,158,172,172,189,189,189,189,86,103,203,203,203,214,224,56,56,69,69,69,95,95,108,108,108,108],"floor_reached":46,"language":"ENG","playtime":4091,"items_purged":["sneckomod:Unknown0Cost"],"score":887,"play_id":"c3686b61-c842-49f9-b9f8-c86d29c23531","local_time":"20210213212859","is_ascension_mode":true,"campfire_choices":[{"floor":1,"key":"RECALL"},{"data":"sneckomod:UnknownRareSkill","floor":10,"key":"SMITH"},{"data":"sneckomod:UnknownDraw","floor":12,"key":"SMITH"},{"data":"downfall:Malfunctioning","floor":18,"key":"PURGE"},{"floor":26,"key":"REST"},{"floor":28,"key":"REST"},{"data":"sneckomod:UnknownColorless","floor":35,"key":"SMITH"},{"floor":42,"key":"REST"}],"circlet_count":0,"master_deck":["AscendersBane","sneckomod:TailWhip","sneckomod:SnekBite","sneckomod:Unknown+1","sneckomod:Unknown","sneckomod:UnknownWeak","sneckomod:SoulCleanse","sneckomod:UnknownWeak","sneckomod:UnknownDraw+1","sneckomod:UnknownRareSkill+1","sneckomod:QuickMove","sneckomod:UnknownDraw","sneckomod:UnknownVulnerable","construct:BatteryAcid+1","construct:MassProduction","sneckomod:MasterEye+1","sneckomod:UnknownClassCONSTRUCTMOD","sneckomod:UnknownWeak+1","sneckomod:UnknownColorless+1","sneckomod:Unknown","sneckomod:UnknownBlock","sneckomod:UnknownDexterity","sneckomod:UnknownClassRED","sneckomod:UnknownRareAttack","sneckomod:UnknownClassRED+1","sneckomod:UnknownRareAttack","sneckomod:ImprovisedAttack","sneckomod:QuickBite+1","sneckomod:UnknownRareSkill","sneckomod:PureSnecko+1","sneckomod:UnknownDraw+1","sneckomod:UnknownRareAttack","sneckomod:UnknownRareSkill","sneckomod:UnknownRarePower","expansioncontent:GuardianWhirl","sneckomod:SoulRoll+1","sneckomod:SoulRoll+1","sneckomod:UnknownDexterity+1"],"relics":["sneckomod:SneckoSoul","Peace Pipe","Guardian:PocketSentry","sneckomod:SneckoCommon","sagemod:Singing_Vial","construct:FoamFinger","Snecko Eye","downfall:HeartBlessingGreen","downfall:HeartBlessingRed","downfall:RedIOU","sneckomod:BlankCard","Runesmith:Nanobots","Enchiridion","Omamori","Runic Pyramid","Calipers","sneckomod:RareBoosterPack","Bottled Tornado","Boot","WarpedTongs"],"acts_visited":["Exordium","TheCity","TheBeyond"],"potions_floor_usage":[3,16,33,40,40,43],"damage_taken":[{"damage":0,"enemies":"Cultist","floor":2,"turns":3},{"damage":7,"enemies":"Jaw Worm","floor":3,"turns":3},{"damage":26,"enemies":"Gremlin Nob","floor":4,"turns":4},{"damage":0,"enemies":"2 Louse","floor":6,"turns":2},{"damage":0,"enemies":"downfall:FleeingMerchant","floor":8,"turns":4},{"damage":7,"enemies":"3 Sentries","floor":9,"turns":5},{"damage":3,"enemies":"Blue Slaver","floor":11,"turns":2},{"damage":12,"enemies":"Gremlin Nob","floor":14,"turns":5},{"damage":4,"enemies":"Large Slime","floor":15,"turns":6},{"damage":11,"enemies":"WA_ARCHETYPE_RETAIN","floor":16,"turns":6},{"damage":3,"enemies":"Shell Parasite","floor":19,"turns":3},{"damage":7,"enemies":"downfall:LooterAlt2","floor":20,"turns":2},{"damage":5,"enemies":"Chosen and Byrds","floor":21,"turns":3},{"damage":48,"enemies":"Slavers","floor":23,"turns":7},{"damage":0,"enemies":"3 Cultists","floor":25,"turns":3},{"damage":22,"enemies":"Sentry and Sphere","floor":27,"turns":4},{"damage":0,"enemies":"downfall:FleeingMerchant","floor":31,"turns":3},{"damage":4,"enemies":"Snake Plant","floor":32,"turns":1},{"damage":30,"enemies":"IC_MUSHROOM_ARCHETYPE","floor":33,"turns":5},{"damage":6,"enemies":"Orb Walker","floor":36,"turns":2},{"damage":6,"enemies":"3 Darklings","floor":37,"turns":2},{"damage":87,"enemies":"Reptomancer","floor":40,"turns":7},{"damage":0,"enemies":"Nemesis","floor":43,"turns":1},{"damage":0,"enemies":"Jaw Worm Horde","floor":45,"turns":3},{"damage":82,"enemies":"Giant Head","floor":46,"turns":7}],"seed_played":"-8428004075924503430","potions_obtained":[{"floor":3,"key":"Fruit Juice"},{"floor":11,"key":"Guardian:BlockOnCardUsePotion"},{"floor":14,"key":"sneckomod:OffclassReductionPotion"},{"floor":15,"key":"Dexterity Potion"},{"floor":16,"key":"DuplicationPotion"},{"floor":33,"key":"Regen Potion"},{"floor":40,"key":"AttackPotion"},{"floor":45,"key":"SteroidPotion"}],"is_trial":false,"path_per_floor":["R","M","M","?","?","M","T","$","E","R","M","R","?","E","M","B",null,"R","M","M","M","?","E","T","M","R","M","R","?","?","$","M","B",null,"R","M","M","$","?","E","T","R","E","?","M","E"],"character_chosen":"THE_SNECKO","items_purchased":["Guardian:PocketSentry","sneckomod:SneckoCommon","sneckomod:UnknownRareAttack","sneckomod:ImprovisedAttack","Omamori","Calipers","sneckomod:RareBoosterPack"],"campfire_rested":3,"item_purchase_floors":[8,8,31,31,31,38,38],"current_hp_per_floor":[81,81,82,56,56,56,56,56,49,49,46,46,46,50,46,35,81,81,78,71,66,66,18,18,18,46,24,52,52,36,36,32,18,77,77,71,65,65,65,3,3,31,34,34,37,0,0,0],"gold":108,"neow_bonus":"HUNDRED_GOLD","is_daily":false,"chose_seed":false,"campfire_upgraded":3,"win_rate":0.0,"timestamp":1613262539,"path_taken":["R","M","M","?","?","M","T","$","E","R","M","R","?","E","M","BOSS","R","M","M","M","?","E","T","M","R","M","R","?","?","?","M","BOSS","R","M","?","$","?","E","T","R","E","?","M","E"],"items_purchased_type":["Relic","Relic","Card","Card","Relic","Relic","Relic"],"build_version":"2020-12-22","purchased_purges":1,"victory":false,"max_hp_per_floor":[90,90,98,98,98,98,98,98,98,98,98,98,98,96,96,96,96,96,96,96,96,96,96,96,96,96,96,96,96,96,96,96,96,96,96,96,96,96,96,96,96,96,99,99,102,100,100,100],"relic_stats":{"Peace Pipe":1,"counters":[25,91],"Snecko Eye":[111,90,120,103],"Boot":[0],"obtain_stats":[{"Runesmith:Nanobots":24,"sneckomod:SneckoCommon":8,"construct:FoamFinger":14,"Calipers":38,"downfall:HeartBlessingRed":18,"sneckomod:BlankCard":23,"Enchiridion":30,"downfall:HeartBlessingGreen":18,"Guardian:PocketSentry":8,"Omamori":31,"Orichalcum":7,"Bottled Tornado":40,"sneckomod:SneckoSoul":0,"Boot":43,"WarpedTongs":44,"Peace Pipe":4,"Snecko Eye":17,"sagemod:Singing_Vial":9,"downfall:RedIOU":22,"sneckomod:RareBoosterPack":38,"Runic Pyramid":34},{"Runesmith:Nanobots":14,"sneckomod:SneckoCommon":5,"construct:FoamFinger":8,"Calipers":21,"downfall:HeartBlessingRed":10,"sneckomod:BlankCard":14,"Enchiridion":16,"downfall:HeartBlessingGreen":10,"Guardian:PocketSentry":5,"Omamori":17,"Orichalcum":4,"Bottled Tornado":22,"sneckomod:SneckoSoul":0,"Boot":23,"WarpedTongs":23,"Peace Pipe":3,"Snecko Eye":10,"sagemod:Singing_Vial":6,"downfall:RedIOU":13,"sneckomod:RareBoosterPack":21,"Runic Pyramid":19},{"Runesmith:Nanobots":53,"sneckomod:SneckoCommon":16,"construct:FoamFinger":27,"Calipers":73,"downfall:HeartBlessingRed":38,"sneckomod:BlankCard":53,"Enchiridion":60,"downfall:HeartBlessingGreen":38,"Guardian:PocketSentry":16,"Omamori":63,"Orichalcum":12,"Bottled Tornado":80,"sneckomod:SneckoSoul":0,"Boot":81,"WarpedTongs":81,"Peace Pipe":10,"Snecko Eye":38,"sagemod:Singing_Vial":21,"downfall:RedIOU":46,"sneckomod:RareBoosterPack":73,"Runic Pyramid":69}],"WarpedTongs":[10]},"card_choices":[{"not_picked":["sneckomod:RainOfDice","sneckomod:SerpentIdol"],"picked":"sneckomod:UnknownWeak","floor":2},{"not_picked":["sneckomod:UnknownCommonAttack","sneckomod:SoulRoll"],"picked":"sneckomod:SoulCleanse","floor":3},{"not_picked":["sneckomod:SoulDraw","sneckomod:IronFang"],"picked":"sneckomod:UnknownWeak","floor":4},{"not_picked":["sneckomod:DiceCrush","sneckomod:SoulDraw"],"picked":"sneckomod:UnknownDraw","floor":6},{"not_picked":["sneckomod:Unknown1Cost","sneckomod:UnknownBlock"],"picked":"sneckomod:Unknown0Cost","floor":8},{"not_picked":["sneckomod:SoulRoll","sneckomod:Nope"],"picked":"sneckomod:UnknownRareSkill","floor":9},{"not_picked":["sneckomod:UnknownCommonAttack","sneckomod:RainOfDice"],"picked":"sneckomod:QuickMove","floor":11},{"not_picked":["sneckomod:SoulDraw","sneckomod:Nope","sneckomod:UnknownStrike"],"picked":"Singing Bowl","floor":14},{"not_picked":["sneckomod:Unknown1Cost","sneckomod:DiceCrush"],"picked":"sneckomod:UnknownDraw","floor":15},{"not_picked":["sneckomod:Mudshield","sneckomod:GlitteringGambit"],"picked":"sneckomod:Unknown3Cost","floor":16},{"not_picked":["sneckomod:IronFang","sneckomod:UnknownDraw"],"picked":"sneckomod:UnknownVulnerable","floor":19},{"not_picked":["sneckomod:RainOfDice","sneckomod:UnknownClassCONSTRUCTMOD+1"],"picked":"sneckomod:Memorize","floor":20},{"not_picked":["sneckomod:DiceBlock","sneckomod:SnekBeam"],"picked":"sneckomod:Memorize+1","floor":21},{"not_picked":["sneckomod:DefensiveFlair","sneckomod:SoulDraw"],"picked":"sneckomod:MasterEye+1","floor":23},{"not_picked":["sneckomod:Unknown0Cost","sneckomod:Mudshield"],"picked":"sneckomod:UnknownClassCONSTRUCTMOD","floor":25},{"not_picked":["sneckomod:WideSting","sneckomod:UnknownDraw+1"],"picked":"sneckomod:UnknownWeak+1","floor":27},{"not_picked":["sneckomod:SoulDraw","sneckomod:UnknownBlock"],"picked":"sneckomod:UnknownClassRED+1","floor":31},{"not_picked":["sneckomod:Unknown1Cost","sneckomod:SoulDraw"],"picked":"sneckomod:QuickBite+1","floor":32},{"not_picked":["sneckomod:Mudshield","sneckomod:SoulExchange"],"picked":"sneckomod:UnknownRareSkill","floor":33},{"not_picked":["sneckomod:UnknownClassRED+1","sneckomod:SnakeSap+1"],"picked":"sneckomod:PureSnecko+1","floor":36},{"not_picked":["sneckomod:SoulDraw+1","sneckomod:UnknownCommonAttack"],"picked":"sneckomod:UnknownDraw+1","floor":37},{"not_picked":["expansioncontent:PolyBeam","expansioncontent:Hexaburn"],"picked":"expansioncontent:GuardianWhirl","floor":39},{"not_picked":["sneckomod:QuickBite+1","sneckomod:UnknownClassCONSTRUCTMOD+1"],"picked":"sneckomod:SoulRoll+1","floor":40},{"not_picked":["sneckomod:UnknownClassCONSTRUCTMOD","sneckomod:MorePower"],"picked":"sneckomod:SoulRoll+1","floor":43},{"not_picked":["sneckomod:UnknownDraw","sneckomod:SnekBeam"],"picked":"sneckomod:UnknownDexterity+1","floor":45}],"player_experience":1413366,"relics_obtained":[{"floor":4,"key":"Peace Pipe"},{"floor":7,"key":"Orichalcum"},{"floor":9,"key":"sagemod:Singing_Vial"},{"floor":14,"key":"construct:FoamFinger"},{"floor":23,"key":"sneckomod:BlankCard"},{"floor":24,"key":"Runesmith:Nanobots"},{"floor":30,"key":"Enchiridion"},{"floor":40,"key":"Bottled Tornado"},{"floor":43,"key":"Boot"}],"event_choices":[{"damage_healed":0,"gold_gain":0,"player_choice":"Rummage","damage_taken":0,"relics_obtained":["WarpedTongs"],"max_hp_gain":0,"max_hp_loss":0,"event_name":"Accursed Blacksmith","floor":44,"gold_loss":0,"cards_obtained":["Pain"]}],"is_beta":false,"boss_relics":[{"not_picked":["Astrolabe","Philosopher\u0027s Stone"],"picked":"Snecko Eye"},{"not_picked":["construct:WeddingRing","SacredBark"],"picked":"Runic Pyramid"}],"items_purged_floors":[31],"is_endless":false,"potions_floor_spawned":[3,11,14,15,16,27,32,33,37,40,45],"killed_by":"Giant Head","ascension_level":10}}