{"host":"djoj10dqzzvtkauc","time":1613315981,"event":{"mods":["2.2 Compatiblity","BaseMod","Colored Map","DeckTracker","Highlight Path","Keyboard Shortcuts","Marisa£¨Ùöéë¡¡Øª×âÞÞ£©","Minty Spire (QoL Compilation)","Permanent Neow","Quick Restart","Random Character Button","StSLib","SuperFastMode","everything is the same but u backflip on backflip"],"gold_per_floor":[117,128,145,145,155,171,181,210,237,237,237],"floor_reached":10,"language":"KOR","playtime":241,"items_purged":[],"score":133,"play_id":"23d47ada-f7c0-4698-b4f4-93817f83cd4f","local_time":"20210215001941","is_ascension_mode":true,"campfire_choices":[],"circlet_count":0,"master_deck":["AscendersBane","Strike_G","Strike_G","Strike_G","Strike_G","Strike_G","Defend_G","Defend_G","Defend_G","Defend_G","Defend_G","Survivor","Neutralize","Corpse Explosion","Deadly Poison","PiercingWail","Tactician","Neutralize","Slice","Poisoned Stab","Backflip","Crippling Poison"],"relics":["Ring of the Snake","Molten Egg 2","Dream Catcher"],"acts_visited":["Exordium"],"potions_floor_usage":[10],"damage_taken":[{"damage":10,"enemies":"Small Slimes","floor":1,"turns":4},{"damage":0,"enemies":"Cultist","floor":2,"turns":4},{"damage":0,"enemies":"2 Louse","floor":3,"turns":3},{"damage":8,"enemies":"Looter","floor":5,"turns":3},{"damage":10,"enemies":"Red Slaver","floor":6,"turns":5},{"damage":2,"enemies":"Exordium Wildlife","floor":7,"turns":5},{"damage":28,"enemies":"Lagavulin","floor":8,"turns":7},{"damage":0,"enemies":"Gremlin Nob","floor":10,"turns":2}],"seed_played":"8260500369934504868","potions_obtained":[{"floor":1,"key":"BlessingOfTheForge"},{"floor":6,"key":"SteroidPotion"},{"floor":8,"key":"Regen Potion"}],"is_trial":false,"path_per_floor":["M","M","M","?","M","M","M","E","T","E"],"character_chosen":"THE_SILENT","items_purchased":[],"campfire_rested":0,"item_purchase_floors":[],"current_hp_per_floor":[49,49,49,49,41,31,29,1,1,6,6],"gold":237,"neow_bonus":"ONE_RANDOM_RARE_CARD","is_daily":false,"chose_seed":false,"campfire_upgraded":0,"win_rate":0.0,"timestamp":1613315981,"path_taken":["M","M","M","?","?","M","M","E","T","E"],"items_purchased_type":[],"build_version":"2020-12-22","purchased_purges":0,"victory":false,"max_hp_per_floor":[66,66,66,66,66,66,66,66,66,66,66],"card_choices":[{"not_picked":["Escape Plan","Dodge and Roll"],"picked":"Deadly Poison","floor":1},{"not_picked":["Flying Knee","Slice"],"picked":"PiercingWail","floor":2},{"not_picked":["Acrobatics","Deadly Poison"],"picked":"Tactician","floor":3},{"not_picked":["All Out Attack","Predator"],"picked":"Slice","floor":5},{"not_picked":["Blade Dance","Expertise"],"picked":"Poisoned Stab","floor":6},{"not_picked":["Underhanded Strike","Phantasmal Killer"],"picked":"Backflip","floor":7},{"not_picked":["Quick Slash+1","Infinite Blades"],"picked":"Crippling Poison","floor":8}],"player_experience":250766,"relics_obtained":[{"floor":8,"key":"Molten Egg 2"},{"floor":9,"key":"Dream Catcher"}],"event_choices":[{"damage_healed":0,"gold_gain":0,"player_choice":"1 cards matched","damage_taken":0,"max_hp_gain":0,"max_hp_loss":0,"event_name":"Match and Keep!","floor":4,"gold_loss":0,"cards_obtained":["Neutralize"]}],"is_beta":false,"boss_relics":[],"items_purged_floors":[],"is_endless":false,"potions_floor_spawned":[1,6,8],"killed_by":"Gremlin Nob","ascension_level":17}}