{"host":"m4pe905ae9bldoe7","time":1613261254,"event":{"mods":["BaseMod","Bestiary","Block Reminder","Downfall","Minty Spire (QoL Compilation)","StSLib"],"gold_per_floor":[213,35,50,64,84,84,113,113,159,159,9,40,51,51,51],"floor_reached":14,"language":"ENG","playtime":355,"items_purged":["Defend_R","Strike_R"],"score":195,"play_id":"e422af07-9dff-4c29-8dc3-3dcaaacfbea4","local_time":"20210214010734","is_ascension_mode":true,"campfire_choices":[{"data":"Spot Weakness","floor":6.0,"key":"SMITH"},{"floor":8.0,"key":"REST"},{"data":"Dual Wield","floor":10.0,"key":"SMITH"}],"circlet_count":0,"master_deck":["AscendersBane","Strike_R","Strike_R+1","Strike_R","Strike_R","Defend_R","Defend_R","Defend_R","Bash+1","Dual Wield+1","Flex","Headbutt","Combust","Spot Weakness+1","Cleave","Flex","Twin Strike","Disarm"],"relics":["Burning Blood","Kunai","Whetstone","Bronze Scales"],"acts_visited":["Exordium"],"potions_floor_usage":[14,14],"damage_taken":[{"damage":6.0,"enemies":"Cultist","floor":1.0,"turns":3.0},{"damage":14.0,"enemies":"Jaw Worm","floor":3.0,"turns":3.0},{"damage":7.0,"enemies":"Small Slimes","floor":4.0,"turns":3.0},{"damage":13.0,"enemies":"2 Fungi Beasts","floor":5.0,"turns":4.0},{"damage":46.0,"enemies":"Lagavulin","floor":7.0,"turns":4.0},{"damage":11.0,"enemies":"Gremlin Nob","floor":12.0,"turns":3.0},{"damage":12.0,"enemies":"Red Slaver","floor":13.0,"turns":2.0},{"damage":32,"enemies":"Lagavulin","floor":14,"turns":5}],"seed_played":"-3104075270967869315","potions_obtained":[{"floor":1.0,"key":"Explosive Potion"},{"floor":7.0,"key":"Swift Potion"},{"floor":13.0,"key":"DuplicationPotion"}],"is_trial":false,"path_per_floor":["M","$","M","M","M","R","E","R","T","R","$","E","M","E"],"character_chosen":"IRONCLAD","items_purchased":["Flex","Headbutt","Twin Strike"],"campfire_rested":1,"item_purchase_floors":[2,2,11],"current_hp_per_floor":[68,68,60,59,52,52,12,34,34,34,34,29,23,0,0],"gold":51,"neow_bonus":"HUNDRED_GOLD","is_daily":false,"chose_seed":false,"campfire_upgraded":2,"win_rate":0.0,"timestamp":1613261254,"path_taken":["M","$","M","M","M","R","E","R","T","R","$","E","?","E"],"items_purchased_type":["Card","Card","Card"],"build_version":"2020-12-22","purchased_purges":2,"victory":false,"max_hp_per_floor":[75,75,75,75,75,75,75,75,75,75,75,75,75,75,75],"card_choices":[{"not_picked":["Battle Trance","Dropkick"],"picked":"Dual Wield","floor":1.0},{"not_picked":["Power Through","Anger"],"picked":"Combust","floor":3.0},{"not_picked":["Twin Strike","Battle Trance"],"picked":"Spot Weakness","floor":4.0},{"not_picked":["True Grit","Second Wind"],"picked":"Cleave","floor":5.0},{"not_picked":["Shrug It Off","Brutality"],"picked":"Flex","floor":7.0},{"not_picked":["Flex","Sentinel"],"picked":"Disarm","floor":12.0},{"not_picked":["Headbutt","Wild Strike","Blood for Blood"],"picked":"SKIP","floor":13.0}],"player_experience":604940,"relics_obtained":[{"floor":7.0,"key":"Kunai"},{"floor":9.0,"key":"Whetstone"},{"floor":12.0,"key":"Bronze Scales"}],"event_choices":[],"is_beta":false,"boss_relics":[],"items_purged_floors":[2,11],"is_endless":false,"potions_floor_spawned":[1,7,13],"killed_by":"Lagavulin","ascension_level":19}}