{"host":"93bjq340p293ukqy","time":1613310435,"event":{"mods":["BaseMod","Hermit","Minty Spire (QoL Compilation)","StSLib","The Cursed"],"gold_per_floor":[117,67,84,84,103,138,156,175,199,199,28,69,19,19,19,124,124,146,191,209,223,223,223],"floor_reached":22,"language":"ENG","playtime":926,"items_purged":["Defend_G"],"score":287,"play_id":"21c91435-f3bb-4c5c-80d1-d152260ffcf3","local_time":"20210214154715","is_ascension_mode":true,"campfire_choices":[{"floor":10,"key":"REST"},{"floor":15,"key":"REST"}],"circlet_count":0,"master_deck":["Defend_G","Defend_G","Defend_G","Defend_G","Survivor","Neutralize+1","Dagger Throw","Infinite Blades","Prepared","Noxious Fumes+1","Caltrops","Underhanded Strike","PiercingWail","Noxious Fumes","A Thousand Cuts","Finisher+1","Bite","Bite","Bite","Bite","Bite","Flash of Steel","Footwork"],"relics":["Ring of the Snake","NeowsBlessing","InkBottle","Pear","Smiling Mask","CeramicFish","Whetstone","SacredBark"],"acts_visited":["Exordium","TheCity"],"potions_floor_usage":[8,16,21,21],"damage_taken":[{"damage":0,"enemies":"2 Louse","floor":1,"turns":1},{"damage":0,"enemies":"Jaw Worm","floor":3,"turns":1},{"damage":0,"enemies":"Cultist","floor":5,"turns":1},{"damage":36,"enemies":"Lagavulin","floor":6,"turns":10},{"damage":20,"enemies":"Large Slime","floor":7,"turns":7},{"damage":1,"enemies":"Blue Slaver","floor":8,"turns":4},{"damage":25,"enemies":"3 Sentries","floor":12,"turns":7},{"damage":26,"enemies":"The Guardian","floor":16,"turns":9},{"damage":29,"enemies":"Chosen","floor":18,"turns":6},{"damage":13,"enemies":"3 Byrds","floor":21,"turns":4},{"damage":38,"enemies":"3 Cultists","floor":22,"turns":4}],"seed_played":"3283750160533838908","potions_obtained":[{"floor":3,"key":"Swift Potion"},{"floor":7,"key":"GhostInAJar"},{"floor":16,"key":"CunningPotion"},{"floor":18,"key":"Dexterity Potion"}],"is_trial":false,"path_per_floor":["M","?","M","T","M","E","M","M","T","R","$","E","$","?","R","B",null,"M","?","?","M","M"],"character_chosen":"THE_SILENT","items_purchased":["CeramicFish","PiercingWail"],"campfire_rested":2,"item_purchase_floors":[11,11],"current_hp_per_floor":[63,63,63,63,63,37,17,16,16,40,40,15,15,15,39,13,63,34,34,34,23,0,0],"gold":223,"neow_bonus":"THREE_ENEMY_KILL","is_daily":false,"chose_seed":false,"campfire_upgraded":0,"win_rate":0.0,"timestamp":1613310435,"path_taken":["M","?","M","?","M","E","M","?","T","R","$","E","$","?","R","BOSS","M","?","?","M","?"],"items_purchased_type":["Relic","Card"],"build_version":"2020-12-22","purchased_purges":1,"victory":false,"max_hp_per_floor":[70,70,70,70,70,80,80,80,80,80,80,80,80,80,80,80,80,80,56,56,56,56,56],"card_choices":[{"not_picked":["Slice","Blade Dance"],"picked":"Dagger Throw","floor":1},{"not_picked":["Backstab","Bane"],"picked":"Infinite Blades","floor":3},{"not_picked":["Cloak And Dagger","Bouncing Flask"],"picked":"Prepared","floor":5},{"not_picked":["Dagger Spray","Deflect"],"picked":"Noxious Fumes","floor":6},{"not_picked":["Outmaneuver","Underhanded Strike"],"picked":"Caltrops","floor":7},{"not_picked":["Burst","Slice"],"picked":"Underhanded Strike","floor":8},{"not_picked":["Backstab","Outmaneuver"],"picked":"Noxious Fumes","floor":12},{"not_picked":["Night Terror","Envenom"],"picked":"A Thousand Cuts","floor":16},{"not_picked":["Dagger Spray","Bouncing Flask"],"picked":"Finisher+1","floor":18},{"not_picked":["Bouncing Flask+1","Cloak And Dagger","Dodge and Roll"],"picked":"SKIP","floor":21}],"player_experience":247290,"relics_obtained":[{"floor":4,"key":"InkBottle"},{"floor":6,"key":"Pear"},{"floor":9,"key":"Smiling Mask"},{"floor":12,"key":"Whetstone"}],"event_choices":[{"cards_removed":["Strike_G"],"damage_healed":0,"gold_gain":0,"player_choice":"Card Removal","damage_taken":0,"max_hp_gain":0,"max_hp_loss":0,"event_name":"The Cleric","floor":2,"gold_loss":50},{"damage_healed":0,"gold_gain":0,"player_choice":"Grow","damage_taken":0,"max_hp_gain":0,"max_hp_loss":0,"event_name":"Living Wall","floor":14,"gold_loss":0,"cards_upgraded":["Noxious Fumes"]},{"damage_healed":0,"gold_gain":0,"player_choice":"Became a vampire","damage_taken":0,"max_hp_gain":0,"max_hp_loss":24,"event_name":"Vampires","floor":19,"gold_loss":0,"cards_obtained":["Bite","Bite","Bite","Bite","Bite"]},{"damage_healed":0,"gold_gain":0,"player_choice":"2 cards matched","damage_taken":0,"max_hp_gain":0,"max_hp_loss":0,"event_name":"Match and Keep!","floor":20,"gold_loss":0,"cards_obtained":["Flash of Steel","Footwork"]}],"is_beta":false,"boss_relics":[{"not_picked":["Runic Dome","Philosopher\u0027s Stone"],"picked":"SacredBark"}],"items_purged_floors":[13],"is_endless":false,"potions_floor_spawned":[3,7,16,18],"killed_by":"3 Cultists","ascension_level":7}}