{"host":"3c8x8j1h2jyrixpf","time":1613272151,"event":{"mods":["BaseMod","Colored Powertips","Highlight Path","Minty Spire (QoL Compilation)","StSLib"],"gold_per_floor":[113,67,83,93,111,111,137,137,137,137,165,165,3,13,13,110,110,126,138,138,138,118,151,151,167,243,243,243,243],"floor_reached":28,"language":"ENG","playtime":920,"items_purged":[],"score":419,"play_id":"08ea381f-919c-43f2-9d2c-999c1c6a0693","local_time":"20210213210911","is_ascension_mode":true,"campfire_choices":[{"data":"EmptyFist","floor":6,"key":"SMITH"},{"data":"SandsOfTime","floor":8,"key":"SMITH"},{"data":"CutThroughFate","floor":10,"key":"SMITH"},{"data":"Devotion","floor":15,"key":"SMITH"},{"data":"DevaForm","floor":24,"key":"SMITH"},{"data":"Fasting2","floor":27,"key":"SMITH"}],"circlet_count":0,"master_deck":["AscendersBane","Defend_P+1","Defend_P+1","Defend_P+1","Defend_P+1","Eruption+1","Vigilance","JustLucky","EmptyFist+1","CutThroughFate+1","DevaForm+1","SandsOfTime+1","DeceiveReality","FlurryOfBlows","Devotion+1","Brilliance","JustLucky","Ragnarok","Weave","Bite","Bite","Bite","Bite","Bite","Fasting2+1","ReachHeaven"],"relics":["PureWater","Eternal Feather","Sundial","Kunai","Coffee Dripper","Mercury Hourglass","Meat on the Bone"],"acts_visited":["Exordium","TheCity"],"potions_floor_usage":[7,19,23],"damage_taken":[{"damage":2,"enemies":"Small Slimes","floor":1,"turns":2},{"damage":0,"enemies":"Cultist","floor":3,"turns":4},{"damage":0,"enemies":"2 Louse","floor":4,"turns":3},{"damage":1,"enemies":"Looter","floor":5,"turns":2},{"damage":2,"enemies":"Gremlin Nob","floor":7,"turns":3},{"damage":1,"enemies":"Lagavulin","floor":11,"turns":7},{"damage":2,"enemies":"Lots of Slimes","floor":14,"turns":4},{"damage":13,"enemies":"The Guardian","floor":16,"turns":5},{"damage":0,"enemies":"Chosen","floor":18,"turns":3},{"damage":8,"enemies":"3 Byrds","floor":19,"turns":5},{"damage":36,"enemies":"Slavers","floor":23,"turns":4},{"damage":47,"enemies":"Snake Plant","floor":25,"turns":5},{"damage":35,"enemies":"Book of Stabbing","floor":28,"turns":3}],"seed_played":"4673334786855164319","potions_obtained":[{"floor":5,"key":"AttackPotion"},{"floor":7,"key":"Ancient Potion"},{"floor":11,"key":"CultistPotion"},{"floor":16,"key":"Fruit Juice"},{"floor":19,"key":"BlessingOfTheForge"},{"floor":22,"key":"FairyPotion"}],"is_trial":false,"path_per_floor":["M","$","M","M","M","R","E","R","T","R","E","?","$","M","R","B",null,"M","M","?","?","?","E","R","M","T","R","E"],"character_chosen":"WATCHER","items_purchased":["EmptyFist","Brilliance"],"campfire_rested":0,"item_purchase_floors":[2,13],"current_hp_per_floor":[63,63,63,63,62,62,60,69,69,72,71,71,71,69,72,59,69,69,66,53,53,53,23,38,15,15,30,0,0],"gold":243,"neow_bonus":"UPGRADE_CARD","is_daily":false,"chose_seed":false,"campfire_upgraded":6,"win_rate":0.0,"timestamp":1613272151,"path_taken":["M","$","M","M","M","R","E","R","T","R","E","?","$","M","R","BOSS","M","M","?","?","?","E","R","M","T","R","E"],"items_purchased_type":["Card","Card"],"build_version":"2020-12-22","purchased_purges":0,"victory":false,"max_hp_per_floor":[72,72,72,72,72,72,72,72,72,72,72,72,72,72,72,72,72,72,77,53,53,53,53,53,53,53,53,53,53],"card_choices":[{"not_picked":["Crescendo","Evaluate"],"picked":"JustLucky","floor":1},{"not_picked":["SashWhip","InnerPeace"],"picked":"CutThroughFate","floor":3},{"not_picked":["Halt","Crescendo"],"picked":"DevaForm","floor":4},{"not_picked":["CrushJoints","DeceiveReality"],"picked":"SandsOfTime","floor":5},{"not_picked":["Halt","Sanctity"],"picked":"DeceiveReality","floor":7},{"not_picked":["JustLucky","ConjureBlade"],"picked":"FlurryOfBlows","floor":11},{"not_picked":["PathToVictory","SignatureMove"],"picked":"JustLucky","floor":14},{"not_picked":["Omniscience","Blasphemy"],"picked":"Ragnarok","floor":16},{"not_picked":["FlyingSleeves","CrushJoints","ForeignInfluence"],"picked":"SKIP","floor":18},{"not_picked":["Vengeance","Worship"],"picked":"Weave","floor":19},{"not_picked":["EmptyFist","Perseverance"],"picked":"Fasting2","floor":23},{"not_picked":["Perseverance","FollowUp"],"picked":"ReachHeaven","floor":25}],"player_experience":246525,"relics_obtained":[{"floor":7,"key":"Eternal Feather"},{"floor":9,"key":"Sundial"},{"floor":11,"key":"Kunai"},{"floor":23,"key":"Mercury Hourglass"},{"floor":26,"key":"Meat on the Bone"}],"event_choices":[{"damage_healed":0,"gold_gain":0,"player_choice":"1 cards matched","damage_taken":0,"max_hp_gain":0,"max_hp_loss":0,"event_name":"Match and Keep!","floor":12,"gold_loss":0,"cards_obtained":["Devotion"]},{"damage_healed":0,"gold_gain":0,"player_choice":"Became a vampire","damage_taken":0,"max_hp_gain":0,"max_hp_loss":24,"event_name":"Vampires","floor":20,"gold_loss":0,"cards_obtained":["Bite","Bite","Bite","Bite","Bite"]},{"damage_healed":0,"gold_gain":0,"player_choice":"Simplicity","damage_taken":0,"max_hp_gain":0,"max_hp_loss":0,"event_name":"Back to Basics","floor":21,"gold_loss":0,"cards_upgraded":["Defend_P","Defend_P","Defend_P","Defend_P"]},{"damage_healed":0,"gold_gain":0,"player_choice":"Bought 1 Potion","damage_taken":0,"max_hp_gain":0,"max_hp_loss":0,"event_name":"The Woman in Blue","floor":22,"gold_loss":0}],"is_beta":false,"boss_relics":[{"not_picked":["SlaversCollar","Velvet Choker"],"picked":"Coffee Dripper"}],"items_purged_floors":[],"is_endless":false,"potions_floor_spawned":[5,7,11,16,19],"killed_by":"Book of Stabbing","ascension_level":12}}