{"host":"AppleFritter","time":1613271749,"event":{"mods":["BaseMod","Block Reminder","Colored Map","Colored Powertips","Curses Come First","Highlight Path","Minty Spire (QoL Compilation)","Permanent Neow","Potion Indicator Mod","Quick Restart","Relic Stats","StSLib","ojb\u0027s Info Mod"],"gold_per_floor":[118,138,151,151,8,8,33,54,54,95,59,59,83,106,106,229,229,247,247,270,270,31,31,31],"floor_reached":23,"language":"ENG","playtime":7543,"items_purged":["Decay"],"score":191,"play_id":"a217d3eb-bcbf-4ac6-b32f-b78fa5add23b","local_time":"20210213220229","is_ascension_mode":false,"campfire_choices":[{"floor":12,"key":"REST"},{"data":"Distraction","floor":15,"key":"SMITH"}],"circlet_count":0,"master_deck":["Strike_G","Strike_G+1","Strike_G","Strike_G","Defend_G","Defend_G","Defend_G","Defend_G","Defend_G","Survivor","Neutralize","Masterful Stab","Distraction+1","Bouncing Flask","Poisoned Stab","Infinite Blades","Deflect","Endless Agony","Prepared","Phantasmal Killer","Distraction","Poisoned Stab","Glass Knife","CurseOfTheBell","Dodge and Roll+1","Noxious Fumes","Underhanded Strike+1","Quick Slash","Metamorphosis"],"relics":["Ring of the Snake","NeowsBlessing","Golden Idol","Bottled Tornado","Peace Pipe","PreservedInsect","Calling Bell","Bird Faced Urn","Sundial","MealTicket"],"acts_visited":["Exordium","TheCity"],"potions_floor_usage":[23,23,23],"damage_taken":[{"damage":0,"enemies":"Cultist","floor":1,"turns":1},{"damage":0,"enemies":"2 Louse","floor":2,"turns":1},{"damage":0,"enemies":"Jaw Worm","floor":3,"turns":1},{"damage":16,"enemies":"Exordium Wildlife","floor":7,"turns":4},{"damage":7,"enemies":"Blue Slaver","floor":8,"turns":3},{"damage":10,"enemies":"Lagavulin","floor":10,"turns":4},{"damage":8,"enemies":"Red Slaver","floor":14,"turns":3},{"damage":14,"enemies":"Slime Boss","floor":16,"turns":7},{"damage":26,"enemies":"Shell Parasite","floor":18,"turns":5},{"damage":40,"enemies":"2 Thieves","floor":20,"turns":4},{"damage":27,"enemies":"Slavers","floor":23,"turns":3}],"seed_played":"-1909505609512938996","potions_obtained":[{"floor":2,"key":"Strength Potion"},{"floor":3,"key":"FearPotion"},{"floor":7,"key":"Weak Potion"},{"floor":18,"key":"Weak Potion"}],"is_trial":false,"path_per_floor":["M","M","M","?","$","?","M","M","T","E","$","R","T","M","R","B",null,"M","?","M","?","$","E"],"character_chosen":"THE_SILENT","items_purchased":["Poisoned Stab","Infinite Blades","Deflect","Distraction","Metamorphosis"],"campfire_rested":1,"item_purchase_floors":[5,5,5,11,22],"current_hp_per_floor":[70,70,70,70,70,56,40,33,33,23,23,44,44,36,36,22,70,44,44,8,8,23,0,0],"gold":31,"neow_bonus":"THREE_ENEMY_KILL","is_daily":false,"chose_seed":false,"campfire_upgraded":1,"win_rate":0.0,"timestamp":1613271749,"path_taken":["M","?","M","?","$","?","M","M","T","E","?","R","?","?","R","BOSS","M","?","M","?","$","E"],"items_purchased_type":["Card","Card","Card","Card","Card"],"build_version":"2020-12-18","purchased_purges":1,"victory":false,"max_hp_per_floor":[70,70,70,70,70,70,70,70,70,70,70,70,70,70,70,70,70,70,70,70,70,70,70,70],"relic_stats":{"Peace Pipe":0,"counters":[11,36],"Golden Idol":56,"Sundial":[0],"Bird Faced Urn":[8],"MealTicket":15,"PreservedInsect":40,"obtain_stats":[{"Peace Pipe":10,"Calling Bell":17,"NeowsBlessing":0,"Golden Idol":4,"Sundial":17,"Bird Faced Urn":17,"MealTicket":17,"PreservedInsect":13,"Bottled Tornado":9,"Ring of the Snake":0},{"Peace Pipe":6,"Calling Bell":8,"NeowsBlessing":0,"Golden Idol":3,"Sundial":8,"Bird Faced Urn":8,"MealTicket":8,"PreservedInsect":6,"Bottled Tornado":5,"Ring of the Snake":0},{"Peace Pipe":14,"Calling Bell":24,"NeowsBlessing":0,"Golden Idol":3,"Sundial":24,"Bird Faced Urn":24,"MealTicket":24,"PreservedInsect":14,"Bottled Tornado":10,"Ring of the Snake":0}],"Ring of the Snake":[22]},"card_choices":[{"not_picked":["Flying Knee","PiercingWail"],"picked":"Masterful Stab","floor":1},{"not_picked":["Backflip","Dagger Throw"],"picked":"Distraction","floor":2},{"not_picked":["Prepared","Flying Knee"],"picked":"Bouncing Flask","floor":3},{"not_picked":["Predator","Expertise"],"picked":"Endless Agony","floor":7},{"not_picked":["Backstab","Underhanded Strike"],"picked":"Prepared","floor":8},{"not_picked":["Flying Knee","Blade Dance"],"picked":"Phantasmal Killer","floor":10},{"not_picked":["Dagger Spray","Dodge and Roll"],"picked":"Poisoned Stab","floor":14},{"not_picked":["Doppelganger","Wraith Form v2"],"picked":"Glass Knife","floor":16},{"not_picked":["Sucker Punch","Quick Slash"],"picked":"Dodge and Roll+1","floor":18},{"not_picked":["Prepared","Flying Knee"],"picked":"Underhanded Strike+1","floor":20}],"player_experience":17186,"relics_obtained":[{"floor":9,"key":"Bottled Tornado"},{"floor":10,"key":"Peace Pipe"},{"floor":13,"key":"PreservedInsect"},{"floor":17,"key":"Bird Faced Urn"},{"floor":17,"key":"Sundial"},{"floor":17,"key":"MealTicket"}],"event_choices":[{"damage_healed":0,"gold_gain":0,"player_choice":"Take Wound","damage_taken":0,"relics_obtained":["Golden Idol"],"max_hp_gain":0,"max_hp_loss":0,"event_name":"Golden Idol","floor":4,"gold_loss":0,"cards_obtained":["Injury"]},{"damage_healed":0,"gold_gain":0,"player_choice":"Entered Light","damage_taken":14,"max_hp_gain":0,"max_hp_loss":0,"event_name":"Shining Light","floor":6,"gold_loss":0,"cards_upgraded":["Strike_G","Strike_G"]},{"damage_healed":0,"gold_gain":0,"player_choice":"Read","damage_taken":0,"max_hp_gain":0,"max_hp_loss":0,"event_name":"The Library","floor":19,"gold_loss":0,"cards_obtained":["Noxious Fumes"]},{"damage_healed":0,"gold_gain":0,"cards_transformed":["Injury","Strike_G"],"player_choice":"Became Test Subject","damage_taken":0,"max_hp_gain":0,"max_hp_loss":0,"event_name":"Drug Dealer","floor":21,"gold_loss":0,"cards_obtained":["Decay","Quick Slash"]}],"is_beta":true,"boss_relics":[{"not_picked":["Philosopher\u0027s Stone","Cursed Key"],"picked":"Calling Bell"}],"items_purged_floors":[22],"is_endless":false,"potions_floor_spawned":[2,3,7,18],"killed_by":"Slavers","ascension_level":0}}