{"host":"jpzdg3po3tjxdjri","time":1613336705,"event":{"mods":["BaseMod","Better Third Choice","Colored Map","Colored Powertips","Minty Spire (QoL Compilation)","StSLib"],"gold_per_floor":[117,133,144,158,158,188,188,214,282,293,313,3,3,35,47,164,176,207,204,227,239,251,297,309,321,333,377,0,12,40,65,77,185,197,229,291,317,329,34,34,61,61,61,93,93,125,139,149,149,149],"floor_reached":51,"language":"ENG","playtime":2396,"items_purged":[],"score":926,"play_id":"49d46b09-5a76-4e85-89aa-bfae5ac92813","local_time":"20210214210505","is_ascension_mode":true,"campfire_choices":[{"floor":7,"key":"REST"},{"floor":13,"key":"DIG"},{"floor":15,"key":"REST"},{"floor":24,"key":"REST"},{"floor":29,"key":"REST"},{"floor":32,"key":"DIG"},{"floor":40,"key":"DIG"},{"data":"Seek","floor":42,"key":"SMITH"},{"floor":45,"key":"REST"},{"floor":49,"key":"DIG"}],"circlet_count":0,"master_deck":["Strike_B+1","Strike_B+1","Strike_B+1","Defend_B+1","Defend_B+1","Defend_B+1","Defend_B+1","Zap","Dualcast","Stack","Streamline","Gash","FTL","Machine Learning+1","BootSequence","Compile Driver","Ball Lightning","Auto Shields","Buffer+1","Cold Snap","Coolheaded","Barrage","Conserve Battery","Ball Lightning","Hologram","Seek+1","Streamline+1","Rebound+1","Ball Lightning","Defragment+1","Stack+1","Writhe","Recycle+1","Barrage+1","Cold Snap","Cold Snap+1"],"relics":["Cracked Core","Frozen Egg 2","Shovel","HornCleat","Blood Vial","Runic Capacitor","MawBank","Inserter","Gremlin Horn","Question Card","Pen Nib","Cursed Key","CaptainsWheel","Calipers","Bottled Lightning","FossilizedHelix","White Beast Statue","Kunai","The Courier","Dream Catcher","Bottled Flame"],"acts_visited":["Exordium","TheCity","TheBeyond"],"potions_floor_usage":[6,16,23,23,27,33],"damage_taken":[{"damage":7,"enemies":"2 Louse","floor":1,"turns":3},{"damage":2,"enemies":"Cultist","floor":2,"turns":4},{"damage":7,"enemies":"Small Slimes","floor":3,"turns":3},{"damage":7,"enemies":"2 Fungi Beasts","floor":4,"turns":4},{"damage":41,"enemies":"Gremlin Nob","floor":6,"turns":5},{"damage":17,"enemies":"Lagavulin","floor":8,"turns":6},{"damage":0,"enemies":"Exordium Wildlife","floor":10,"turns":3},{"damage":0,"enemies":"Looter","floor":11,"turns":3},{"damage":16,"enemies":"Gremlin Gang","floor":14,"turns":4},{"damage":12,"enemies":"Hexaghost","floor":16,"turns":10},{"damage":1,"enemies":"3 Byrds","floor":18,"turns":5},{"damage":6,"enemies":"2 Thieves","floor":19,"turns":4},{"damage":19,"enemies":"Snake Plant","floor":20,"turns":7},{"damage":43,"enemies":"Slavers","floor":23,"turns":9},{"damage":33,"enemies":"Book of Stabbing","floor":27,"turns":8},{"damage":0,"enemies":"Snecko","floor":30,"turns":6},{"damage":2,"enemies":"Centurion and Healer","floor":31,"turns":7},{"damage":28,"enemies":"Collector","floor":33,"turns":14},{"damage":29,"enemies":"3 Shapes","floor":35,"turns":4},{"damage":0,"enemies":"Mind Bloom Boss Battle","floor":36,"turns":5},{"damage":0,"enemies":"Orb Walker","floor":37,"turns":4},{"damage":0,"enemies":"Nemesis","floor":41,"turns":9},{"damage":24,"enemies":"Giant Head","floor":44,"turns":8},{"damage":0,"enemies":"Nemesis","floor":46,"turns":7},{"damage":0,"enemies":"3 Darklings","floor":47,"turns":5},{"damage":0,"enemies":"Transient","floor":48,"turns":5},{"damage":17,"enemies":"Donu and Deca","floor":50,"turns":11}],"seed_played":"6430455590491425729","potions_obtained":[{"floor":0,"key":"Strength Potion"},{"floor":0,"key":"SpeedPotion"},{"floor":0,"key":"AttackPotion"},{"floor":8,"key":"Ancient Potion"},{"floor":14,"key":"PowerPotion"},{"floor":16,"key":"Regen Potion"},{"floor":31,"key":"EssenceOfSteel"},{"floor":33,"key":"Energy Potion"},{"floor":37,"key":"Dexterity Potion"},{"floor":41,"key":"Dexterity Potion"},{"floor":44,"key":"FairyPotion"}],"is_trial":false,"path_per_floor":["M","M","M","M","?","E","R","E","T","M","M","$","R","M","R","B",null,"M","M","M","?","?","E","R","?","T","E","?","R","M","M","R","B",null,"M","?","M","?","$","R","E","R","T","E","R","E","M","M","R","B",null],"character_chosen":"DEFECT","items_purchased":["Blood Vial","Runic Capacitor","Defragment+1","Bottled Lightning"],"campfire_rested":5,"item_purchase_floors":[12,12,39,39],"current_hp_per_floor":[68,66,59,52,52,11,33,16,16,16,16,16,16,2,24,14,75,74,69,52,38,38,12,36,36,36,5,5,29,31,31,31,5,80,51,53,55,55,55,55,57,57,57,35,59,61,63,65,65,50],"gold":149,"neow_bonus":"THREE_SMALL_POTIONS","is_daily":false,"chose_seed":false,"campfire_upgraded":1,"win_rate":0.0,"timestamp":1613336705,"path_taken":["M","M","M","M","?","E","R","E","T","M","?","$","R","M","R","BOSS","M","M","M","?","?","E","R","?","T","E","?","R","M","M","R","BOSS","M","?","M","?","$","R","E","R","T","E","R","E","?","M","R","BOSS"],"items_purchased_type":["Relic","Relic","Card","Relic"],"build_version":"2020-12-22","purchased_purges":0,"victory":true,"max_hp_per_floor":[75,75,75,75,75,75,75,75,75,75,75,75,75,75,75,75,75,75,75,75,80,80,80,80,80,80,80,80,80,80,80,80,80,80,80,80,80,80,80,80,80,80,80,80,80,80,80,80,80,80],"card_choices":[{"not_picked":["Turbo","Hologram"],"picked":"Stack","floor":1},{"not_picked":["Sweeping Beam","Compile Driver"],"picked":"Streamline","floor":2},{"not_picked":["Chill","Chaos"],"picked":"Gash","floor":3},{"not_picked":["Turbo","Conserve Battery"],"picked":"FTL","floor":4},{"not_picked":["Steam Power","White Noise"],"picked":"Machine Learning+1","floor":6},{"not_picked":["Cold Snap","Compile Driver"],"picked":"BootSequence","floor":8},{"not_picked":["Barrage","Turbo"],"picked":"Compile Driver","floor":10},{"not_picked":["Compile Driver","Stack"],"picked":"Ball Lightning","floor":11},{"not_picked":["All For One","Turbo"],"picked":"Auto Shields","floor":14},{"not_picked":["Meteor Strike","Multi-Cast"],"picked":"Buffer+1","floor":16},{"not_picked":["Scrape","Redo","Turbo"],"picked":"SKIP","floor":18},{"not_picked":["Skim","Tempest+1"],"picked":"Cold Snap","floor":19},{"not_picked":["Compile Driver","Consume"],"picked":"Coolheaded","floor":20},{"not_picked":["Reboot","Gash"],"picked":"Barrage","floor":23},{"not_picked":["Turbo","Biased Cognition+1"],"picked":"Conserve Battery","floor":27},{"not_picked":["Undo","Sweeping Beam","Stack"],"picked":"Ball Lightning","floor":30},{"not_picked":["Force Field","Fusion+1","Turbo+1"],"picked":"Hologram","floor":31},{"not_picked":["All For One","Hyperbeam","Biased Cognition+1"],"picked":"Seek","floor":33},{"not_picked":["Hello World+1","Hologram","Auto Shields"],"picked":"Streamline+1","floor":35},{"not_picked":["Fusion+1","Go for the Eyes","Scrape+1"],"picked":"Rebound+1","floor":36},{"not_picked":["Consume","Rebound+1","Stack"],"picked":"Ball Lightning","floor":37},{"not_picked":["Machine Learning+1","White Noise","Barrage"],"picked":"Stack+1","floor":41},{"not_picked":["Force Field","Gash+1","Beam Cell"],"picked":"Recycle+1","floor":44},{"not_picked":["Hyperbeam","Streamline+1","Heatsinks+1"],"picked":"Barrage+1","floor":46},{"not_picked":["Undo","Leap","Reprogram"],"picked":"Cold Snap","floor":47},{"not_picked":["Leap","Undo+1","White Noise"],"picked":"Cold Snap+1","floor":48}],"player_experience":907876,"relics_obtained":[{"floor":6,"key":"Frozen Egg 2"},{"floor":8,"key":"Shovel"},{"floor":9,"key":"HornCleat"},{"floor":13,"key":"MawBank"},{"floor":23,"key":"Gremlin Horn"},{"floor":27,"key":"Question Card"},{"floor":32,"key":"Pen Nib"},{"floor":36,"key":"CaptainsWheel"},{"floor":40,"key":"FossilizedHelix"},{"floor":41,"key":"White Beast Statue"},{"floor":43,"key":"Kunai"},{"floor":44,"key":"The Courier"},{"floor":46,"key":"Dream Catcher"},{"floor":49,"key":"Bottled Flame"}],"event_choices":[{"cards_removed":["Strike_B"],"damage_healed":0,"gold_gain":0,"player_choice":"Offered Basic","damage_taken":0,"max_hp_gain":0,"max_hp_loss":0,"event_name":"Bonfire Elementals","floor":5,"gold_loss":0},{"damage_healed":0,"gold_gain":0,"player_choice":"Shed Blood","damage_taken":19,"max_hp_gain":5,"max_hp_loss":0,"event_name":"Forgotten Altar","floor":21,"gold_loss":0},{"damage_healed":0,"gold_gain":0,"player_choice":"Simplicity","damage_taken":0,"max_hp_gain":0,"max_hp_loss":7,"event_name":"betterThird:BetterWriting","floor":22,"gold_loss":0},{"damage_healed":0,"gold_gain":0,"player_choice":"Ignored","damage_taken":0,"max_hp_gain":0,"max_hp_loss":0,"event_name":"Vampires","floor":25,"gold_loss":0},{"damage_healed":0,"gold_gain":0,"player_choice":"Paid Fearfully","damage_taken":0,"max_hp_gain":0,"max_hp_loss":0,"event_name":"Masked Bandits","floor":28,"gold_loss":389},{"damage_healed":0,"gold_gain":0,"player_choice":"Fight","damage_taken":0,"max_hp_gain":0,"max_hp_loss":0,"event_name":"MindBloom","floor":36,"gold_loss":0},{"damage_healed":0,"gold_gain":0,"player_choice":"Gave Potion","damage_taken":0,"relics_obtained":["Calipers"],"max_hp_gain":0,"max_hp_loss":0,"event_name":"WeMeetAgain","floor":38,"gold_loss":0}],"is_beta":false,"boss_relics":[{"not_picked":["Fusion Hammer","Runic Pyramid"],"picked":"Inserter"},{"not_picked":["Calling Bell","Coffee Dripper"],"picked":"Cursed Key"}],"items_purged_floors":[],"is_endless":false,"potions_floor_spawned":[1,8,10,14,16,19,31,33,37,41,44,46,47,48],"ascension_level":1}}