{"host":"jd4bep4c4aw5c310","time":1613266362,"event":{"mods":["AchievementEnabler","Aspiration","BaseMod","Bestiary","Better Third Choice","Conspire","Curses Come First","Downfall","Fox Events","Hermit","Hubris","Minty Spire (QoL Compilation)","Relic Stats","Reliquary","Replay The Spire","Spire Arcade","StS++","StSLib","The Blue Laboratory"],"gold_per_floor":[112,142,46,46,46,79,99,118,195,195,206,206,206,58,58,159,236,247,259,278,294,294,294,309,309,309,309,309],"floor_reached":27,"language":"ENG","playtime":1841,"items_purged":["Injury"],"score":238,"play_id":"9fc152b4-7c33-4d94-a8bb-01d1d09e2c04","local_time":"20210214013242","is_ascension_mode":false,"campfire_choices":[{"data":"Venomology","floor":10,"key":"SMITH"},{"data":"Neutralize","floor":12,"key":"SMITH"},{"floor":15,"key":"REST"},{"floor":23,"key":"REST"}],"circlet_count":0,"master_deck":["Strike_G","Strike_G","Strike_G","Strike_G","Strike_G","Defend_G","Defend_G","Defend_G","Defend_G","Defend_G","Survivor","Neutralize+1","Flying Knee","Flying Knee+1","Sucker Punch+1","Venomology+1","Riddle With Holes+1","Finisher+1","A Thousand Cuts","Fluid Movement","Dagger Spray+1","StSpp:Anticipation+1","Burst","Decay","StSpp:PoisonousPunch+1"],"relics":["Ring of the Snake","NeowsBlessing","foxEvents:LuckyCharm","Replay:Bottled Snecko","Letter Opener","reliquary:RedPaperclip"],"acts_visited":["Exordium","TheCity"],"potions_floor_usage":[3,7,11,11,16,16,18,19,20,20,21,24,24,27,27,27],"damage_taken":[{"damage":0,"enemies":"conspire:RoseBush","floor":1,"turns":1},{"damage":0,"enemies":"Colosseum Slavers","floor":2,"turns":1},{"damage":0,"enemies":"3 Sentries","floor":6,"turns":1},{"damage":0,"enemies":"Small Slimes","floor":7,"turns":3},{"damage":0,"enemies":"2 Louse","floor":8,"turns":3},{"damage":5,"enemies":"Exordium Wildlife","floor":11,"turns":4},{"damage":18,"enemies":"Hexaghost","floor":16,"turns":11},{"damage":9,"enemies":"Shell Parasite","floor":18,"turns":6},{"damage":20,"enemies":"Spheric Guardian","floor":19,"turns":5},{"damage":12,"enemies":"Centurion and Healer","floor":20,"turns":4},{"damage":25,"enemies":"Snake Plant","floor":21,"turns":6},{"damage":16,"enemies":"Shelled Parasite and Fungi","floor":24,"turns":5},{"damage":9,"enemies":"Cultist and Chosen","floor":27,"turns":3}],"seed_played":"2152345088645581395","potions_obtained":[{"floor":7,"key":"Swift Potion"},{"floor":16,"key":"blueLaboratory:NinjaPotion"},{"floor":18,"key":"blueLaboratory:PhilterOfMotion"},{"floor":24,"key":"blueLaboratory:BlinkPotion"}],"is_trial":false,"path_per_floor":["M","?","$","?","$","E","M","M","T","R","M","R","?","$","R","B",null,"M","M","M","M","?","R","M","PTL","PTL","M"],"character_chosen":"THE_SILENT","items_purchased":["EntropicBrew","Finisher+1"],"campfire_rested":2,"item_purchase_floors":[3,14],"current_hp_per_floor":[70,70,70,70,70,70,70,70,70,70,65,65,58,58,70,52,70,61,41,29,4,4,25,9,9,9,0,0],"gold":309,"neow_bonus":"THREE_ENEMY_KILL","is_daily":false,"chose_seed":false,"campfire_upgraded":2,"win_rate":0.0,"timestamp":1613266362,"path_taken":["M","?","$","?","$","E","M","M","T","R","M","R","?","?","R","BOSS","M","M","?","M","?","R","M","PTL","PTL","M"],"items_purchased_type":["Potion","Card"],"build_version":"2020-12-22","purchased_purges":1,"victory":false,"max_hp_per_floor":[70,70,70,70,70,70,70,70,70,70,70,70,70,70,70,70,70,70,70,70,70,70,70,70,70,70,70,70],"relic_stats":{"counters":[13,53],"Letter Opener":[39],"obtain_stats":[{"reliquary:RedPaperclip":17,"NeowsBlessing":0,"Molten Egg 2":4,"foxEvents:LuckyCharm":2,"Replay:Bottled Snecko":9,"Letter Opener":13,"Pet Ghost":6,"Ring of the Snake":0},{"reliquary:RedPaperclip":7,"NeowsBlessing":0,"Molten Egg 2":2,"foxEvents:LuckyCharm":2,"Replay:Bottled Snecko":5,"Letter Opener":6,"Pet Ghost":3,"Ring of the Snake":0},{"reliquary:RedPaperclip":24,"NeowsBlessing":0,"Molten Egg 2":2,"foxEvents:LuckyCharm":2,"Replay:Bottled Snecko":9,"Letter Opener":13,"Pet Ghost":3,"Ring of the Snake":0}],"Ring of the Snake":[26]},"card_choices":[{"not_picked":["Blade Dance","Sucker Punch"],"picked":"Flying Knee","floor":1},{"not_picked":["Calculated Gamble","Dagger Spray+1"],"picked":"Flying Knee+1","floor":6},{"not_picked":["Prepared","Deadly Poison"],"picked":"Sucker Punch+1","floor":7},{"not_picked":["StSpp:PoisonousPunch+1","Slice+1"],"picked":"Venomology","floor":8},{"not_picked":["Slice+1","Quick Slash+1"],"picked":"Riddle With Holes+1","floor":11},{"not_picked":["Doppelganger","Burst"],"picked":"A Thousand Cuts","floor":16},{"not_picked":["Backflip+1","Poisoned Stab"],"picked":"Fluid Movement","floor":18},{"not_picked":["StSpp:Throw","hubris:Counter"],"picked":"Dagger Spray+1","floor":19},{"not_picked":["StSpp:TimeParadox","Prepared+1"],"picked":"StSpp:Anticipation+1","floor":20},{"not_picked":["Slice","hubris:TrickCloak"],"picked":"Burst","floor":21},{"not_picked":["Blade Dance","Dagger Spray"],"picked":"StSpp:PoisonousPunch+1","floor":24}],"player_experience":5725,"relics_obtained":[{"floor":2,"key":"foxEvents:LuckyCharm"},{"floor":6,"key":"Pet Ghost"},{"floor":9,"key":"Replay:Bottled Snecko"}],"event_choices":[{"damage_healed":0,"gold_gain":0,"player_choice":"Relic ","damage_taken":7,"max_hp_gain":0,"max_hp_loss":0,"event_name":"betterThird:BetterScrap","floor":13,"gold_loss":0,"cards_obtained":["Power Through"]},{"damage_healed":0,"gold_gain":0,"player_choice":"Smashed Altar","damage_taken":0,"max_hp_gain":0,"max_hp_loss":0,"event_name":"Forgotten Altar","floor":22,"gold_loss":0,"cards_obtained":["Decay"]}],"is_beta":false,"boss_relics":[{"not_picked":["reliquary:Craggleroot","Replay:Wanted Poster"],"picked":"reliquary:RedPaperclip"}],"items_purged_floors":[14],"is_endless":false,"potions_floor_spawned":[6,7,16,18,24],"killed_by":"Cultist and Chosen","ascension_level":0}}