{"host":"bsgp9wgausrmthh2","time":1613306564,"event":{"mods":["AchievementEnabler","BaseMod","Colored Map","Minty Spire (QoL Compilation)","StSLib"],"gold_per_floor":[110,285,285,8,8,8,27,27,50,63,97,97,117,135,135,234,234,234,234],"floor_reached":18,"language":"ENG","playtime":1498,"items_purged":["Doubt"],"score":160,"play_id":"49da0c4f-0c6e-4173-a2e3-bd34b92d3b25","local_time":"20210214074244","is_ascension_mode":false,"campfire_choices":[{"floor":6.0,"key":"RECALL"},{"data":"Crescendo","floor":8.0,"key":"SMITH"},{"floor":12.0,"key":"REST"},{"floor":15.0,"key":"REST"}],"circlet_count":0,"master_deck":["Strike_P","Strike_P","Strike_P+1","Strike_P","Defend_P","Defend_P","Defend_P","Defend_P","Eruption","Vigilance","InnerPeace+1","Crescendo+1","ThirdEye","Conclude","EmptyFist","Evaluate","Evaluate","Devotion"],"relics":["HolyWater","NeowsBlessing","Dead Branch","Blood Vial","Bag of Marbles"],"acts_visited":["Exordium","TheCity"],"potions_floor_usage":[],"damage_taken":[{"damage":0.0,"enemies":"Jaw Worm","floor":1.0,"turns":1.0},{"damage":0.0,"enemies":"2 Louse","floor":7.0,"turns":1.0},{"damage":0.0,"enemies":"Small Slimes","floor":10.0,"turns":2.0},{"damage":28.0,"enemies":"3 Sentries","floor":11.0,"turns":5.0},{"damage":16.0,"enemies":"Exordium Wildlife","floor":13.0,"turns":4.0},{"damage":0.0,"enemies":"Gremlin Gang","floor":14.0,"turns":2.0},{"damage":17.0,"enemies":"The Guardian","floor":16.0,"turns":11.0},{"damage":24,"enemies":"Shell Parasite","floor":18,"turns":5}],"seed_played":"5732953257720648381","potions_obtained":[{"floor":1.0,"key":"EssenceOfSteel"},{"floor":7.0,"key":"EssenceOfSteel"}],"is_trial":false,"path_per_floor":["M","?","?","$","?","R","M","R","T","M","E","R","M","M","R","B",null,"M"],"character_chosen":"WATCHER","items_purchased":["Crescendo","Blood Vial"],"campfire_rested":2,"item_purchase_floors":[4,4],"current_hp_per_floor":[72,72,60,60,46,46,48,48,48,50,24,45,31,33,54,39,72,48,48],"gold":234,"neow_bonus":"THREE_ENEMY_KILL","is_daily":false,"chose_seed":false,"campfire_upgraded":1,"win_rate":0.0,"timestamp":1613306564,"path_taken":["M","?","?","$","?","R","M","R","T","M","E","R","M","?","R","BOSS","M"],"items_purchased_type":["Card","Relic"],"build_version":"2020-12-22","purchased_purges":1,"victory":false,"max_hp_per_floor":[72,72,72,72,72,72,72,72,72,72,72,72,72,72,72,72,72,72,72],"card_choices":[{"not_picked":["Swivel","Prostrate"],"picked":"InnerPeace","floor":1.0},{"not_picked":["Prostrate","JustLucky"],"picked":"ThirdEye","floor":7.0},{"not_picked":["JustLucky","Consecrate"],"picked":"Conclude","floor":10.0},{"not_picked":["ThirdEye","WaveOfTheHand"],"picked":"EmptyFist","floor":11.0},{"not_picked":["MasterReality","Adaptation"],"picked":"Evaluate","floor":13.0},{"not_picked":["Pray","Study"],"picked":"Evaluate","floor":14.0},{"not_picked":["DeusExMachina","Brilliance"],"picked":"Devotion","floor":16.0}],"player_experience":220042,"relics_obtained":[{"floor":11.0,"key":"Bag of Marbles"}],"event_choices":[{"damage_healed":0.0,"max_hp_gain":0.0,"max_hp_loss":0.0,"gold_gain":175.0,"event_name":"Liars Game","player_choice":"AGREE","floor":2.0,"gold_loss":0.0,"damage_taken":0.0,"cards_obtained":["Doubt"]},{"damage_healed":0.0,"max_hp_gain":0.0,"max_hp_loss":0.0,"gold_gain":0.0,"event_name":"Scrap Ooze","player_choice":"Success","floor":3.0,"gold_loss":0.0,"damage_taken":12.0,"relics_obtained":["Dead Branch"]},{"damage_healed":0.0,"max_hp_gain":0.0,"max_hp_loss":0.0,"gold_gain":0.0,"event_name":"Shining Light","player_choice":"Entered Light","floor":5.0,"gold_loss":0.0,"damage_taken":14.0,"cards_upgraded":["Strike_P","InnerPeace"]}],"is_beta":false,"boss_relics":[{"not_picked":["Tiny House","Runic Dome"],"picked":"HolyWater"}],"items_purged_floors":[4],"is_endless":false,"potions_floor_spawned":[1,7],"killed_by":"Shell Parasite","ascension_level":0}}