{"host":"r6lqs70fdfl5jnjl","time":1613297495,"event":{"mods":["Act Like it!","BaseMod","Minty Spire (QoL Compilation)","StSLib"],"gold_per_floor":[114,114,114,114,127,127,144,144,170,198,198,212,241,241,241,241,241],"floor_reached":16,"language":"ZHS","playtime":665,"items_purged":[],"score":108,"play_id":"3bf5ee4e-0db4-4598-9fac-d76b65a3f62d","local_time":"20210214181135","is_ascension_mode":false,"campfire_choices":[{"floor":6.0,"key":"RECALL"},{"data":"Armaments","floor":8.0,"key":"SMITH"},{"floor":11.0,"key":"REST"},{"floor":15,"key":"REST"}],"circlet_count":0,"master_deck":["Strike_R","Strike_R","Strike_R","Defend_R","Defend_R","Defend_R+1","Defend_R","Bash+1","Flash of Steel","Shockwave","Armaments+1","Warcry","True Grit"],"relics":["Burning Blood","Juzu Bracelet","Toy Ornithopter","Lantern"],"acts_visited":["Exordium"],"potions_floor_usage":[13,13,16],"damage_taken":[{"damage":2.0,"enemies":"Small Slimes","floor":1.0,"turns":3.0},{"damage":4.0,"enemies":"2 Louse","floor":5.0,"turns":3.0},{"damage":4.0,"enemies":"Cultist","floor":7.0,"turns":3.0},{"damage":28.0,"enemies":"Gremlin Nob","floor":10.0,"turns":4.0},{"damage":16.0,"enemies":"3 Louse","floor":12.0,"turns":5.0},{"damage":28,"enemies":"Lagavulin","floor":13,"turns":5},{"damage":43,"enemies":"Hexaghost","floor":16,"turns":11}],"seed_played":"3079392672334265808","potions_obtained":[{"floor":1.0,"key":"Fire Potion"},{"floor":5.0,"key":"Weak Potion"},{"floor":10.0,"key":"SkillPotion"}],"is_trial":false,"path_per_floor":["M","?","?","?","M","R","M","R","T","E","R","M","E","?","R","B"],"character_chosen":"IRONCLAD","items_purchased":[],"campfire_rested":2,"item_purchase_floors":[],"current_hp_per_floor":[80,47,47,31,33,33,35,35,35,13,37,27,15,8,32,0,0],"gold":241,"neow_bonus":"REMOVE_CARD","is_daily":false,"chose_seed":false,"campfire_upgraded":1,"win_rate":0.0,"timestamp":1613297495,"path_taken":["M","?","?","?","M","R","M","R","T","E","R","M","E","?","R","BOSS"],"items_purchased_type":[],"build_version":"2020-12-22","purchased_purges":0,"victory":false,"max_hp_per_floor":[80,80,80,80,80,80,80,80,80,80,80,80,80,80,80,80,80],"card_choices":[{"not_picked":["Burning Pact","Spot Weakness","Cleave"],"picked":"SKIP","floor":1.0},{"not_picked":["Carnage","Sword Boomerang"],"picked":"Shockwave","floor":5.0},{"not_picked":["Iron Wave","Sword Boomerang"],"picked":"Armaments","floor":7.0},{"not_picked":["Thunderclap","Wild Strike"],"picked":"Warcry","floor":10.0},{"not_picked":["Dark Embrace","Cleave"],"picked":"True Grit","floor":12.0},{"not_picked":["Anger","Immolate","Wild Strike"],"picked":"SKIP","floor":13}],"player_experience":31872,"relics_obtained":[{"floor":10.0,"key":"Toy Ornithopter"},{"floor":13,"key":"Lantern"}],"event_choices":[{"damage_healed":0.0,"max_hp_gain":0.0,"max_hp_loss":0.0,"gold_gain":0.0,"event_name":"Scrap Ooze","player_choice":"Success","floor":2.0,"gold_loss":0.0,"damage_taken":33.0,"relics_obtained":["Juzu Bracelet"]},{"damage_healed":0.0,"max_hp_gain":0.0,"max_hp_loss":0.0,"gold_gain":0.0,"event_name":"Match and Keep!","player_choice":"1 cards matched","floor":3.0,"gold_loss":0.0,"damage_taken":0.0,"cards_obtained":["Flash of Steel"]},{"damage_healed":0.0,"max_hp_gain":0.0,"max_hp_loss":0.0,"gold_gain":0.0,"event_name":"Shining Light","player_choice":"Entered Light","floor":4.0,"gold_loss":0.0,"damage_taken":16.0,"cards_upgraded":["Bash","Defend_R"]},{"cards_removed":["Strike_R"],"damage_healed":0,"gold_gain":0,"player_choice":"Card Removal","damage_taken":7,"max_hp_gain":0,"max_hp_loss":0,"event_name":"Golden Wing","floor":14,"gold_loss":0}],"is_beta":false,"boss_relics":[],"items_purged_floors":[],"is_endless":false,"potions_floor_spawned":[1,5,10],"killed_by":"Hexaghost","ascension_level":0}}