{"host":"86nc795wsqxyrbm0","time":1613267967,"event":{"mods":["AchievementEnabler","BaseMod","Colored Map","Minty Spire (QoL Compilation)","StSLib"],"gold_per_floor":[109,109,128,139,35,35,64,64,89,104,104,117,145,155,155,231,231,249,261,278,303,317,348,348,360,386,386,404,354,378,413,413,413,413],"floor_reached":33,"language":"ENG","playtime":2149,"items_purged":["Strike_R"],"score":661,"play_id":"9aa6145a-7936-4fbc-8b32-d8b249b2b877","local_time":"20210214015927","is_ascension_mode":true,"campfire_choices":[{"data":"Rage","floor":6,"key":"SMITH"},{"floor":15,"key":"REST"},{"data":"True Grit","floor":24,"key":"SMITH"},{"floor":32,"key":"REST"}],"circlet_count":0,"master_deck":["AscendersBane","Strike_R","Strike_R","Strike_R","Defend_R","Defend_R","Defend_R","Defend_R","Bash","Cleave","Flex","Rage+1","Twin Strike","Shrug It Off","Feed+1","Juggernaut","Clothesline+1","True Grit+1","Sword Boomerang+1","Heavy Blade+1","Perfected Strike+1","True Grit+1","Pommel Strike+1","Disarm"],"relics":["Burning Blood","Red Skull","Nunchaku","Molten Egg 2","PreservedInsect","Snecko Eye","Smiling Mask","InkBottle","Strawberry","MealTicket","Pear"],"acts_visited":["Exordium","TheCity"],"potions_floor_usage":[12,13,19,23,31],"damage_taken":[{"damage":3,"enemies":"Jaw Worm","floor":1,"turns":5},{"damage":5,"enemies":"Cultist","floor":3,"turns":5},{"damage":10,"enemies":"Small Slimes","floor":4,"turns":5},{"damage":25,"enemies":"3 Sentries","floor":7,"turns":9},{"damage":38,"enemies":"Gremlin Gang","floor":10,"turns":5},{"damage":14,"enemies":"Red Slaver","floor":12,"turns":3},{"damage":17,"enemies":"Lagavulin","floor":13,"turns":6},{"damage":6,"enemies":"Looter","floor":14,"turns":3},{"damage":30,"enemies":"The Guardian","floor":16,"turns":12},{"damage":2,"enemies":"Chosen","floor":18,"turns":4},{"damage":0,"enemies":"Spheric Guardian","floor":19,"turns":3},{"damage":20,"enemies":"Snecko","floor":20,"turns":4},{"damage":34,"enemies":"Centurion and Healer","floor":22,"turns":8},{"damage":0,"enemies":"Gremlin Leader","floor":23,"turns":3},{"damage":21,"enemies":"Shelled Parasite and Fungi","floor":25,"turns":3},{"damage":3,"enemies":"Chosen and Byrds","floor":28,"turns":3},{"damage":0,"enemies":"Slavers","floor":31,"turns":3},{"damage":118,"enemies":"Automaton","floor":33,"turns":8}],"seed_played":"7427174283380088210","potions_obtained":[{"floor":1,"key":"Ancient Potion"},{"floor":4,"key":"Regen Potion"},{"floor":12,"key":"Weak Potion"},{"floor":14,"key":"BlessingOfTheForge"},{"floor":18,"key":"SteroidPotion"},{"floor":20,"key":"SneckoOil"},{"floor":25,"key":"GamblersBrew"}],"is_trial":false,"path_per_floor":["M","?","M","M","$","R","E","?","T","M","?","M","E","M","R","B",null,"M","M","M","T","M","E","R","M","T","?","M","$","T","E","R","B"],"character_chosen":"IRONCLAD","items_purchased":["Rage","Twin Strike"],"campfire_rested":2,"item_purchase_floors":[5,5],"current_hp_per_floor":[71,76,77,73,73,73,54,54,54,22,22,23,12,12,36,12,63,71,81,67,67,39,45,45,34,41,41,48,48,48,68,103,0,0],"gold":413,"neow_bonus":"REMOVE_CARD","is_daily":false,"chose_seed":false,"campfire_upgraded":2,"win_rate":0.0,"timestamp":1613267967,"path_taken":["M","?","M","M","$","R","E","?","T","?","?","M","E","?","R","BOSS","M","M","M","?","M","E","R","M","T","?","?","$","?","E","R","BOSS"],"items_purchased_type":["Card","Card"],"build_version":"2020-12-22","purchased_purges":1,"victory":false,"max_hp_per_floor":[75,80,80,80,80,80,80,80,80,80,80,80,80,80,80,80,80,84,88,88,88,88,88,88,92,99,99,103,103,103,117,117,117,117],"card_choices":[{"not_picked":["Feel No Pain","Wild Strike","Bloodletting"],"picked":"SKIP","floor":1},{"not_picked":["Evolve","Metallicize"],"picked":"Cleave","floor":3},{"not_picked":["Anger","Power Through"],"picked":"Flex","floor":4},{"not_picked":["Clash","Feel No Pain","Evolve"],"picked":"SKIP","floor":7},{"not_picked":["Second Wind","Evolve","Warcry"],"picked":"SKIP","floor":10},{"not_picked":["Armaments","Wild Strike+1","Clash+1"],"picked":"SKIP","floor":12},{"not_picked":["Twin Strike+1","Burning Pact"],"picked":"Shrug It Off","floor":13},{"not_picked":["Flex","Clothesline+1"],"picked":"Feed+1","floor":14},{"not_picked":["Impervious","Corruption"],"picked":"Juggernaut","floor":16},{"not_picked":["Dark Embrace","Feel No Pain"],"picked":"Clothesline+1","floor":18},{"not_picked":["Shockwave","Wild Strike+1"],"picked":"True Grit","floor":19},{"not_picked":["Armaments","Rupture"],"picked":"Sword Boomerang+1","floor":20},{"not_picked":["Clash+1","Flex+1"],"picked":"Heavy Blade+1","floor":22},{"not_picked":["Cleave+1","Feel No Pain"],"picked":"Perfected Strike+1","floor":23},{"not_picked":["Berserk","Power Through+1","Feel No Pain"],"picked":"SKIP","floor":25},{"not_picked":["Heavy Blade+1","Cleave+1"],"picked":"Pommel Strike+1","floor":28},{"not_picked":["Metallicize","Dual Wield"],"picked":"Disarm","floor":31}],"player_experience":568966,"relics_obtained":[{"floor":7,"key":"Red Skull"},{"floor":9,"key":"Nunchaku"},{"floor":13,"key":"PreservedInsect"},{"floor":21,"key":"Smiling Mask"},{"floor":23,"key":"InkBottle"},{"floor":26,"key":"Strawberry"},{"floor":30,"key":"MealTicket"},{"floor":31,"key":"Pear"}],"event_choices":[{"damage_healed":0,"gold_gain":0,"player_choice":"Donut","damage_taken":0,"max_hp_gain":5,"max_hp_loss":0,"event_name":"Big Fish","floor":2,"gold_loss":0},{"damage_healed":0,"gold_gain":0,"player_choice":"0 cards matched","damage_taken":0,"max_hp_gain":0,"max_hp_loss":0,"event_name":"Match and Keep!","floor":8,"gold_loss":0,"cards_obtained":[]},{"damage_healed":0,"gold_gain":0,"player_choice":"Gave Potion","damage_taken":0,"relics_obtained":["Molten Egg 2"],"max_hp_gain":0,"max_hp_loss":0,"event_name":"WeMeetAgain","floor":11,"gold_loss":0},{"damage_healed":0,"gold_gain":0,"player_choice":"Copied","damage_taken":0,"max_hp_gain":0,"max_hp_loss":0,"event_name":"Duplicator","floor":27,"gold_loss":0,"cards_obtained":["True Grit"]}],"is_beta":false,"boss_relics":[{"not_picked":["Coffee Dripper","Tiny House"],"picked":"Snecko Eye"}],"items_purged_floors":[29],"is_endless":false,"potions_floor_spawned":[1,4,12,14,18,20,25,28],"killed_by":"Automaton","ascension_level":15}}