{"host":"zwezhz46a5cjkxff","time":1613288258,"event":{"mods":["AchievementEnabler","BaseMod","Colored Map","Colored Powertips","DeckTracker","Minty Spire (QoL Compilation)","Permanent Neow","Quick Restart","Rare Cards Sparkle","Relic Stats","StSLib","SuperFastMode"],"gold_per_floor":[19,19,19,19,37,75,75,110,110,135,135,159,194,210,210,340,340,361,361,382,54,75,109,125,43,43,57,57,57,91,6,6,6,6],"floor_reached":33,"language":"ENG","playtime":1041,"items_purged":["Pain"],"score":363,"play_id":"3ecead60-41ae-46fa-9880-e22b5375380c","local_time":"20210214013738","is_ascension_mode":true,"campfire_choices":[{"floor":7,"key":"RECALL"},{"floor":11,"key":"REST"},{"data":"Rainbow","floor":15,"key":"SMITH"},{"data":"Dualcast","floor":29,"key":"SMITH"},{"floor":32,"key":"REST"}],"circlet_count":0,"master_deck":["Strike_B","Strike_B","Strike_B","Strike_B","Defend_B","Defend_B","Defend_B","Zap","Dualcast+1","FTL","Cold Snap","Steam","Rainbow+1","Seek","Coolheaded+1","FTL","Streamline","Dramatic Entrance","Beam Cell"],"relics":["Cracked Core","FossilizedHelix","Golden Idol","Torii","Dream Catcher","Kunai","DataDisk","Sozu","WarpedTongs","InkBottle","Orichalcum","Juzu Bracelet","Smiling Mask"],"acts_visited":["Exordium","TheCity"],"potions_floor_usage":[8,13,13],"damage_taken":[{"damage":7,"enemies":"2 Louse","floor":1,"turns":3},{"damage":0,"enemies":"Jaw Worm","floor":5,"turns":2},{"damage":20,"enemies":"Gremlin Nob","floor":6,"turns":4},{"damage":7,"enemies":"3 Sentries","floor":8,"turns":4},{"damage":0,"enemies":"Cultist","floor":10,"turns":3},{"damage":0,"enemies":"Large Slime","floor":12,"turns":5},{"damage":0,"enemies":"Gremlin Nob","floor":13,"turns":3},{"damage":2,"enemies":"Lots of Slimes","floor":14,"turns":2},{"damage":2,"enemies":"Slime Boss","floor":16,"turns":10},{"damage":0,"enemies":"Spheric Guardian","floor":18,"turns":3},{"damage":1,"enemies":"3 Byrds","floor":20,"turns":3},{"damage":0,"enemies":"Snake Plant","floor":22,"turns":3},{"damage":43,"enemies":"Gremlin Leader","floor":23,"turns":9},{"damage":0,"enemies":"Centurion and Healer","floor":24,"turns":9},{"damage":0,"enemies":"Snecko","floor":27,"turns":4},{"damage":16,"enemies":"Book of Stabbing","floor":30,"turns":5},{"damage":48,"enemies":"Collector","floor":33,"turns":7}],"seed_played":"8859467310672307916","potions_obtained":[{"floor":1,"key":"Ancient Potion"},{"floor":6,"key":"EssenceOfDarkness"},{"floor":8,"key":"BlessingOfTheForge"},{"floor":12,"key":"AttackPotion"}],"is_trial":false,"path_per_floor":["M","?","?","$","M","E","R","E","T","M","R","M","E","M","R","B",null,"M","?","M","$","M","E","M","$","T","M","$","R","E","?","R","B"],"character_chosen":"DEFECT","items_purchased":["InkBottle","Dramatic Entrance"],"campfire_rested":2,"item_purchase_floors":[21,25],"current_hp_per_floor":[68,50,50,50,50,30,30,23,23,23,45,45,45,43,43,41,75,75,75,74,74,74,31,31,31,31,31,31,31,15,15,37,0,0],"gold":6,"neow_bonus":"ONE_RARE_RELIC","is_daily":false,"chose_seed":false,"campfire_upgraded":2,"win_rate":0.0,"timestamp":1613288258,"path_taken":["M","?","?","$","M","E","R","E","T","M","R","?","E","M","R","BOSS","M","?","M","$","M","E","M","$","T","?","$","R","E","?","R","BOSS"],"items_purchased_type":["Relic","Card"],"build_version":"2020-12-22","purchased_purges":1,"victory":false,"max_hp_per_floor":[75,75,75,75,75,75,75,75,75,75,75,75,75,75,75,75,75,75,75,75,75,75,75,75,75,75,75,75,75,75,75,75,75,75],"relic_stats":{"Sozu":3,"Dream Catcher":2,"Torii":14,"counters":[17,79],"Golden Idol":97,"Juzu Bracelet":0,"Kunai":[19],"Orichalcum":[18],"Smiling Mask":0,"obtain_stats":[{"Torii":6,"Golden Idol":2,"Juzu Bracelet":30,"Orichalcum":23,"Smiling Mask":31,"WarpedTongs":19,"Sozu":17,"Dream Catcher":8,"DataDisk":13,"Kunai":9,"Cracked Core":0,"FossilizedHelix":0,"InkBottle":21},{"Torii":3,"Golden Idol":1,"Juzu Bracelet":16,"Orichalcum":13,"Smiling Mask":16,"WarpedTongs":10,"Sozu":9,"Dream Catcher":4,"DataDisk":7,"Kunai":4,"Cracked Core":0,"FossilizedHelix":0,"InkBottle":11},{"Torii":9,"Golden Idol":3,"Juzu Bracelet":72,"Orichalcum":54,"Smiling Mask":72,"WarpedTongs":39,"Sozu":36,"Dream Catcher":13,"DataDisk":24,"Kunai":13,"Cracked Core":0,"FossilizedHelix":0,"InkBottle":42}],"InkBottle":[17],"WarpedTongs":[39]},"card_choices":[{"not_picked":["Beam Cell","Melter"],"picked":"FTL","floor":1},{"not_picked":["Stack","Steam Power","Tempest"],"picked":"SKIP","floor":5},{"not_picked":["Hologram","Tempest"],"picked":"Cold Snap","floor":6},{"not_picked":["Sunder","Ball Lightning"],"picked":"Steam","floor":8},{"not_picked":["Turbo","Rip and Tear","Redo"],"picked":"SKIP","floor":10},{"not_picked":["Steam","Steam Power"],"picked":"Rainbow","floor":11},{"not_picked":["Auto Shields","Darkness","Redo"],"picked":"SKIP","floor":12},{"not_picked":["Recycle","Force Field","Chaos"],"picked":"SKIP","floor":13},{"not_picked":["Ball Lightning","Melter","Gash"],"picked":"SKIP","floor":14},{"not_picked":["Creative AI","Thunder Strike"],"picked":"Seek","floor":16},{"not_picked":["Aggregate+1","Rebound"],"picked":"Coolheaded+1","floor":18},{"not_picked":["Barrage","Aggregate","Turbo"],"picked":"SKIP","floor":20},{"not_picked":["Scrape+1","Aggregate","Sweeping Beam"],"picked":"SKIP","floor":22},{"not_picked":["Gash","Hologram"],"picked":"FTL","floor":23},{"not_picked":["Reinforced Body","Leap"],"picked":"Streamline","floor":24},{"not_picked":["All For One","Cold Snap+1"],"picked":"Beam Cell","floor":27},{"not_picked":["Gash","Coolheaded","Barrage"],"picked":"SKIP","floor":30}],"player_experience":108762,"relics_obtained":[{"floor":6,"key":"Torii"},{"floor":8,"key":"Dream Catcher"},{"floor":9,"key":"Kunai"},{"floor":13,"key":"DataDisk"},{"floor":23,"key":"Orichalcum"},{"floor":30,"key":"Juzu Bracelet"}],"event_choices":[{"damage_healed":0,"gold_gain":0,"player_choice":"Take Damage","damage_taken":18,"relics_obtained":["Golden Idol"],"max_hp_gain":0,"max_hp_loss":0,"event_name":"Golden Idol","floor":2,"gold_loss":0},{"cards_removed":["Defend_B"],"damage_healed":0,"gold_gain":0,"player_choice":"Purged","damage_taken":0,"max_hp_gain":0,"max_hp_loss":0,"event_name":"Purifier","floor":3,"gold_loss":0},{"damage_healed":0,"gold_gain":0,"player_choice":"Rummage","damage_taken":0,"relics_obtained":["WarpedTongs"],"max_hp_gain":0,"max_hp_loss":0,"event_name":"Accursed Blacksmith","floor":19,"gold_loss":0,"cards_obtained":["Pain"]},{"damage_healed":0,"gold_gain":0,"player_choice":"Obtained Relic","damage_taken":0,"relics_obtained":["Smiling Mask"],"max_hp_gain":0,"max_hp_loss":0,"event_name":"Addict","floor":31,"gold_loss":85}],"is_beta":false,"boss_relics":[{"not_picked":["Black Star","Runic Dome"],"picked":"Sozu"}],"items_purged_floors":[21],"is_endless":false,"potions_floor_spawned":[1,6,8,12,22,27,30],"killed_by":"Collector","ascension_level":2}}