{"host":"hrn9sk6g3e0vcjdq","time":1613339424,"event":{"mods":["AchievementEnabler","BaseMod","BetterRewards","Colored Map","Colored Powertips","Hubris","Minty Spire (QoL Compilation)","Quick Restart","StSLib"],"gold_per_floor":[109,122,122,22,22,55,55,155,182,201,201,237,261,261,261,392,392,407,55,55,55,79,79,119,119,119,119,44,0,23,46,46,46,46],"floor_reached":33,"language":"ENG","playtime":1033,"items_purged":["Strike_G","Regret","Defend_G"],"score":547,"play_id":"657a9763-2589-41fc-a507-50e15f4178e4","local_time":"20210214215024","is_ascension_mode":true,"campfire_choices":[{"floor":7.0,"key":"REST"},{"data":"Noxious Fumes","floor":11.0,"key":"SMITH"},{"floor":15,"key":"REST"},{"data":"Survivor","floor":23,"key":"SMITH"},{"floor":27,"key":"REST"},{"floor":32,"key":"REST"}],"circlet_count":0,"master_deck":["Strike_G","Strike_G","Defend_G","Defend_G","Defend_G","Defend_G","Survivor+1","Neutralize","Noxious Fumes+1","Deadly Poison","Bouncing Flask","Backstab","Dagger Throw","Terror","Dodge and Roll","Footwork+1","Deflect","Noxious Fumes+1","After Image+1","Well Laid Plans+1","Caltrops+1","Dash+1","Corpse Explosion","Footwork+1"],"relics":["Ring of the Snake","Orrery","Blood Vial","hubris:SlimyHat","Golden Idol","Frozen Egg 2","Lantern","Snake Skull","Empty Cage","Anchor","Potion Belt","Strawberry"],"acts_visited":["Exordium","TheCity"],"potions_floor_usage":[12,16,24,30,33,33],"damage_taken":[{"damage":8.0,"enemies":"Jaw Worm","floor":1.0,"turns":3.0},{"damage":0.0,"enemies":"Small Slimes","floor":2.0,"turns":3.0},{"damage":30.0,"enemies":"Gremlin Nob","floor":6.0,"turns":4.0},{"damage":0.0,"enemies":"Cultist","floor":10.0,"turns":2.0},{"damage":18,"enemies":"Lagavulin","floor":12,"turns":5},{"damage":4,"enemies":"Large Slime","floor":13,"turns":5},{"damage":0,"enemies":"Hexaghost","floor":16,"turns":7},{"damage":0,"enemies":"Chosen","floor":18,"turns":5},{"damage":0,"enemies":"Shell Parasite","floor":22,"turns":6},{"damage":28,"enemies":"Gremlin Leader","floor":24,"turns":7},{"damage":32,"enemies":"Cultist and Chosen","floor":30,"turns":7},{"damage":26,"enemies":"Sentry and Sphere","floor":31,"turns":6},{"damage":45,"enemies":"Collector","floor":33,"turns":3}],"seed_played":"-5462402278567256026","potions_obtained":[{"floor":6.0,"key":"FearPotion"},{"floor":12,"key":"GhostInAJar"},{"floor":16,"key":"Dexterity Potion"},{"floor":24,"key":"SpeedPotion"},{"floor":25,"key":"Regen Potion"},{"floor":25,"key":"DuplicationPotion"},{"floor":25,"key":"SpeedPotion"},{"floor":30,"key":"ColorlessPotion"}],"is_trial":false,"path_per_floor":["M","M","?","$","?","E","R","?","T","M","R","E","M","?","R","B",null,"M","$","?","?","M","R","E","?","T","R","$","?","M","M","R","B"],"character_chosen":"THE_SILENT","items_purchased":["Noxious Fumes","Deadly Poison","Orrery","Blood Vial","Anchor","Caltrops+1","Footwork+1"],"campfire_rested":4,"item_purchase_floors":[0,0,0,0,19,19,28],"current_hp_per_floor":[57,59,59,59,59,31,50,50,50,52,52,36,34,34,53,55,63,65,65,65,65,65,65,37,37,44,65,65,65,44,20,41,0,0],"gold":46,"neow_bonus":"","is_daily":false,"chose_seed":false,"campfire_upgraded":2,"win_rate":0.0,"timestamp":1613339424,"path_taken":["M","M","?","$","?","E","R","?","T","M","R","E","?","?","R","BOSS","M","$","?","?","?","R","E","?","T","R","?","?","M","M","R","BOSS"],"items_purchased_type":["Card","Card","Relic","Relic","Relic","Card","Card"],"build_version":"2020-12-22","purchased_purges":3,"victory":false,"max_hp_per_floor":[70,70,70,70,65,65,65,65,65,65,65,65,65,65,65,65,65,65,65,65,65,65,65,65,65,72,72,72,72,72,72,72,72,72],"card_choices":[{"not_picked":["hubris:SlightOfHand","Masterful Stab"],"picked":"Bouncing Flask","floor":0.0},{"not_picked":["hubris:SlightOfHand","Outmaneuver"],"picked":"Backstab","floor":0.0},{"not_picked":["Cloak And Dagger","Outmaneuver"],"picked":"Dagger Throw","floor":0.0},{"not_picked":["Slice","Storm of Steel"],"picked":"Terror","floor":0.0},{"not_picked":["Eviscerate","Blade Dance"],"picked":"Dodge and Roll","floor":0.0},{"not_picked":["Eviscerate","Acrobatics","All Out Attack"],"picked":"SKIP","floor":1.0},{"not_picked":["Dagger Throw","Deadly Poison"],"picked":"Footwork","floor":2.0},{"not_picked":["Skewer","hubris:SlightOfHand"],"picked":"Deflect","floor":6.0},{"not_picked":["Phantasmal Killer","Outmaneuver","Escape Plan"],"picked":"SKIP","floor":10.0},{"not_picked":["Deadly Poison","Dagger Throw","Flying Knee"],"picked":"SKIP","floor":12},{"not_picked":["Blade Dance","Underhanded Strike"],"picked":"Noxious Fumes+1","floor":13},{"not_picked":["Doppelganger","Venomology"],"picked":"After Image+1","floor":16},{"not_picked":["Prepared","Deflect"],"picked":"Well Laid Plans+1","floor":18},{"not_picked":["Sucker Punch","Acrobatics","Well Laid Plans+1"],"picked":"SKIP","floor":22},{"not_picked":["Slice","Outmaneuver"],"picked":"Corpse Explosion","floor":24},{"not_picked":["hubris:SlightOfHand","Flying Knee+1","Bane"],"picked":"SKIP","floor":30},{"not_picked":["Acrobatics","Blade Dance","Predator+1"],"picked":"SKIP","floor":31}],"player_experience":637063,"relics_obtained":[{"floor":6.0,"key":"Frozen Egg 2"},{"floor":9.0,"key":"Lantern"},{"floor":12,"key":"Snake Skull"},{"floor":24,"key":"Potion Belt"},{"floor":26,"key":"Strawberry"}],"event_choices":[{"damage_healed":0.0,"max_hp_gain":0.0,"max_hp_loss":0.0,"gold_gain":0.0,"event_name":"Big Fish","player_choice":"Box","floor":3.0,"gold_loss":0.0,"damage_taken":0.0,"relics_obtained":["hubris:SlimyHat"],"cards_obtained":["Regret"]},{"damage_healed":0.0,"max_hp_gain":0.0,"max_hp_loss":5.0,"gold_gain":0.0,"event_name":"Golden Idol","player_choice":"Lose Max HP","floor":5.0,"gold_loss":0.0,"damage_taken":0.0,"relics_obtained":["Golden Idol"]},{"damage_healed":0.0,"max_hp_gain":0.0,"max_hp_loss":0.0,"gold_gain":100.0,"event_name":"Golden Shrine","player_choice":"Pray","floor":8.0,"gold_loss":0.0,"damage_taken":0.0},{"damage_healed":0,"gold_gain":0,"player_choice":"Read","damage_taken":0,"max_hp_gain":0,"max_hp_loss":0,"event_name":"The Library","floor":20,"gold_loss":0,"cards_obtained":["Dash"]},{"damage_healed":0,"gold_gain":0,"player_choice":"Forge","damage_taken":0,"max_hp_gain":0,"max_hp_loss":0,"event_name":"Accursed Blacksmith","floor":21,"gold_loss":0,"cards_upgraded":["Dash"]},{"damage_healed":0,"gold_gain":0,"player_choice":"Got Potions","damage_taken":0,"max_hp_gain":0,"max_hp_loss":0,"event_name":"Lab","floor":25,"gold_loss":0},{"damage_healed":0,"gold_gain":0,"player_choice":"Paid Fearfully","damage_taken":0,"max_hp_gain":0,"max_hp_loss":0,"event_name":"Masked Bandits","floor":29,"gold_loss":44}],"is_beta":false,"boss_relics":[{"not_picked":["HoveringKite","SacredBark"],"picked":"Empty Cage"}],"items_purged_floors":[0,4,19],"is_endless":false,"potions_floor_spawned":[6,12,16,24,30],"killed_by":"Collector","ascension_level":6}}