{"host":"mu5qkq7030l6349q","time":1613341130,"event":{"mods":["AchievementEnabler","BaseMod","Colored Powertips","Downfall","Highlight Path","Minty Spire (QoL Compilation)","Permanent Neow","Rare Cards Sparkle","StSLib"],"gold_per_floor":[111,111,126,141,160,160,187,187,213,163,163,189,189,36,36,137,137,150,166,10,310,325,359,375,401,401,401,433,433,40,50,50,150,150,170,221,221,221,18,50,50,75,75,75,92,126,142,154,154,154],"floor_reached":51,"language":"ENG","playtime":3079,"items_purged":["Strike_B","Writhe"],"score":951,"play_id":"0aea0d60-45b6-4408-b01b-3c904486791c","local_time":"20210214231850","is_ascension_mode":false,"campfire_choices":[{"data":"Zap","floor":6.0,"key":"SMITH"},{"data":"Genetic Algorithm","floor":8.0,"key":"SMITH"},{"data":"White Noise","floor":15.0,"key":"SMITH"},{"data":"Electrodynamics","floor":27.0,"key":"SMITH"},{"data":"Machine Learning","floor":32.0,"key":"SMITH"},{"data":"Fusion","floor":44.0,"key":"SMITH"},{"data":"Seek","floor":49.0,"key":"SMITH"}],"circlet_count":0,"master_deck":["Defend_B","Defend_B","Zap+1","Dualcast","Leap","Ball Lightning","Genetic Algorithm+1","White Noise+1","Seek+1","Go for the Eyes+1","Sweeping Beam+1","Capacitor","CurseOfTheBell","CurseOfTheBell","Biased Cognition","Electrodynamics+1","Machine Learning+1","Capacitor","Echo Form","Skim+1","Steam+1","Darkness+1","Ball Lightning+1","Sadistic Nature","Deep Breath","Impatience","Echo Form","Fusion+1","Echo Form"],"relics":["Cracked Core","FossilizedHelix","Ancient Tea Set","Pen Nib","Nunchaku","Pear","Unceasing Top","Potion Belt","SlaversCollar","downfall:ExtraCursedBell","Anchor","Molten Egg 2","Old Coin","Whetstone","WingedGreaves","Mummified Hand","Blood Vial","Oddly Smooth Stone","Astrolabe","Bird Faced Urn","Incense Burner","TungstenRod","Darkstone Periapt","PreservedInsect"],"acts_visited":["Exordium","TheCity","TheBeyond"],"potions_floor_usage":[50,50,50,50],"damage_taken":[{"damage":6.0,"enemies":"2 Louse","floor":1.0,"turns":3.0},{"damage":0.0,"enemies":"Cultist","floor":3.0,"turns":3.0},{"damage":0.0,"enemies":"Jaw Worm","floor":4.0,"turns":3.0},{"damage":0.0,"enemies":"Exordium Wildlife","floor":5.0,"turns":4.0},{"damage":0.0,"enemies":"Gremlin Nob","floor":7.0,"turns":4.0},{"damage":18.0,"enemies":"Lagavulin","floor":12.0,"turns":6.0},{"damage":1.0,"enemies":"Slime Boss","floor":16.0,"turns":7.0},{"damage":0.0,"enemies":"Chosen","floor":18.0,"turns":5.0},{"damage":22.0,"enemies":"3 Byrds","floor":19.0,"turns":5.0},{"damage":13.0,"enemies":"Shelled Parasite and Fungi","floor":22.0,"turns":8.0},{"damage":0.0,"enemies":"Slavers","floor":23.0,"turns":2.0},{"damage":0.0,"enemies":"Centurion and Healer","floor":24.0,"turns":5.0},{"damage":6.0,"enemies":"Gremlin Leader","floor":25.0,"turns":5.0},{"damage":12.0,"enemies":"Book of Stabbing","floor":28.0,"turns":4.0},{"damage":0.0,"enemies":"Snake Plant","floor":31.0,"turns":3.0},{"damage":0.0,"enemies":"Collector","floor":33.0,"turns":7.0},{"damage":0.0,"enemies":"Orb Walker","floor":35.0,"turns":4.0},{"damage":13.0,"enemies":"2 Orb Walkers","floor":36.0,"turns":4.0},{"damage":26.0,"enemies":"Nemesis","floor":40.0,"turns":5.0},{"damage":13.0,"enemies":"Reptomancer","floor":42.0,"turns":5.0},{"damage":0.0,"enemies":"3 Shapes","floor":45.0,"turns":3.0},{"damage":0.0,"enemies":"Giant Head","floor":46.0,"turns":6.0},{"damage":0.0,"enemies":"Maw","floor":47.0,"turns":6.0},{"damage":13.0,"enemies":"4 Shapes","floor":48.0,"turns":4.0},{"damage":48,"enemies":"Time Eater","floor":50,"turns":8}],"seed_played":"-7325279814251058253","potions_obtained":[{"floor":3.0,"key":"LiquidBronze"},{"floor":4.0,"key":"hexamod:SoulburnPotion"},{"floor":12.0,"key":"Ancient Potion"},{"floor":16.0,"key":"GamblersBrew"},{"floor":18.0,"key":"Ancient Potion"},{"floor":22.0,"key":"Fruit Juice"},{"floor":25.0,"key":"Regen Potion"},{"floor":33.0,"key":"SpeedPotion"},{"floor":45.0,"key":"Regen Potion"}],"is_trial":false,"path_per_floor":["M","?","M","M","M","R","E","R","T","?","T","E","?","$","R","B",null,"M","M","$","?","M","E","M","E","T","R","E","?","$","M","R","B",null,"M","?","?","?","$","E","$","E","T","R","M","E","M","M","R","B",null],"character_chosen":"DEFECT","items_purchased":["Potion Belt","Capacitor","Oddly Smooth Stone","Machine Learning","Echo Form","BlessingOfTheForge"],"campfire_rested":0,"item_purchase_floors":[14,20,30,30,39,39],"current_hp_per_floor":[48,48,48,48,48,48,48,48,48,48,58,40,40,40,40,39,85,85,63,63,63,55,55,55,49,49,49,37,37,37,39,39,56,90,90,77,77,67,67,65,65,72,72,72,90,90,90,83,83,64],"gold":154,"neow_bonus":"ONE_RARE_RELIC","is_daily":false,"chose_seed":false,"campfire_upgraded":7,"win_rate":0.0,"timestamp":1613341130,"path_taken":["M","?","?","M","M","R","E","R","T","?","?","E","?","$","R","BOSS","M","M","$","?","M","E","M","E","T","R","E","?","$","M","R","BOSS","M","?","?","?","$","E","?","E","T","R","?","E","M","M","R","BOSS"],"items_purchased_type":["Relic","Card","Relic","Card","Card","Potion"],"build_version":"2020-12-22","purchased_purges":2,"victory":true,"max_hp_per_floor":[75,75,75,75,75,75,75,75,75,75,85,85,85,85,85,85,85,85,85,85,85,90,90,90,90,90,90,90,90,90,90,90,90,90,90,90,90,90,90,90,90,90,90,90,90,90,90,90,90,90],"card_choices":[{"not_picked":["Beam Cell","Rebound"],"picked":"FTL","floor":1.0},{"not_picked":["Coolheaded","Scrape"],"picked":"Leap","floor":3.0},{"not_picked":["Stack","Reinforced Body","Darkness"],"picked":"SKIP","floor":4.0},{"not_picked":["Stack","Leap"],"picked":"Ball Lightning","floor":5.0},{"not_picked":["All For One","Defragment"],"picked":"Genetic Algorithm","floor":7.0},{"not_picked":["Undo","Compile Driver"],"picked":"White Noise","floor":12.0},{"not_picked":["All For One","Reboot"],"picked":"Seek","floor":16.0},{"not_picked":["Hello World","Conserve Battery"],"picked":"Go for the Eyes+1","floor":18.0},{"not_picked":["Steam","Beam Cell"],"picked":"Sweeping Beam+1","floor":19.0},{"not_picked":["Compile Driver+1","Scrape+1"],"picked":"Electrodynamics","floor":22.0},{"not_picked":["Streamline+1","Barrage+1","Leap"],"picked":"SKIP","floor":23.0},{"not_picked":["Double Energy+1","Cold Snap+1","Rip and Tear+1"],"picked":"SKIP","floor":24.0},{"not_picked":["Reinforced Body","Rainbow","Barrage+1"],"picked":"SKIP","floor":25.0},{"not_picked":["Coolheaded+1","Genetic Algorithm","Rebound+1"],"picked":"SKIP","floor":28.0},{"not_picked":["Scrape+1","Lockon+1"],"picked":"Capacitor","floor":31.0},{"not_picked":["Reboot","Thunder Strike+1"],"picked":"Echo Form","floor":33.0},{"not_picked":["Stack+1","Streamline+1","Barrage+1"],"picked":"SKIP","floor":35.0},{"not_picked":["Streamline+1","Leap"],"picked":"Ball Lightning+1","floor":36.0},{"not_picked":["Forethought","Madness"],"picked":"Sadistic Nature","floor":38.0},{"not_picked":["Mind Blast+1","Thinking Ahead"],"picked":"Deep Breath","floor":38.0},{"not_picked":["Sadistic Nature","Forethought"],"picked":"Impatience","floor":38.0},{"not_picked":["Reinforced Body","Stack","Hologram"],"picked":"SKIP","floor":40.0},{"not_picked":["Leap+1","Steam+1"],"picked":"Fusion","floor":42.0},{"not_picked":["Hello World","Coolheaded+1","Hologram+1"],"picked":"SKIP","floor":45.0},{"not_picked":["Hologram+1","Coolheaded+1"],"picked":"Echo Form","floor":46.0},{"not_picked":["Cold Snap+1","Consume","Chill+1"],"picked":"SKIP","floor":47.0},{"not_picked":["Skim+1","Auto Shields","Sweeping Beam+1"],"picked":"SKIP","floor":48.0}],"player_experience":11049,"relics_obtained":[{"floor":7.0,"key":"Pen Nib"},{"floor":9.0,"key":"Nunchaku"},{"floor":11.0,"key":"Pear"},{"floor":12.0,"key":"Unceasing Top"},{"floor":21.0,"key":"Anchor"},{"floor":21.0,"key":"Molten Egg 2"},{"floor":21.0,"key":"Old Coin"},{"floor":23.0,"key":"Whetstone"},{"floor":25.0,"key":"WingedGreaves"},{"floor":26.0,"key":"Mummified Hand"},{"floor":28.0,"key":"Blood Vial"},{"floor":36.0,"key":"Bird Faced Urn"},{"floor":40.0,"key":"Incense Burner"},{"floor":42.0,"key":"TungstenRod"},{"floor":43.0,"key":"Darkstone Periapt"},{"floor":46.0,"key":"PreservedInsect"}],"event_choices":[{"cards_removed":["FTL"],"damage_healed":0.0,"max_hp_gain":0.0,"max_hp_loss":0.0,"gold_gain":0.0,"event_name":"WeMeetAgain","player_choice":"Gave Card","floor":2.0,"gold_loss":0.0,"damage_taken":0.0,"relics_obtained":["Ancient Tea Set"]},{"cards_removed":["Strike_B"],"damage_healed":0.0,"max_hp_gain":0.0,"max_hp_loss":0.0,"gold_gain":0.0,"event_name":"The Cleric","player_choice":"Card Removal","floor":10.0,"gold_loss":50.0,"damage_taken":0.0},{"damage_healed":0.0,"max_hp_gain":0.0,"max_hp_loss":0.0,"gold_gain":0.0,"event_name":"Liars Game","player_choice":"Ignored","floor":13.0,"gold_loss":0.0,"damage_taken":0.0},{"damage_healed":0.0,"max_hp_gain":0.0,"max_hp_loss":0.0,"gold_gain":0.0,"cards_transformed":["Strike_B","Strike_B"],"event_name":"Drug Dealer","player_choice":"Became Test Subject","floor":29.0,"gold_loss":0.0,"damage_taken":0.0,"cards_obtained":["Gash","Chaos"]},{"damage_healed":0.0,"max_hp_gain":0.0,"max_hp_loss":0.0,"gold_gain":0.0,"event_name":"Mysterious Sphere","player_choice":"Fight","floor":36.0,"gold_loss":0.0,"damage_taken":0.0},{"cards_removed":["Defend_B"],"damage_healed":0.0,"max_hp_gain":0.0,"max_hp_loss":0.0,"gold_gain":0.0,"event_name":"Falling","player_choice":"Removed Skill","floor":37.0,"gold_loss":0.0,"damage_taken":0.0},{"damage_healed":0.0,"max_hp_gain":0.0,"max_hp_loss":0.0,"gold_gain":0.0,"event_name":"SensoryStone","player_choice":"Memory 3","floor":38.0,"gold_loss":0.0,"damage_taken":10.0}],"is_beta":false,"boss_relics":[{"not_picked":["Runic Dome","Inserter"],"picked":"SlaversCollar"},{"not_picked":["FrozenCore","Fusion Hammer"],"picked":"Astrolabe"}],"items_purged_floors":[20,30],"is_endless":false,"potions_floor_spawned":[3,4,12,16,18,22,25,33,42,45,48],"ascension_level":0}}