{"host":"a3gu5zu37ht99mpa","time":1613321787,"event":{"mods":["100% Spire Juice","Act Like it!","Arknights","BaseMod","Better Silent Start","BetterRewards","Conspire","Downfall","Energized Spire","GifTheSpireLib","Gold Saver","Halation","Minty Spire (QoL Compilation)","Prisma Mod","Robot Space Explorer","Shop Mod","StSLib","Stuff the Spire","The Servant 0.9.4","Virulent Crown","Wandering Minibosses","yUi"],"gold_per_floor":[634,646,646,646,646,646,646,666,352,370,384,398,411,442,453,558,558,258,258,269,104,116,116,116,135,149,168,194,210,210,48,64,169,169,169,184,184,200,266,282,329,355,355,355,355,375,408,408,421,421,421,451,11,11,11,11,11,11],"floor_reached":56,"language":"ENG","playtime":8334,"items_purged":[],"score":803,"play_id":"b60a8349-b0d1-469a-a578-ab8d1492de4a","local_time":"20210214115627","is_ascension_mode":false,"campfire_choices":[{"floor":1.0,"key":"RECALL"},{"data":"champ:StrikeOfGenius","floor":18.0,"key":"SMITH"},{"data":"wanderingMiniBosses:FinaleOfPromise","floor":23.0,"key":"SMITH"},{"data":"champ:IronFortress","floor":30.0,"key":"SMITH"},{"data":"champ:LastStand","floor":35.0,"key":"SMITH"},{"floor":54.0,"key":"REST"}],"circlet_count":0,"master_deck":["champ:Strike+1","champ:Strike+1","champ:Strike+1","champ:Defend+1","champ:Defend+1","champ:Defend+1","champ:Defend+1","champ:Execute+1","champ:Taunt+1","champ:Backstep+1","champ:FlashCut+1","champ:Shatter+1","champ:StanceDance+1","champ:HeartStrike+1","champ:BringItOn+1","champ:CalledShot+1","champ:SteelEdge+1","champ:BerserkersShout+1","champ:StrikeOfGenius+1","champ:Lariat+1","champ:FanOfKnives+1","wanderingMiniBosses:FinaleOfPromise+1","champ:StanceDance+1","champ:FancyFootwork+1","champ:PreciseThrust+1","champ:FalseCounter+1","champ:IronFortress+1","champ:Endure+1","champ:ShieldWall+1","champ:RisingSlash+1","champ:LastStand+1","champ:CrownThrow+1","champ:EnragedBash+1","champ:RapidStrikes+1","expansioncontent:StudyTheSpire","champ:DefensiveShout","champ:PreciseThrust","champ:GutPunch+1","champ:StanceDance+1","champ:FocusedBerserking+1","champ:ShieldSlam","champ:BerserkersShout+1","champ:FocusedBerserking","Chrysalis"],"relics":["champ:ChampionCrown","halation:EternalFortune","halation:PinkSoulGem","StuffTheSpire:CocoNut","conspire:SpecialSausage","halation:Thesaurus","HornCleat","wanderingMiniBosses:Blackblade","StuffTheSpire:Rhapsscallions","Peace Pipe","PreservedInsect","conspire:SlowCooker","champ:DefensiveTrainingManual","Pear","Mummified Hand","Frozen Egg 2","StuffTheSpire:ForceGauntlet","downfall:TeleportStone","Bag of Preparation","halation:PeacePiece"],"acts_visited":["Exordium","TheCity","TheBeyond","TheEnding"],"potions_floor_usage":[],"damage_taken":[{"damage":50.0,"enemies":"Small Slimes","floor":2.0,"turns":6.0},{"damage":10.0,"enemies":"Jaw Worm","floor":8.0,"turns":3.0},{"damage":20.0,"enemies":"downfall:FleeingMerchant","floor":9.0,"turns":4.0},{"damage":15.0,"enemies":"Cultist","floor":10.0,"turns":3.0},{"damage":10.0,"enemies":"Gremlin Gang","floor":11.0,"turns":4.0},{"damage":10.0,"enemies":"Large Slime","floor":12.0,"turns":5.0},{"damage":10.0,"enemies":"2 Fungi Beasts","floor":13.0,"turns":3.0},{"damage":28.0,"enemies":"Gremlin Nob","floor":14.0,"turns":5.0},{"damage":32.0,"enemies":"Large Slime","floor":15.0,"turns":9.0},{"damage":50.0,"enemies":"IC_STATUS_ARCHETYPE","floor":16.0,"turns":7.0},{"damage":32.0,"enemies":"Spheric Guardian","floor":20.0,"turns":4.0},{"damage":15.0,"enemies":"downfall:FleeingMerchant","floor":21.0,"turns":4.0},{"damage":5.0,"enemies":"Chosen and Byrds","floor":22.0,"turns":4.0},{"damage":15.0,"enemies":"Shelled Parasite and Fungi","floor":25.0,"turns":4.0},{"damage":10.0,"enemies":"Centurion and Healer","floor":26.0,"turns":4.0},{"damage":15.0,"enemies":"Sentry and Sphere","floor":27.0,"turns":3.0},{"damage":36.0,"enemies":"Slavers","floor":28.0,"turns":5.0},{"damage":14.0,"enemies":"Cultist and Chosen","floor":29.0,"turns":4.0},{"damage":0.0,"enemies":"downfall:FleeingMerchant","floor":31.0,"turns":4.0},{"damage":12.0,"enemies":"Snake Plant","floor":32.0,"turns":4.0},{"damage":92.0,"enemies":"SI_MIRROR_ARCHETYPE","floor":33.0,"turns":6.0},{"damage":21.0,"enemies":"Orb Walker","floor":36.0,"turns":4.0},{"damage":55.0,"enemies":"3 Darklings","floor":38.0,"turns":4.0},{"damage":0.0,"enemies":"downfall:FleeingMerchant","floor":39.0,"turns":1.0},{"damage":58.0,"enemies":"Sphere and 2 Shapes","floor":40.0,"turns":5.0},{"damage":20.0,"enemies":"conspire:MimicChest","floor":42.0,"turns":6.0},{"damage":37.0,"enemies":"Jaw Worm Horde","floor":46.0,"turns":3.0},{"damage":40.0,"enemies":"Giant Head","floor":47.0,"turns":5.0},{"damage":15.0,"enemies":"Maw","floor":49.0,"turns":4.0},{"damage":54.0,"enemies":"DF_ARCHETYPE_ORBS","floor":50.0,"turns":4.0},{"damage":132.0,"enemies":"downfall:CharBossMerchant","floor":52.0,"turns":6.0},{"damage":114.0,"enemies":"downfall:NeowBoss","floor":55.0,"turns":14.0},{"damage":6,"enemies":"downfall:NeowBossFinal","floor":56,"turns":2}],"seed_played":"-9216811388081597458","potions_obtained":[{"floor":2.0,"key":"SkillPotion"},{"floor":14.0,"key":"Energy Potion"},{"floor":15.0,"key":"SteroidPotion"},{"floor":22.0,"key":"Strength Potion"},{"floor":26.0,"key":"BlessingOfTheForge"},{"floor":38.0,"key":"sneckomod:MuddlingPotion"},{"floor":47.0,"key":"Slimebound:ThreeZeroPotion"}],"is_trial":false,"path_per_floor":["R","M","?","?","?","?","T","M","$","M","M","M","M","E","M","B",null,"R","?","M","$","M","R","T","M","M","M","E","M","R","$","M","B",null,"R","M","?","M","$","M","T","?","?","?","T","M","E","?","M","B",null,"E","$","R","B","B"],"character_chosen":"THE_CHAMP","items_purchased":["StuffTheSpire:CocoNut","champ:StanceDance","halation:Thesaurus","PreservedInsect","expansioncontent:StudyTheSpire","champ:DefensiveShout","champ:PreciseThrust","Chrysalis","SkillPotion","sneckomod:MuddlingPotion","Energy Potion","halation:PeacePiece"],"campfire_rested":1,"item_purchase_floors":[9,9,21,31,39,39,39,53,53,53,53,53],"current_hp_per_floor":[99,74,77,77,77,77,77,77,79,79,82,82,82,59,52,32,112,122,128,106,106,106,106,108,93,93,93,87,78,78,78,71,39,130,130,119,119,89,89,61,61,71,71,71,71,69,59,59,59,40,130,28,28,67,3,0,0,0],"gold":11,"neow_bonus":"TEN_PERCENT_HP_BONUS","is_daily":false,"chose_seed":false,"campfire_upgraded":4,"win_rate":0.0,"timestamp":1613321787,"path_taken":["R","M","?","?","?","?","T","?","$","M","M","M","M","E","M","BOSS","R","?","M","$","M","R","T","?","?","M","E","M","R","$","M","BOSS","R","M","?","M","$","M","T","?","?","?","?","M","E","?","M","BOSS","E","$","R","BOSS","BOSS"],"items_purchased_type":["Relic","Card","Relic","Relic","Card","Card","Card","Card","Potion","Potion","Potion","Relic"],"build_version":"2020-12-22","purchased_purges":0,"victory":false,"max_hp_per_floor":[99,99,102,102,102,102,102,102,109,109,112,112,112,112,112,112,112,122,128,128,128,128,128,130,130,130,130,130,130,130,130,130,130,130,130,130,120,120,120,120,120,130,130,130,130,130,130,130,130,130,130,130,130,130,130,130,130,130],"card_choices":[{"not_picked":["champ:PreemptiveStrike","champ:GutPunch"],"picked":"champ:Backstep","floor":2.0},{"not_picked":["champ:TornadoPunch","champ:GutPunch"],"picked":"champ:FlashCut","floor":8.0},{"not_picked":["champ:EndlessRage","champ:Parry"],"picked":"champ:Shatter","floor":9.0},{"not_picked":["champ:ShieldSlam","champ:PerfectedStrike"],"picked":"champ:HeartStrike","floor":10.0},{"not_picked":["champ:GutPunch","champ:AdrenalArmor"],"picked":"champ:BringItOn","floor":11.0},{"not_picked":["champ:Endure","champ:GutPunch"],"picked":"champ:GladiatorStyle","floor":12.0},{"not_picked":["champ:PerfectedStrike","champ:BladeFlurry"],"picked":"champ:CalledShot","floor":13.0},{"not_picked":["champ:EndlessRage","champ:EnGarde"],"picked":"champ:SteelEdge","floor":14.0},{"not_picked":["champ:AdrenalArmor","champ:StanceDance"],"picked":"champ:BerserkersShout","floor":15.0},{"not_picked":["champ:HeavySlash","champ:SteelEdge"],"picked":"champ:StrikeOfGenius","floor":16.0},{"not_picked":["champ:EnGarde","champ:SetATrap"],"picked":"champ:Lariat+1","floor":20.0},{"not_picked":["champ:CalledShot","champ:AdrenalArmor"],"picked":"champ:FanOfKnives","floor":21.0},{"not_picked":[],"picked":"wanderingMiniBosses:FinaleOfPromise","floor":22.0},{"not_picked":["champ:BladeFlurry","champ:Backstep"],"picked":"champ:StanceDance","floor":22.0},{"not_picked":["champ:BladeFlurry","champ:CrownThrow"],"picked":"champ:FancyFootwork+1","floor":25.0},{"not_picked":["champ:PerfectedStrike+1","champ:DefensiveShout+1"],"picked":"champ:PreciseThrust","floor":26.0},{"not_picked":["champ:CrownThrow","champ:EnragedBash"],"picked":"champ:FalseCounter+1","floor":27.0},{"not_picked":["champ:FanOfKnives","champ:FaceSlap"],"picked":"champ:IronFortress","floor":28.0},{"not_picked":["champ:CalledShot","champ:Backstep"],"picked":"champ:Endure","floor":29.0},{"not_picked":["champ:DeathBlow","champ:FlashCut+1"],"picked":"champ:ShieldWall","floor":31.0},{"not_picked":["champ:HoldFirm","champ:Backstep"],"picked":"champ:RisingSlash+1","floor":32.0},{"not_picked":["champ:MurderStrike","champ:Devastate"],"picked":"champ:LastStand","floor":33.0},{"not_picked":["champ:ShieldSlam+1","champ:RecklessLeap"],"picked":"champ:CrownThrow+1","floor":36.0},{"not_picked":["champ:Circumvent+1","champ:ShieldSlam"],"picked":"champ:EnragedBash+1","floor":38.0},{"not_picked":["champ:BladeFlurry+1","champ:IronFortress+1"],"picked":"champ:RapidStrikes+1","floor":39.0},{"not_picked":["champ:DefensiveShout+1","champ:GladiatorStyle+1"],"picked":"champ:GutPunch+1","floor":40.0},{"not_picked":["champ:PreciseThrust+1","champ:Shatter"],"picked":"champ:StanceDance+1","floor":42.0},{"not_picked":["champ:AdrenalArmor","champ:FanOfKnives+1"],"picked":"champ:FocusedBerserking+1","floor":46.0},{"not_picked":["champ:FanOfKnives","champ:GutPunch"],"picked":"champ:ShieldSlam","floor":47.0},{"not_picked":["champ:ShieldWall+1","champ:AdrenalArmor"],"picked":"champ:BerserkersShout+1","floor":49.0},{"not_picked":["champ:BladeFlurry+1","champ:EnragedBash+1"],"picked":"champ:FocusedBerserking","floor":52.0}],"player_experience":20020,"relics_obtained":[{"floor":11.0,"key":"halation:EternalFortune"},{"floor":14.0,"key":"Darkstone Periapt"},{"floor":22.0,"key":"wanderingMiniBosses:Blackblade"},{"floor":24.0,"key":"StuffTheSpire:Rhapsscallions"},{"floor":28.0,"key":"Peace Pipe"},{"floor":41.0,"key":"champ:DefensiveTrainingManual"},{"floor":42.0,"key":"Pear"},{"floor":44.0,"key":"Mummified Hand"},{"floor":45.0,"key":"Frozen Egg 2"},{"floor":47.0,"key":"StuffTheSpire:ForceGauntlet"},{"floor":52.0,"key":"Bag of Preparation"}],"event_choices":[{"cards_removed":["champ:GladiatorStyle"],"damage_healed":0.0,"max_hp_gain":0.0,"max_hp_loss":0.0,"gold_gain":0.0,"event_name":"Falling","player_choice":"Removed Power","floor":43.0,"gold_loss":0.0,"damage_taken":0.0}],"is_beta":false,"boss_relics":[{"not_picked":["energizedSpire:CursedPentagram","Runic Pyramid"],"picked":"conspire:SpecialSausage"},{"not_picked":["halation:LoveArrow","conspire:SeveredTorchhead"],"picked":"conspire:SlowCooker"}],"items_purged_floors":[],"is_endless":false,"potions_floor_spawned":[2,14,15,22,26,27,28,29,32,36,38,47],"killed_by":"downfall:NeowBossFinal","ascension_level":0}}