{"host":"yf9uv1vgok0dao2o","time":1613346890,"event":{"mods":["BaseMod","Highlight Path","Minty Spire (QoL Compilation)","Relic Stats","StSLib"],"gold_per_floor":[115,133,149,159,174,209,209,244,318,31,50,50,85,85,85,162,162,181,181,194,194,194,224,224,249,249,277,290,290,308,323,323,400,400,416,468,480,39,51,86,86,96,96,126,126,126,161,161,161,161,161,161,161,4,35,35],"floor_reached":57,"language":"ENG","playtime":5276,"items_purged":["Strike_G","Shame"],"score":3315,"play_id":"af5583a8-d736-40a1-816f-45676d2936b2","local_time":"20210214175450","is_ascension_mode":true,"campfire_choices":[{"floor":7,"key":"REST"},{"floor":15,"key":"REST"},{"floor":24,"key":"REST"},{"floor":32,"key":"REST"},{"floor":41,"key":"REST"},{"floor":45,"key":"RECALL"},{"floor":49,"key":"REST"},{"floor":53,"key":"REST"}],"circlet_count":0,"master_deck":["AscendersBane","Survivor","Neutralize","Flying Knee","Blade Dance","Choke","Acrobatics","Predator","Blur","Blade Dance","Accuracy","Dagger Spray+1","Blur","Venomology","Infinite Blades","Noxious Fumes","Cloak And Dagger","Dash+1","Acrobatics","Adrenaline","Prepared","Bane+1","Expertise","Outmaneuver+1","PiercingWail","Ghostly","Ghostly","Ghostly","Terror+1","Dash+1","Phantasmal Killer","Sucker Punch+1","Blade Dance+1","Bullet Time","Deflect+1","Prepared+1","Cloak And Dagger","Concentrate+1","Cloak And Dagger+1","Acrobatics+1","Madness","Madness","Calculated Gamble"],"relics":["Fusion Hammer","TungstenRod","Lizard Tail","Molten Egg 2","Bag of Marbles","Turnip","Pandora\u0027s Box","Question Card","Regal Pillow","Dream Catcher","Oddly Smooth Stone","Shuriken","Dead Branch","Busted Crown","Pocketwatch","PreservedInsect","ClockworkSouvenir","Snake Skull","Pantograph","Gremlin Horn","Orichalcum","Mummified Hand"],"acts_visited":["Exordium","TheCity","TheBeyond","TheEnding"],"potions_floor_usage":[6,8,13,16,18,20,20,23,27,27,28,31,33,47,50,51,55,56,56,56],"damage_taken":[{"damage":0,"enemies":"Cultist","floor":1,"turns":4},{"damage":5,"enemies":"Small Slimes","floor":2,"turns":5},{"damage":10,"enemies":"2 Louse","floor":3,"turns":3},{"damage":4,"enemies":"Red Slaver","floor":4,"turns":2},{"damage":8,"enemies":"Blue Slaver","floor":5,"turns":3},{"damage":22,"enemies":"3 Sentries","floor":6,"turns":7},{"damage":12,"enemies":"Lagavulin","floor":8,"turns":7},{"damage":0,"enemies":"Looter","floor":11,"turns":1},{"damage":0,"enemies":"Gremlin Nob","floor":13,"turns":2},{"damage":41,"enemies":"The Guardian","floor":16,"turns":14},{"damage":20,"enemies":"Shell Parasite","floor":18,"turns":5},{"damage":2,"enemies":"2 Thieves","floor":20,"turns":2},{"damage":7,"enemies":"Book of Stabbing","floor":23,"turns":5},{"damage":0,"enemies":"Gremlin Leader","floor":25,"turns":5},{"damage":7,"enemies":"Slavers","floor":27,"turns":6},{"damage":0,"enemies":"Snake Plant","floor":28,"turns":4},{"damage":0,"enemies":"Centurion and Healer","floor":30,"turns":4},{"damage":8,"enemies":"Cultist and Chosen","floor":31,"turns":4},{"damage":0,"enemies":"Collector","floor":33,"turns":4},{"damage":0,"enemies":"3 Shapes","floor":35,"turns":2},{"damage":0,"enemies":"2 Orb Walkers","floor":36,"turns":3},{"damage":0,"enemies":"3 Darklings","floor":37,"turns":2},{"damage":0,"enemies":"Maw","floor":39,"turns":4},{"damage":0,"enemies":"Nemesis","floor":40,"turns":3},{"damage":0,"enemies":"Sphere and 2 Shapes","floor":42,"turns":3},{"damage":0,"enemies":"Giant Head","floor":44,"turns":3},{"damage":0,"enemies":"Nemesis","floor":47,"turns":5},{"damage":0,"enemies":"Awakened One","floor":50,"turns":6},{"damage":25,"enemies":"Donu and Deca","floor":51,"turns":7},{"damage":0,"enemies":"Shield and Spear","floor":55,"turns":3},{"damage":57,"enemies":"The Heart","floor":56,"turns":8}],"seed_played":"5544944786713227519","potions_obtained":[{"floor":1,"key":"Energy Potion"},{"floor":5,"key":"Swift Potion"},{"floor":8,"key":"Regen Potion"},{"floor":11,"key":"Explosive Potion"},{"floor":13,"key":"Explosive Potion"},{"floor":16,"key":"Regen Potion"},{"floor":27,"key":"CultistPotion"},{"floor":31,"key":"SpeedPotion"},{"floor":33,"key":"CunningPotion"},{"floor":55,"key":"Strength Potion"}],"is_trial":false,"path_per_floor":["M","M","M","M","M","E","R","E","T","$","M","?","E","?","R","B",null,"M","T","M","?","?","E","R","E","T","E","M","?","M","M","R","B",null,"M","?","M","$","M","E","R","M","T","E","R","?","E","T","R","B","B",null,"R","$","E","B",null],"character_chosen":"THE_SILENT","items_purchased":["Accuracy","Bag of Marbles","PreservedInsect","ClockworkSouvenir","Calculated Gamble","GamblersBrew"],"campfire_rested":7,"item_purchase_floors":[10,10,38,38,54,54],"current_hp_per_floor":[59,54,44,40,32,10,29,17,17,17,17,22,22,19,40,14,57,51,51,49,35,35,28,35,35,35,28,28,22,22,14,40,40,40,40,40,40,40,40,40,40,40,40,40,40,34,34,34,40,40,15,34,40,40,40,4],"gold":35,"neow_bonus":"BOSS_RELIC","is_daily":false,"chose_seed":false,"campfire_upgraded":0,"win_rate":0.0,"timestamp":1613346890,"path_taken":["M","M","M","?","M","E","R","E","T","$","M","?","E","?","R","BOSS","M","?","M","?","?","E","R","E","T","E","M","?","M","M","R","BOSS","M","?","M","$","M","E","R","M","T","E","R","?","E","?","R","BOSS","BOSS","R","$","E","BOSS"],"items_purchased_type":["Card","Relic","Relic","Relic","Card","Potion"],"build_version":"2020-12-22","purchased_purges":2,"victory":true,"max_hp_per_floor":[66,66,66,66,66,66,66,66,66,66,66,71,71,71,71,71,71,71,71,71,35,35,35,35,35,35,35,35,40,40,40,40,40,40,40,40,40,40,40,40,40,40,40,40,40,40,40,40,40,40,40,40,40,40,40,40],"relic_stats":{"Regal Pillow":14,"Gremlin Horn":[5,5],"counters":[31,136],"Dead Branch":[292],"PreservedInsect":307,"Snake Skull":[38],"Orichalcum":[42],"Question Card":22,"Lizard Tail":20,"Dream Catcher":5,"Busted Crown":24,"Shuriken":[78],"Mummified Hand":[7],"Pantograph":0,"Pandora\u0027s Box":["Infinite Blades","Noxious Fumes","Cloak And Dagger","Dash","Acrobatics","Adrenaline","Prepared","Bane","Expertise"],"Turnip":[24],"obtain_stats":[{"Regal Pillow":22,"Gremlin Horn":47,"Dead Branch":27,"Oddly Smooth Stone":25,"PreservedInsect":38,"Snake Skull":40,"Orichalcum":48,"Question Card":19,"ClockworkSouvenir":38,"Lizard Tail":8,"Dream Catcher":23,"Busted Crown":34,"Shuriken":26,"Mummified Hand":55,"Pantograph":44,"Molten Egg 2":9,"Pandora\u0027s Box":17,"Fusion Hammer":0,"Turnip":13,"Bag of Marbles":10,"TungstenRod":6,"Ring of the Snake":0,"Pocketwatch":36},{"Regal Pillow":12,"Gremlin Horn":27,"Dead Branch":15,"Oddly Smooth Stone":14,"PreservedInsect":22,"Snake Skull":24,"Orichalcum":27,"Question Card":11,"ClockworkSouvenir":22,"Lizard Tail":7,"Dream Catcher":13,"Busted Crown":19,"Shuriken":14,"Mummified Hand":30,"Pantograph":26,"Molten Egg 2":7,"Pandora\u0027s Box":10,"Fusion Hammer":0,"Turnip":9,"Bag of Marbles":7,"TungstenRod":6,"Ring of the Snake":0,"Pocketwatch":21},{"Regal Pillow":55,"Gremlin Horn":112,"Dead Branch":71,"Oddly Smooth Stone":65,"PreservedInsect":94,"Snake Skull":101,"Orichalcum":112,"Question Card":53,"ClockworkSouvenir":94,"Lizard Tail":31,"Dream Catcher":60,"Busted Crown":87,"Shuriken":65,"Mummified Hand":128,"Pantograph":107,"Molten Egg 2":31,"Pandora\u0027s Box":48,"Fusion Hammer":0,"Turnip":34,"Bag of Marbles":31,"TungstenRod":24,"Ring of the Snake":0,"Pocketwatch":92}],"TungstenRod":102,"Pocketwatch":[6]},"card_choices":[{"not_picked":["Distraction","Underhanded Strike"],"picked":"Flying Knee","floor":1},{"not_picked":["Endless Agony","Prepared"],"picked":"Blade Dance","floor":2},{"not_picked":["Flying Knee","Slice"],"picked":"Choke","floor":3},{"not_picked":["Skewer","Choke"],"picked":"Acrobatics","floor":4},{"not_picked":["All Out Attack","Quick Slash"],"picked":"Predator","floor":5},{"not_picked":["Skewer","PiercingWail"],"picked":"Blur","floor":6},{"not_picked":["Calculated Gamble","Underhanded Strike"],"picked":"Blade Dance","floor":8},{"not_picked":["Quick Slash+1","Acrobatics"],"picked":"Dagger Spray+1","floor":11},{"not_picked":["Skewer+1","Flying Knee+1"],"picked":"Blur","floor":13},{"not_picked":["Unload+1","Storm of Steel"],"picked":"Venomology","floor":16},{"not_picked":["Slice+1","Bane+1"],"picked":"Outmaneuver+1","floor":18},{"not_picked":["Deadly Poison+1","Masterful Stab+1","Outmaneuver"],"picked":"PiercingWail","floor":20},{"not_picked":["Dash+1","Dagger Spray+1","Tools of the Trade"],"picked":"Terror+1","floor":23},{"not_picked":["Riddle With Holes+1","PiercingWail","Infinite Blades","Flying Knee+1"],"picked":"SKIP","floor":25},{"not_picked":["Poisoned Stab+1","Acrobatics","Underhanded Strike+1"],"picked":"Dash+1","floor":27},{"not_picked":["PiercingWail","Quick Slash+1","Underhanded Strike+1"],"picked":"Phantasmal Killer","floor":28},{"not_picked":["Poisoned Stab+1","Flying Knee+1","Predator+1"],"picked":"Sucker Punch+1","floor":30},{"not_picked":["Slice+1","Sucker Punch+1","Dodge and Roll"],"picked":"Blade Dance+1","floor":31},{"not_picked":["Night Terror","Corpse Explosion","Phantasmal Killer"],"picked":"Bullet Time","floor":33},{"not_picked":["Cloak And Dagger"],"picked":"Deflect+1","floor":35},{"not_picked":["Expertise"],"picked":"Prepared+1","floor":36},{"not_picked":["Backflip"],"picked":"Cloak And Dagger","floor":37},{"not_picked":["Outmaneuver"],"picked":"Concentrate+1","floor":39},{"not_picked":["Deflect+1"],"picked":"Cloak And Dagger+1","floor":40},{"not_picked":["Deadly Poison"],"picked":"Acrobatics+1","floor":41},{"not_picked":["Bane+1","Dagger Spray+1"],"picked":"SKIP","floor":42},{"not_picked":["Dodge and Roll","Eviscerate+1"],"picked":"SKIP","floor":44},{"not_picked":["Dagger Spray+1","Slice+1"],"picked":"SKIP","floor":47},{"not_picked":["Predator+1","Corpse Explosion"],"picked":"SKIP","floor":55}],"player_experience":1632983,"relics_obtained":[{"floor":6,"key":"TungstenRod"},{"floor":8,"key":"Lizard Tail"},{"floor":9,"key":"Molten Egg 2"},{"floor":13,"key":"Turnip"},{"floor":19,"key":"Question Card"},{"floor":23,"key":"Dream Catcher"},{"floor":25,"key":"Oddly Smooth Stone"},{"floor":26,"key":"Shuriken"},{"floor":27,"key":"Dead Branch"},{"floor":36,"key":"Pocketwatch"},{"floor":40,"key":"Snake Skull"},{"floor":44,"key":"Pantograph"},{"floor":47,"key":"Gremlin Horn"},{"floor":48,"key":"Orichalcum"},{"floor":55,"key":"Mummified Hand"}],"event_choices":[{"damage_healed":0,"gold_gain":0,"player_choice":"Donut","damage_taken":0,"max_hp_gain":5,"max_hp_loss":0,"event_name":"Big Fish","floor":12,"gold_loss":0},{"damage_healed":0,"gold_gain":0,"player_choice":"Bought 0 Potions","damage_taken":0,"max_hp_gain":0,"max_hp_loss":0,"event_name":"The Woman in Blue","floor":14,"gold_loss":0},{"damage_healed":0,"gold_gain":0,"player_choice":"Became a Ghost","damage_taken":0,"max_hp_gain":0,"max_hp_loss":36,"event_name":"Ghosts","floor":21,"gold_loss":0,"cards_obtained":["Ghostly","Ghostly","Ghostly"]},{"damage_healed":0,"gold_gain":0,"player_choice":"Stole Relic","damage_taken":0,"relics_obtained":["Regal Pillow"],"max_hp_gain":0,"max_hp_loss":0,"event_name":"Addict","floor":22,"gold_loss":0,"cards_obtained":["Shame"]},{"damage_healed":0,"gold_gain":0,"player_choice":"Shed Blood","damage_taken":12,"max_hp_gain":5,"max_hp_loss":0,"event_name":"Forgotten Altar","floor":29,"gold_loss":0},{"damage_healed":0,"gold_gain":0,"player_choice":"Fight","damage_taken":0,"max_hp_gain":0,"max_hp_loss":0,"event_name":"Mysterious Sphere","floor":36,"gold_loss":0},{"damage_healed":0,"gold_gain":0,"player_choice":"Embrace Madness","damage_taken":7,"max_hp_gain":0,"max_hp_loss":0,"event_name":"Winding Halls","floor":46,"gold_loss":0,"cards_obtained":["Madness","Madness"]}],"is_beta":false,"boss_relics":[{"not_picked":["Runic Pyramid","Philosopher\u0027s Stone"],"picked":"Pandora\u0027s Box"},{"not_picked":["Astrolabe","Black Star"],"picked":"Busted Crown"}],"items_purged_floors":[10,38],"is_endless":false,"potions_floor_spawned":[1,5,8,11,13,16,27,31,33,36,37,39,44,55],"ascension_level":20}}