{"host":"4ge9z8h6k0ioij78","time":1613304029,"event":{"mods":["AchievementEnabler","BaseMod","Colored Map","Colored Powertips","Custom Start","DeckTracker","Faster Ascension Climbing","Filter the Spire","Minty Spire (QoL Compilation)","SuperFastMode"],"gold_per_floor":[119,133,153,103,114,140,140,174,174,193,268,193,268,168,168,265,265,276,276,151,165,179,211,211,222,222,222,222,222,222],"floor_reached":29,"language":"KOR","playtime":4641,"items_purged":["Twin Strike","Iron Wave","Reaper"],"score":313,"play_id":"631d1b7f-b568-4ca7-aae2-a574220886ea","local_time":"20210214210029","is_ascension_mode":true,"campfire_choices":[{"data":"Bash","floor":7.0,"key":"SMITH"},{"floor":15.0,"key":"REST"}],"circlet_count":0,"master_deck":["Bash+1","Dual Wield","Ghostly Armor","Bloodletting","Flame Barrier","Dropkick"],"relics":["Pandora\u0027s Box","Potion Belt","CeramicFish","Bottled Lightning","Blue Candle","SlaversCollar","MutagenicStrength","WingedGreaves","The Courier","Ancient Tea Set"],"acts_visited":["Exordium","TheCity"],"potions_floor_usage":[],"damage_taken":[{"damage":0.0,"enemies":"2 Louse","floor":1.0,"turns":2.0},{"damage":0.0,"enemies":"Jaw Worm","floor":2.0,"turns":3.0},{"damage":2.0,"enemies":"Small Slimes","floor":3.0,"turns":3.0},{"damage":7.0,"enemies":"Blue Slaver","floor":5.0,"turns":4.0},{"damage":37.0,"enemies":"Gremlin Nob","floor":6.0,"turns":5.0},{"damage":37.0,"enemies":"3 Sentries","floor":8.0,"turns":10.0},{"damage":0.0,"enemies":"Large Slime","floor":10.0,"turns":3.0},{"damage":26.0,"enemies":"Hexaghost","floor":16.0,"turns":9.0},{"damage":16.0,"enemies":"Shell Parasite","floor":18.0,"turns":7.0},{"damage":6.0,"enemies":"2 Thieves","floor":21.0,"turns":4.0},{"damage":0.0,"enemies":"Snake Plant","floor":22.0,"turns":2.0},{"damage":11.0,"enemies":"Gremlin Leader","floor":23.0,"turns":3.0},{"damage":6.0,"enemies":"3 Cultists","floor":25.0,"turns":4.0},{"damage":0.0,"enemies":"Slavers","floor":27.0,"turns":1.0},{"damage":43,"enemies":"Sentry and Sphere","floor":29,"turns":7}],"seed_played":"6491748631857455649","potions_obtained":[{"floor":3.0,"key":"Weak Potion"},{"floor":5.0,"key":"LiquidMemories"},{"floor":10.0,"key":"Fire Potion"},{"floor":22.0,"key":"SmokeBomb"}],"is_trial":false,"path_per_floor":["M","M","M","?","M","E","R","E","T","M","?","$","T","$","R","B",null,"M","?","$","M","M","E","?","M","T","E","?","M"],"character_chosen":"IRONCLAD","items_purchased":[],"campfire_rested":1,"item_purchase_floors":[],"current_hp_per_floor":[80,80,80,80,76,39,39,14,14,14,3,3,3,3,27,7,80,70,70,70,64,64,53,53,47,47,47,47,4,4],"gold":222,"neow_bonus":"BOSS_RELIC","is_daily":false,"chose_seed":false,"campfire_upgraded":1,"win_rate":0.0,"timestamp":1613304029,"path_taken":["M","M","M","?","M","E","R","E","T","M","?","$","?","$","R","BOSS","M","?","$","M","M","E","?","M","T","E","?","M"],"items_purchased_type":[],"build_version":"2020-12-22","purchased_purges":3,"victory":false,"max_hp_per_floor":[80,80,80,80,80,80,80,80,80,80,80,80,80,80,80,80,80,80,80,80,80,80,80,80,80,80,80,80,80,80],"card_choices":[{"not_picked":["Sword Boomerang","Havoc","Whirlwind"],"picked":"SKIP","floor":1.0},{"not_picked":["Thunderclap","Twin Strike","Spot Weakness"],"picked":"SKIP","floor":2.0},{"not_picked":["Warcry","True Grit","Thunderclap"],"picked":"SKIP","floor":3.0},{"not_picked":["Shockwave","Iron Wave","Disarm"],"picked":"SKIP","floor":5.0},{"not_picked":["Headbutt","Thunderclap","Pommel Strike"],"picked":"SKIP","floor":6.0},{"not_picked":["Armaments","Berserk","Twin Strike"],"picked":"SKIP","floor":8.0},{"not_picked":["Clothesline","Thunderclap","Heavy Blade"],"picked":"SKIP","floor":10.0},{"not_picked":["Body Slam","Headbutt","Ghostly Armor"],"picked":"SKIP","floor":18.0},{"not_picked":["Thunderclap+1","Corruption","Clothesline"],"picked":"SKIP","floor":21.0},{"not_picked":["Ghostly Armor","Thunderclap","Clothesline"],"picked":"SKIP","floor":22.0},{"not_picked":["Reckless Charge","Metallicize","Shrug It Off+1"],"picked":"SKIP","floor":23.0},{"not_picked":["Clothesline","Battle Trance","Warcry"],"picked":"SKIP","floor":25.0}],"player_experience":1342740,"relics_obtained":[{"floor":6.0,"key":"Potion Belt"},{"floor":8.0,"key":"CeramicFish"},{"floor":9.0,"key":"Bottled Lightning"},{"floor":13.0,"key":"Blue Candle"},{"floor":23.0,"key":"WingedGreaves"},{"floor":26.0,"key":"Ancient Tea Set"}],"event_choices":[{"cards_removed":["Barricade"],"damage_healed":0.0,"max_hp_gain":0.0,"max_hp_loss":0.0,"gold_gain":0.0,"event_name":"The Cleric","player_choice":"Card Removal","floor":4.0,"gold_loss":50.0,"damage_taken":0.0},{"damage_healed":0.0,"max_hp_gain":0.0,"max_hp_loss":0.0,"gold_gain":75.0,"event_name":"World of Goop","player_choice":"Gather Gold","floor":11.0,"gold_loss":0.0,"damage_taken":11.0},{"damage_healed":0.0,"max_hp_gain":0.0,"max_hp_loss":0.0,"gold_gain":0.0,"event_name":"Drug Dealer","player_choice":"Inject Mutagens","floor":19.0,"gold_loss":0.0,"damage_taken":0.0,"relics_obtained":["MutagenicStrength"]},{"damage_healed":0.0,"max_hp_gain":0.0,"max_hp_loss":0.0,"gold_gain":0.0,"event_name":"The Mausoleum","player_choice":"Opened","floor":24.0,"gold_loss":0.0,"damage_taken":0.0,"relics_obtained":["The Courier"]},{"damage_healed":0.0,"max_hp_gain":0.0,"max_hp_loss":0.0,"gold_gain":0.0,"event_name":"Cursed Tome","player_choice":"Ignored","floor":28.0,"gold_loss":0.0,"damage_taken":0.0}],"is_beta":false,"boss_relics":[{"not_picked":["Snecko Eye","Mark of Pain"],"picked":"SlaversCollar"}],"items_purged_floors":[12,14,20],"is_endless":false,"potions_floor_spawned":[3,5,10,22,27],"killed_by":"Sentry and Sphere","ascension_level":1}}