{"host":"1qhzi8r9ejho5yph","time":1613334389,"event":{"mods":["AchievementEnabler","BaseMod","Colored Map","Colored Powertips","Highlight Path","Minty Spire (QoL Compilation)","Permanent Neow","Quick Restart","Random Character Button","StSLib","SuperFastMode","Synergy Search"],"gold_per_floor":[112,128,128,53,65,93,93,112,135,135,135,135,146,181,181,280,280,292,303,303,140,154,154,7,7,7,37,60,72,84,131,143,155,155],"floor_reached":33,"language":"ENG","playtime":941,"items_purged":["Strike_R"],"score":343,"play_id":"4c056f64-b8f2-4f4a-855d-6496006f2028","local_time":"20210215042629","is_ascension_mode":false,"campfire_choices":[{"data":"Pommel Strike","floor":7,"key":"SMITH"},{"data":"Pommel Strike","floor":11,"key":"SMITH"},{"data":"Pommel Strike","floor":15,"key":"SMITH"},{"data":"True Grit","floor":23,"key":"SMITH"},{"data":"Limit Break","floor":25,"key":"SMITH"},{"floor":29,"key":"REST"},{"floor":32,"key":"REST"}],"circlet_count":0,"master_deck":["Strike_R","Strike_R","Strike_R","Defend_R","Defend_R","Defend_R","Bash","Fire Breathing","Pommel Strike+1","Pommel Strike+1","Cleave","Whirlwind","Pommel Strike+1","Feed","Evolve","Rage","Limit Break+1","Madness","True Grit+1","Shrug It Off"],"relics":["Burning Blood","Orichalcum","Shuriken","StrikeDummy","PreservedInsect","Black Star","NlothsMask","Sling","MawBank","Blue Candle","Sundial","Bottled Lightning"],"acts_visited":["Exordium","TheCity"],"potions_floor_usage":[27,28,33],"damage_taken":[{"damage":1,"enemies":"Cultist","floor":1,"turns":3},{"damage":14,"enemies":"Jaw Worm","floor":2,"turns":4},{"damage":5,"enemies":"Small Slimes","floor":5,"turns":4},{"damage":16,"enemies":"3 Sentries","floor":6,"turns":5},{"damage":10,"enemies":"Looter","floor":8,"turns":3},{"damage":0,"enemies":"3 Louse","floor":13,"turns":1},{"damage":20,"enemies":"Lagavulin","floor":14,"turns":6},{"damage":0,"enemies":"Slime Boss","floor":16,"turns":5},{"damage":4,"enemies":"Chosen","floor":18,"turns":3},{"damage":4,"enemies":"Spheric Guardian","floor":19,"turns":3},{"damage":14,"enemies":"Centurion and Healer","floor":22,"turns":6},{"damage":44,"enemies":"Book of Stabbing","floor":27,"turns":5},{"damage":25,"enemies":"3 Cultists","floor":28,"turns":6},{"damage":24,"enemies":"Colosseum Slavers","floor":30,"turns":5},{"damage":12,"enemies":"Gremlin Leader","floor":31,"turns":7},{"damage":67,"enemies":"Champ","floor":33,"turns":7}],"seed_played":"9050932240211042884","potions_obtained":[{"floor":1,"key":"SkillPotion"},{"floor":6,"key":"ColorlessPotion"},{"floor":8,"key":"PowerPotion"},{"floor":19,"key":"Block Potion"},{"floor":27,"key":"ElixirPotion"}],"is_trial":false,"path_per_floor":["M","M","?","$","M","E","R","M","T","T","R","T","M","E","R","B",null,"M","M","?","$","M","R","$","R","T","E","M","R","?","E","R","B"],"character_chosen":"IRONCLAD","items_purchased":["Limit Break","Madness","Sling"],"campfire_rested":2,"item_purchase_floors":[21,21,24],"current_hp_per_floor":[80,72,72,72,73,63,63,59,59,59,59,59,65,51,51,57,80,80,80,80,80,72,72,72,72,72,34,18,42,27,24,50,0,0],"gold":155,"neow_bonus":"REMOVE_CARD","is_daily":false,"chose_seed":false,"campfire_upgraded":5,"win_rate":0.0,"timestamp":1613334389,"path_taken":["M","M","?","$","M","E","R","?","T","?","R","?","M","E","R","BOSS","M","M","?","?","?","R","?","R","T","E","M","R","?","E","R","BOSS"],"items_purchased_type":["Card","Card","Relic"],"build_version":"2020-12-22","purchased_purges":1,"victory":false,"max_hp_per_floor":[80,80,80,80,80,80,80,80,80,80,80,80,80,80,80,80,80,80,80,80,80,80,80,80,80,80,80,83,83,86,89,89,89,89],"card_choices":[{"not_picked":["Power Through","Heavy Blade"],"picked":"Fire Breathing","floor":1},{"not_picked":["Thunderclap","True Grit"],"picked":"Pommel Strike","floor":2},{"not_picked":["Wild Strike","Clothesline"],"picked":"Pommel Strike","floor":5},{"not_picked":["Sword Boomerang","Flex"],"picked":"Cleave","floor":6},{"not_picked":["Warcry","Blood for Blood"],"picked":"Whirlwind","floor":8},{"not_picked":["Clothesline","Wild Strike","Immolate"],"picked":"SKIP","floor":13},{"not_picked":["Headbutt","Rage"],"picked":"Pommel Strike","floor":14},{"not_picked":["Bludgeon","Fiend Fire"],"picked":"Feed","floor":16},{"not_picked":["Sword Boomerang","Clothesline+1"],"picked":"Evolve","floor":18},{"not_picked":["Headbutt+1","Wild Strike"],"picked":"Rage","floor":19},{"not_picked":["Ghostly Armor","Body Slam"],"picked":"True Grit","floor":22},{"not_picked":["Pommel Strike","Armaments"],"picked":"Shrug It Off","floor":27},{"not_picked":["Searing Blow","Flex","Havoc"],"picked":"SKIP","floor":28},{"not_picked":["Hemokinesis+1","Sever Soul+1","Cleave"],"picked":"SKIP","floor":31}],"player_experience":383191,"relics_obtained":[{"floor":6,"key":"Orichalcum"},{"floor":10,"key":"Shuriken"},{"floor":12,"key":"StrikeDummy"},{"floor":14,"key":"PreservedInsect"},{"floor":27,"key":"MawBank"},{"floor":27,"key":"Blue Candle"},{"floor":31,"key":"Sundial"},{"floor":31,"key":"Bottled Lightning"}],"event_choices":[{"cards_removed":["Strike_R"],"damage_healed":0,"gold_gain":0,"player_choice":"Purged","damage_taken":0,"max_hp_gain":0,"max_hp_loss":0,"event_name":"Purifier","floor":3,"gold_loss":0},{"damage_healed":0,"gold_gain":0,"player_choice":"Trade","damage_taken":0,"relics_obtained":["NlothsMask"],"max_hp_gain":0,"max_hp_loss":0,"event_name":"FaceTrader","floor":20,"gold_loss":0},{"damage_healed":0,"gold_gain":0,"player_choice":"Fight","damage_taken":0,"max_hp_gain":0,"max_hp_loss":0,"event_name":"Colosseum","floor":30,"gold_loss":0},{"damage_healed":0,"gold_gain":0,"player_choice":"Fled From Nobs","damage_taken":0,"max_hp_gain":0,"max_hp_loss":0,"event_name":"Colosseum","floor":30,"gold_loss":0}],"is_beta":false,"boss_relics":[{"not_picked":["Empty Cage","Velvet Choker"],"picked":"Black Star"}],"items_purged_floors":[4],"is_endless":false,"potions_floor_spawned":[1,6,8,19,27,30],"killed_by":"Champ","ascension_level":0}}