{"host":"4epvxsx6d4oxmc67","time":1613308370,"event":{"mods":["AchievementEnabler","BaseMod","Colored Map","Highlight Path","Minty Spire (QoL Compilation)"],"gold_per_floor":[218,218,234,246,263,263,291,291,291,306,319,336,350,362,362,462,462,499,40,85,101,117,117,143,143,189,104,162,175,203,303,303,427,427,466,267,280,280,318,318,318,318,318,373,91,106,106,119,119,119],"floor_reached":51,"language":"ENG","playtime":3196,"items_purged":["Strike_P","Defend_P"],"score":830,"play_id":"e3fad17b-f450-4511-a46e-71ff5b979077","local_time":"20210214131250","is_ascension_mode":true,"campfire_choices":[{"floor":6.0,"key":"REST"},{"floor":8.0,"key":"REST"},{"floor":15.0,"key":"REST"},{"data":"Vault","floor":23.0,"key":"SMITH"},{"data":"Eruption","floor":25.0,"key":"SMITH"},{"floor":32.0,"key":"REST"},{"data":"Tantrum","floor":40.0,"key":"SMITH"},{"data":"Wish","floor":42.0,"key":"SMITH"},{"floor":47.0,"key":"REST"},{"floor":49.0,"key":"REST"}],"circlet_count":0,"master_deck":["Strike_P","Strike_P","Strike_P","Defend_P","Defend_P","Eruption+1","Vigilance","Tantrum+1","SashWhip","PathToVictory","LikeWater","SandsOfTime+1","Consecrate+1","FearNoEvil+1","EmptyFist+1","FlurryOfBlows+1","Wish+1","Protect","HandOfGreed+1","BowlingBash+1","Vault+1","BattleHymn","FollowUp+1","TalkToTheHand+1","WheelKick+1","FollowUp+1","Wireheading","Ragnarok+1","WindmillStrike+1","FlyingSleeves+1","ThirdEye","Prostrate","Pray+1"],"relics":["PureWater","Molten Egg 2","Turnip","Sozu","Calipers","Bag of Marbles","Lantern","Toy Ornithopter","Pen Nib","Busted Crown","Pantograph","Omamori","Bottled Tornado"],"acts_visited":["Exordium","TheCity","TheBeyond"],"potions_floor_usage":[],"damage_taken":[{"damage":4.0,"enemies":"Jaw Worm","floor":1.0,"turns":6.0},{"damage":0.0,"enemies":"Cultist","floor":3.0,"turns":2.0},{"damage":0.0,"enemies":"Small Slimes","floor":4.0,"turns":2.0},{"damage":26.0,"enemies":"Gremlin Gang","floor":5.0,"turns":3.0},{"damage":46.0,"enemies":"Gremlin Nob","floor":7.0,"turns":5.0},{"damage":2.0,"enemies":"Looter","floor":10.0,"turns":2.0},{"damage":9.0,"enemies":"Blue Slaver","floor":11.0,"turns":4.0},{"damage":0.0,"enemies":"Lots of Slimes","floor":12.0,"turns":1.0},{"damage":8.0,"enemies":"3 Louse","floor":13.0,"turns":2.0},{"damage":0.0,"enemies":"Exordium Wildlife","floor":14.0,"turns":2.0},{"damage":16.0,"enemies":"Hexaghost","floor":16.0,"turns":9.0},{"damage":10.0,"enemies":"3 Byrds","floor":18.0,"turns":4.0},{"damage":0.0,"enemies":"Chosen","floor":20.0,"turns":5.0},{"damage":0.0,"enemies":"3 Cultists","floor":21.0,"turns":3.0},{"damage":0.0,"enemies":"Snecko","floor":22.0,"turns":2.0},{"damage":7.0,"enemies":"Slavers","floor":24.0,"turns":3.0},{"damage":0.0,"enemies":"Gremlin Leader","floor":28.0,"turns":5.0},{"damage":6.0,"enemies":"Centurion and Healer","floor":29.0,"turns":3.0},{"damage":35.0,"enemies":"Slavers","floor":30.0,"turns":4.0},{"damage":22.0,"enemies":"Collector","floor":33.0,"turns":6.0},{"damage":8.0,"enemies":"3 Shapes","floor":35.0,"turns":3.0},{"damage":0.0,"enemies":"3 Darklings","floor":37.0,"turns":4.0},{"damage":0.0,"enemies":"Maw","floor":39.0,"turns":5.0},{"damage":13.0,"enemies":"Giant Head","floor":44.0,"turns":7.0},{"damage":16.0,"enemies":"Sphere and 2 Shapes","floor":46.0,"turns":3.0},{"damage":27.0,"enemies":"Spire Growth","floor":48.0,"turns":4.0},{"damage":54,"enemies":"Donu and Deca","floor":50,"turns":8}],"seed_played":"-6515755009284482388","potions_obtained":[{"floor":1.0,"key":"PowerPotion"},{"floor":5.0,"key":"Dexterity Potion"},{"floor":7.0,"key":"Explosive Potion"},{"floor":11.0,"key":"DistilledChaos"},{"floor":16.0,"key":"SkillPotion"}],"is_trial":false,"path_per_floor":["M","?","M","M","M","R","E","R","T","M","M","M","M","M","R","B",null,"M","$","M","M","M","R","E","R","T","?","E","M","E","?","R","B",null,"M","$","M","?","M","R","?","R","T","E","$","M","R","M","R","B",null],"character_chosen":"WATCHER","items_purchased":["HandOfGreed+1","BowlingBash+1","Vault","FlyingSleeves+1","ThirdEye","Bottled Tornado","Prostrate"],"campfire_rested":6,"item_purchase_floors":[19,19,19,36,36,45,45],"current_hp_per_floor":[68,61,61,61,35,56,10,31,31,29,20,20,12,12,33,17,72,62,62,62,62,62,62,55,55,55,55,55,49,14,14,35,18,72,64,64,64,64,64,64,64,64,64,51,51,35,56,29,50,18],"gold":119,"neow_bonus":"HUNDRED_GOLD","is_daily":false,"chose_seed":false,"campfire_upgraded":4,"win_rate":0.0,"timestamp":1613308370,"path_taken":["M","?","M","M","M","R","E","R","T","M","?","M","M","M","R","BOSS","M","$","M","M","M","R","E","R","T","?","E","M","E","?","R","BOSS","M","$","?","?","M","R","?","R","T","E","$","?","R","M","R","BOSS"],"items_purchased_type":["Card","Card","Card","Card","Card","Relic","Card"],"build_version":"2020-12-22","purchased_purges":2,"victory":true,"max_hp_per_floor":[72,72,72,72,72,72,72,72,72,72,72,72,72,72,72,72,72,72,72,72,72,72,72,72,72,72,72,72,72,72,72,72,72,72,72,72,72,72,72,72,72,72,72,72,72,72,72,72,72,72],"card_choices":[{"not_picked":["CrushJoints","ClearTheMind"],"picked":"Tantrum","floor":1.0},{"not_picked":["WaveOfTheHand","Meditate","Prostrate"],"picked":"SKIP","floor":3.0},{"not_picked":["InnerPeace","Vengeance"],"picked":"SashWhip","floor":4.0},{"not_picked":["EmptyFist","FollowUp"],"picked":"PathToVictory","floor":5.0},{"not_picked":["SignatureMove+1","Prostrate"],"picked":"LikeWater","floor":7.0},{"not_picked":["EmptyFist+1","SignatureMove+1"],"picked":"SandsOfTime+1","floor":10.0},{"not_picked":["ConjureBlade","ClearTheMind"],"picked":"Consecrate+1","floor":11.0},{"not_picked":["PathToVictory","FollowUp+1"],"picked":"FearNoEvil+1","floor":12.0},{"not_picked":["Wireheading","DeceiveReality"],"picked":"EmptyFist+1","floor":13.0},{"not_picked":["FollowUp+1","CrushJoints+1"],"picked":"FlurryOfBlows+1","floor":14.0},{"not_picked":["LessonLearned+1","Judgement"],"picked":"Wish","floor":16.0},{"not_picked":["Halt","SashWhip+1"],"picked":"Protect","floor":18.0},{"not_picked":["Halt","Conclude+1"],"picked":"BattleHymn","floor":20.0},{"not_picked":["Evaluate","Protect"],"picked":"FollowUp+1","floor":21.0},{"not_picked":["MentalFortress+1","Adaptation"],"picked":"TalkToTheHand+1","floor":22.0},{"not_picked":["Blasphemy","BowlingBash+1"],"picked":"WheelKick+1","floor":24.0},{"not_picked":["EmptyBody","Conclude+1","Study"],"picked":"SKIP","floor":28.0},{"not_picked":["BowlingBash+1","Prostrate"],"picked":"FollowUp+1","floor":29.0},{"not_picked":["Scrawl","Evaluate"],"picked":"Wireheading","floor":30.0},{"not_picked":["Blasphemy","MasterReality"],"picked":"Ragnarok+1","floor":33.0},{"not_picked":[],"picked":"WindmillStrike+1","floor":35.0},{"not_picked":["Consecrate+1"],"picked":"SKIP","floor":37.0},{"not_picked":["Vengeance"],"picked":"SKIP","floor":39.0},{"not_picked":["Evaluate"],"picked":"SKIP","floor":44.0},{"not_picked":[],"picked":"Pray+1","floor":46.0},{"not_picked":["Collect"],"picked":"SKIP","floor":48.0}],"player_experience":119544,"relics_obtained":[{"floor":7.0,"key":"Molten Egg 2"},{"floor":9.0,"key":"Turnip"},{"floor":24.0,"key":"Calipers"},{"floor":26.0,"key":"Bag of Marbles"},{"floor":28.0,"key":"Toy Ornithopter"},{"floor":30.0,"key":"Pen Nib"},{"floor":43.0,"key":"Pantograph"},{"floor":44.0,"key":"Omamori"}],"event_choices":[{"damage_healed":0.0,"max_hp_gain":0.0,"max_hp_loss":0.0,"gold_gain":0.0,"event_name":"Wheel of Change","player_choice":"Damaged","floor":2.0,"gold_loss":0.0,"damage_taken":7.0},{"damage_healed":0.0,"max_hp_gain":0.0,"max_hp_loss":0.0,"gold_gain":0.0,"event_name":"Addict","player_choice":"Obtained Relic","floor":27.0,"gold_loss":85.0,"damage_taken":0.0,"relics_obtained":["Lantern"]},{"damage_healed":0.0,"max_hp_gain":0.0,"max_hp_loss":0.0,"gold_gain":100.0,"event_name":"Golden Shrine","player_choice":"Pray","floor":31.0,"gold_loss":0.0,"damage_taken":0.0},{"cards_removed":["Defend_P"],"damage_healed":0.0,"max_hp_gain":0.0,"max_hp_loss":0.0,"gold_gain":0.0,"event_name":"Falling","player_choice":"Removed Skill","floor":38.0,"gold_loss":0.0,"damage_taken":0.0},{"damage_healed":0.0,"max_hp_gain":0.0,"max_hp_loss":0.0,"gold_gain":0.0,"event_name":"The Woman in Blue","player_choice":"Bought 0 Potions","floor":41.0,"gold_loss":0.0,"damage_taken":0.0}],"is_beta":false,"boss_relics":[{"not_picked":["HolyWater","Fusion Hammer"],"picked":"Sozu"},{"not_picked":["Philosopher\u0027s Stone","Pandora\u0027s Box"],"picked":"Busted Crown"}],"items_purged_floors":[19,36],"is_endless":false,"potions_floor_spawned":[1,5,7,11,16,21,24,28,30,33,35,39,48],"ascension_level":1}}