{"host":"ockkdcgl3b18tfz9","time":1613322123,"event":{"mods":["2.2 Compatiblity","BaseMod","Better Skull","Better Third Choice","BetterRewards","Hermit","Minty Spire (QoL Compilation)","Quick Restart","Spicy Shops","StSLib"],"gold_per_floor":[115,128,145,145,170,170,204,284,305,305,305,305,38,76,76,92,92,92,220,220,235,235,259,259,259,259,283,283,319,399,399,414,414,414,104,117,117,117,220,220,233,233,49,49,11,11,11,40,40,40,54,83,133,144,144,144,144],"floor_reached":56,"language":"ENG","playtime":1625,"items_purged":[],"score":940,"play_id":"fc01421f-7edf-4759-8a44-80950c5d91a8","local_time":"20210215000203","is_ascension_mode":true,"campfire_choices":[{"data":"Carnage","floor":6.0,"key":"SMITH"},{"floor":12.0,"key":"REST"},{"floor":15.0,"key":"REST"},{"floor":17.0,"key":"REST"},{"floor":18.0,"key":"DIG"},{"data":"Fire Breathing","floor":26.0,"key":"SMITH"},{"floor":28.0,"key":"REST"},{"floor":31.0,"key":"REST"},{"floor":37.0,"key":"REST"},{"floor":38.0,"key":"REST"},{"floor":46.0,"key":"DIG"},{"floor":50.0,"key":"REST"},{"floor":55.0,"key":"REST"}],"circlet_count":0,"master_deck":["AscendersBane","Bash","Thunderclap","Power Through","Clothesline","Berserk","Pommel Strike","Heavy Blade","Spot Weakness","Offering","Heavy Blade+1","Wild Strike+1","Barricade","Ghostly Armor","Immolate","Fire Breathing+1","Feel No Pain","Armaments","Metallicize","Fire Breathing","Shrug It Off","Body Slam","Flex","Fiend Fire","Flex","Apotheosis","Limit Break","Seeing Red","Disarm","Offering","Seeing Red+1","Carnage+1","Juggernaut"],"relics":["Runic Dome","Bloody Idol","Matryoshka","Mercury Hourglass","Dream Catcher","Shovel","Bottled Tornado","Question Card","Membership Card","PreservedInsect","Ginger","Singing Bowl","Pandora\u0027s Box","Blue Candle","Akabeko","Pantograph","Happy Flower","Oddly Smooth Stone","Whetstone","Medical Kit","Snecko Eye","Champion Belt","Bottled Lightning","Meat on the Bone","Magic Flower","Pear","FossilizedHelix"],"acts_visited":["Exordium","TheCity","TheBeyond"],"potions_floor_usage":[56,56],"damage_taken":[{"damage":1.0,"enemies":"Cultist","floor":1.0,"turns":4.0},{"damage":2.0,"enemies":"Jaw Worm","floor":2.0,"turns":2.0},{"damage":0.0,"enemies":"Small Slimes","floor":3.0,"turns":3.0},{"damage":9.0,"enemies":"2 Fungi Beasts","floor":5.0,"turns":3.0},{"damage":10.0,"enemies":"Lagavulin","floor":7.0,"turns":5.0},{"damage":14.0,"enemies":"Lagavulin Event","floor":8.0,"turns":4.0},{"damage":0.0,"enemies":"Blue Slaver","floor":9.0,"turns":2.0},{"damage":16.0,"enemies":"3 Sentries","floor":14.0,"turns":3.0},{"damage":3.0,"enemies":"Lots of Slimes","floor":16.0,"turns":2.0},{"damage":23.0,"enemies":"Slime Boss","floor":19.0,"turns":6.0},{"damage":24.0,"enemies":"3 Byrds","floor":21.0,"turns":3.0},{"damage":32.0,"enemies":"2 Thieves","floor":23.0,"turns":2.0},{"damage":6.0,"enemies":"Centurion and Healer","floor":27.0,"turns":3.0},{"damage":43.0,"enemies":"Slavers","floor":29.0,"turns":3.0},{"damage":24.0,"enemies":"Snake Plant","floor":32.0,"turns":3.0},{"damage":18.0,"enemies":"Chosen and Byrds","floor":36.0,"turns":2.0},{"damage":43.0,"enemies":"Champ","floor":39.0,"turns":9.0},{"damage":10.0,"enemies":"Orb Walker","floor":41.0,"turns":3.0},{"damage":48.0,"enemies":"Nemesis","floor":48.0,"turns":5.0},{"damage":48.0,"enemies":"3 Darklings","floor":51.0,"turns":4.0},{"damage":16.0,"enemies":"Giant Head","floor":52.0,"turns":6.0},{"damage":10.0,"enemies":"Mind Bloom Boss Battle","floor":53.0,"turns":6.0},{"damage":32.0,"enemies":"Sphere and 2 Shapes","floor":54.0,"turns":3.0},{"damage":107,"enemies":"Donu and Deca","floor":56,"turns":6}],"seed_played":"5145911475604322827","potions_obtained":[{"floor":2.0,"key":"BlessingOfTheForge"},{"floor":7.0,"key":"Ancient Potion"},{"floor":16.0,"key":"DuplicationPotion"},{"floor":19.0,"key":"Energy Potion"},{"floor":27.0,"key":"DistilledChaos"},{"floor":36.0,"key":"ColorlessPotion"},{"floor":39.0,"key":"DuplicationPotion"}],"is_trial":false,"path_per_floor":["M","M","M","?","M","R","E","?","M","T","T","R","$","E","R","M","R","R","B",null,"M","?","M","?","T","R","M","R","E","T","R","M","?","?","$","M","R","R","B",null,"M","?","$","?","$","R","$","E","T","R","M","E","?","M","R","B"],"character_chosen":"IRONCLAD","items_purchased":["Membership Card","PreservedInsect","Offering","Oddly Smooth Stone","Whetstone","Medical Kit","Fire Breathing","Shrug It Off","Limit Break","Champion Belt","Seeing Red"],"campfire_rested":9,"item_purchase_floors":[13,13,13,35,35,35,35,35,43,43,45],"current_hp_per_floor":[71,69,69,49,40,40,30,16,16,16,16,40,40,24,48,45,69,69,46,72,48,48,16,42,42,42,38,62,21,21,46,24,24,24,24,11,36,63,50,79,74,74,74,88,88,88,88,47,47,74,49,66,97,70,100,0,0],"gold":144,"neow_bonus":"BOSS_RELIC","is_daily":false,"chose_seed":false,"campfire_upgraded":2,"win_rate":0.0,"timestamp":1613322123,"path_taken":["M","M","?","?","M","R","E","?","M","T","T","R","$","E","R","M","R","R","BOSS","M","?","M","?","?","R","M","R","E","T","R","?","?","?","$","M","R","R","BOSS","M","?","$","?","$","R","$","E","T","R","?","E","?","M","R","BOSS"],"items_purchased_type":["Relic","Relic","Card","Relic","Relic","Relic","Card","Card","Card","Relic","Card"],"build_version":"2020-12-22","purchased_purges":0,"victory":false,"max_hp_per_floor":[80,80,80,80,80,80,80,80,80,80,80,80,80,80,80,80,80,80,80,80,80,80,80,80,80,80,82,82,84,84,84,86,86,86,86,86,86,88,88,88,88,88,88,88,88,88,88,90,90,90,90,100,102,102,102,102,102],"card_choices":[{"not_picked":["Searing Blow","Second Wind"],"picked":"Thunderclap","floor":1.0},{"not_picked":["Headbutt","Cleave"],"picked":"Power Through","floor":2.0},{"not_picked":["Perfected Strike","Shockwave"],"picked":"Clothesline","floor":3.0},{"not_picked":["Headbutt","Havoc"],"picked":"Carnage","floor":5.0},{"not_picked":["Perfected Strike","Disarm"],"picked":"Berserk","floor":7.0},{"not_picked":["Sword Boomerang","Blood for Blood"],"picked":"Pommel Strike","floor":8.0},{"not_picked":["Rage","Carnage"],"picked":"Heavy Blade","floor":9.0},{"not_picked":["Sword Boomerang","Iron Wave","Inflame"],"picked":"Spot Weakness","floor":12.0},{"not_picked":["Evolve","Sever Soul","Carnage"],"picked":"Heavy Blade","floor":14.0},{"not_picked":["Armaments","Intimidate","Clash"],"picked":"Wild Strike","floor":15.0},{"not_picked":["Bloodletting","Warcry","Armaments"],"picked":"Barricade","floor":16.0},{"not_picked":["Rampage","Anger","Carnage"],"picked":"Ghostly Armor","floor":17.0},{"not_picked":["Reaper","Double Tap","Berserk"],"picked":"Immolate","floor":19.0},{"not_picked":["Anger","Shrug It Off+1","Rampage"],"picked":"Fire Breathing","floor":21.0},{"not_picked":["Twin Strike","Metallicize","Exhume"],"picked":"Feel No Pain","floor":23.0},{"not_picked":["Clothesline","Clash","Pommel Strike","Iron Wave+1"],"picked":"Singing Bowl","floor":27.0},{"not_picked":["Twin Strike","Clothesline+1","Bloodletting"],"picked":"Armaments","floor":28.0},{"not_picked":["Iron Wave","Sentinel","Sever Soul+1","Uppercut"],"picked":"Singing Bowl","floor":29.0},{"not_picked":["Anger","Heavy Blade","Pommel Strike+1"],"picked":"Metallicize","floor":31.0},{"not_picked":["Searing Blow","Evolve+1","Clothesline","Juggernaut"],"picked":"Singing Bowl","floor":32.0},{"not_picked":["Rage","Second Wind","Feel No Pain+1"],"picked":"Body Slam","floor":36.0},{"not_picked":["Thunderclap+1","Bloodletting","Perfected Strike"],"picked":"Flex","floor":37.0},{"not_picked":["Metallicize","Headbutt","Anger","Evolve"],"picked":"Singing Bowl","floor":38.0},{"not_picked":["Bludgeon","Brutality","Double Tap"],"picked":"Fiend Fire","floor":39.0},{"not_picked":["Inflame","Thunderclap","Second Wind+1"],"picked":"Flex","floor":41.0},{"not_picked":["Jack Of All Trades","Finesse","Secret Weapon"],"picked":"Apotheosis","floor":42.0},{"not_picked":["Shrug It Off+1","Clash","Evolve","Combust"],"picked":"Singing Bowl","floor":48.0},{"not_picked":["Clothesline","Shrug It Off+1","Twin Strike+1"],"picked":"Disarm","floor":50.0},{"not_picked":["Perfected Strike+1","Infernal Blade+1","Wild Strike+1"],"picked":"Offering","floor":51.0},{"not_picked":["Hemokinesis","Clothesline+1","Thunderclap"],"picked":"Seeing Red+1","floor":52.0},{"not_picked":["Blood for Blood","Sword Boomerang+1","Burning Pact","Iron Wave"],"picked":"Singing Bowl","floor":53.0},{"not_picked":["Armaments+1","Pommel Strike+1","Heavy Blade"],"picked":"Carnage+1","floor":54.0},{"not_picked":["Twin Strike","Wild Strike","Clash"],"picked":"Juggernaut","floor":55.0}],"player_experience":380060,"relics_obtained":[{"floor":7.0,"key":"Matryoshka"},{"floor":10.0,"key":"Dream Catcher"},{"floor":10.0,"key":"Shovel"},{"floor":11.0,"key":"Bottled Tornado"},{"floor":11.0,"key":"Question Card"},{"floor":14.0,"key":"Ginger"},{"floor":18.0,"key":"Singing Bowl"},{"floor":25.0,"key":"Blue Candle"},{"floor":29.0,"key":"Akabeko"},{"floor":30.0,"key":"Pantograph"},{"floor":46.0,"key":"Bottled Lightning"},{"floor":48.0,"key":"Meat on the Bone"},{"floor":49.0,"key":"Magic Flower"},{"floor":52.0,"key":"Pear"},{"floor":53.0,"key":"FossilizedHelix"}],"event_choices":[{"damage_healed":0.0,"max_hp_gain":0.0,"max_hp_loss":0.0,"gold_gain":0.0,"event_name":"Golden Idol","player_choice":"Take Damage","floor":4.0,"gold_loss":0.0,"damage_taken":20.0,"relics_obtained":["Golden Idol"]},{"damage_healed":0.0,"max_hp_gain":0.0,"max_hp_loss":0.0,"gold_gain":0.0,"event_name":"Dead Adventurer","player_choice":"Searched \u00272\u0027 times","floor":8.0,"gold_loss":0.0,"damage_taken":0.0,"relics_obtained":["Mercury Hourglass"]},{"damage_healed":0.0,"max_hp_gain":0.0,"max_hp_loss":0.0,"gold_gain":0.0,"event_name":"Ghosts","player_choice":"Ignored","floor":22.0,"gold_loss":0.0,"damage_taken":0.0},{"damage_healed":26.0,"max_hp_gain":0.0,"max_hp_loss":0.0,"gold_gain":0.0,"event_name":"The Library","player_choice":"Heal","floor":24.0,"gold_loss":0.0,"damage_taken":0.0},{"damage_healed":0.0,"max_hp_gain":0.0,"max_hp_loss":0.0,"gold_gain":0.0,"event_name":"Forgotten Altar","player_choice":"Gave Idol","floor":33.0,"relics_lost":["Golden Idol"],"gold_loss":0.0,"damage_taken":0.0,"relics_obtained":["Bloody Idol"]},{"damage_healed":0.0,"max_hp_gain":0.0,"max_hp_loss":0.0,"gold_gain":0.0,"event_name":"The Mausoleum","player_choice":"Opened","floor":34.0,"gold_loss":0.0,"damage_taken":0.0,"relics_obtained":["Happy Flower"]},{"damage_healed":0.0,"max_hp_gain":0.0,"max_hp_loss":0.0,"gold_gain":0.0,"event_name":"SensoryStone","player_choice":"Memory 1","floor":42.0,"gold_loss":0.0,"damage_taken":0.0},{"cards_removed":["Carnage"],"damage_healed":14.0,"max_hp_gain":0.0,"max_hp_loss":0.0,"gold_gain":0.0,"event_name":"Bonfire Elementals","player_choice":"Offered Uncommon","floor":44.0,"gold_loss":0.0,"damage_taken":0.0},{"damage_healed":0.0,"max_hp_gain":0.0,"max_hp_loss":0.0,"gold_gain":0.0,"event_name":"MindBloom","player_choice":"Fight","floor":53.0,"gold_loss":0.0,"damage_taken":0.0}],"is_beta":false,"boss_relics":[{"not_picked":["Runic Cube","Fusion Hammer"],"picked":"Pandora\u0027s Box"},{"not_picked":["Velvet Choker","Coffee Dripper"],"picked":"Snecko Eye"}],"items_purged_floors":[],"is_endless":false,"potions_floor_spawned":[2,7,16,19,21,27,36,39,48,51,53],"killed_by":"Donu and Deca","ascension_level":11}}