{"host":"idjwbq71yrpkph1r","time":1613261297,"event":{"mods":["AchievementEnabler","Alarm Clock","BaseMod","Block Reminder","Colored Map","Colored Powertips","Curses Come First","Dark Map","Displayed Cursed Tome","Hermit","Minty Spire (QoL Compilation)","Monster B Gone","Morshu Shopkeeper","Rare Cards Sparkle","Relic Stats","StSLib","everything is the same but u backflip on backflip"],"gold_per_floor":[113,113,128,43,43,43,61,77,77,88,88,104,115,215,215,318,318,331,331,350,364,376,376,403,502,555,555,480,380,397,397,397,397,397],"floor_reached":33,"language":"ENG","playtime":1163,"items_purged":["Strike_R","Strike_R"],"score":259,"play_id":"0e143ec6-f00a-48a0-951c-8c19eb13b324","local_time":"20210214010817","is_ascension_mode":false,"campfire_choices":[{"data":"Trip","floor":6,"key":"SMITH"},{"data":"Rampage","floor":11,"key":"SMITH"},{"data":"Rage","floor":15,"key":"SMITH"},{"data":"Battle Trance","floor":23,"key":"SMITH"},{"floor":27,"key":"REST"},{"floor":32,"key":"REST"}],"circlet_count":0,"master_deck":["Strike_R","Strike_R","Defend_R","Defend_R","Defend_R","Defend_R","Clash","Rage+1","Trip+1","Rampage+1","Clash","Clash","Flex","Battle Trance+1"],"relics":["Burning Blood"],"acts_visited":["Exordium","TheCity"],"potions_floor_usage":[16,16,24,30,30],"damage_taken":[{"damage":6,"enemies":"Jaw Worm","floor":1,"turns":3},{"damage":0,"enemies":"Cultist","floor":3,"turns":3},{"damage":0,"enemies":"Small Slimes","floor":7,"turns":3},{"damage":2,"enemies":"3 Louse","floor":8,"turns":3},{"damage":7,"enemies":"Exordium Thugs","floor":10,"turns":4},{"damage":4,"enemies":"Red Slaver","floor":12,"turns":2},{"damage":0,"enemies":"3 Louse","floor":13,"turns":2},{"damage":15,"enemies":"Slime Boss","floor":16,"turns":8},{"damage":27,"enemies":"2 Thieves","floor":18,"turns":4},{"damage":10,"enemies":"3 Byrds","floor":20,"turns":5},{"damage":0,"enemies":"Centurion and Healer","floor":21,"turns":5},{"damage":7,"enemies":"Snake Plant","floor":22,"turns":3},{"damage":51,"enemies":"Slavers","floor":24,"turns":8},{"damage":33,"enemies":"Chosen and Byrds","floor":30,"turns":8},{"damage":72,"enemies":"Champ","floor":33,"turns":7}],"seed_played":"4749832321591058944","potions_obtained":[{"floor":1,"key":"Strength Potion"},{"floor":7,"key":"DuplicationPotion"},{"floor":8,"key":"Dexterity Potion"},{"floor":12,"key":"Regen Potion"},{"floor":22,"key":"Fire Potion"},{"floor":24,"key":"Explosive Potion"}],"is_trial":false,"path_per_floor":["M","?","M","$","?","R","M","M","T","M","R","M","M","?","R","B",null,"M","?","M","M","M","R","E","?","T","R","$","$","M","?","R","B"],"character_chosen":"IRONCLAD","items_purchased":["Trip"],"campfire_rested":2,"item_purchase_floors":[4],"current_hp_per_floor":[88,88,88,88,88,88,88,88,88,87,87,88,88,88,88,79,88,67,67,63,69,68,68,38,38,38,64,64,64,37,37,63,0,0],"gold":397,"neow_bonus":"TEN_PERCENT_HP_BONUS","is_daily":false,"chose_seed":false,"campfire_upgraded":4,"win_rate":0.0,"timestamp":1613261297,"path_taken":["M","?","?","$","?","R","M","M","T","M","R","M","?","?","R","BOSS","M","?","M","?","M","R","E","?","T","R","?","$","M","?","R","BOSS"],"items_purchased_type":["Card"],"build_version":"2020-12-22","purchased_purges":2,"victory":false,"max_hp_per_floor":[88,88,88,88,88,88,88,88,88,88,88,88,88,88,88,88,88,88,88,88,88,88,88,88,88,88,88,88,88,88,88,88,88,88],"relic_stats":{"counters":[15,68],"obtain_stats":[{"Burning Blood":0},{"Burning Blood":0},{"Burning Blood":0}],"Burning Blood":61},"card_choices":[{"not_picked":["Dark Embrace","Pommel Strike"],"picked":"Clash","floor":1},{"not_picked":["Fire Breathing","Warcry"],"picked":"Rage","floor":3},{"not_picked":["Thunderclap","Iron Wave"],"picked":"Rampage","floor":7},{"not_picked":["Headbutt","Thunderclap"],"picked":"Clash","floor":8},{"not_picked":["True Grit","Warcry"],"picked":"Clash","floor":10},{"not_picked":["Intimidate","Body Slam"],"picked":"Flex","floor":12},{"not_picked":["Disarm","Body Slam"],"picked":"Battle Trance","floor":13},{"not_picked":["True Grit","Intimidate+1","Flame Barrier"],"picked":"SKIP","floor":18},{"not_picked":["Intimidate+1","True Grit","Clothesline"],"picked":"SKIP","floor":20},{"not_picked":["Iron Wave","Sever Soul","Anger"],"picked":"SKIP","floor":21},{"not_picked":["Wild Strike+1","Iron Wave","True Grit"],"picked":"SKIP","floor":22},{"not_picked":["Combust","Iron Wave","Double Tap"],"picked":"SKIP","floor":24},{"not_picked":["Heavy Blade","Havoc","Anger"],"picked":"SKIP","floor":30}],"player_experience":354360,"relics_obtained":[],"event_choices":[{"damage_healed":0,"gold_gain":0,"player_choice":"Ignored","damage_taken":0,"max_hp_gain":0,"max_hp_loss":0,"event_name":"WeMeetAgain","floor":2,"gold_loss":0},{"cards_removed":["Bash"],"damage_healed":0,"gold_gain":0,"player_choice":"Offered Basic","damage_taken":0,"max_hp_gain":0,"max_hp_loss":0,"event_name":"Bonfire Elementals","floor":5,"gold_loss":0},{"damage_healed":0,"gold_gain":100,"player_choice":"Pray","damage_taken":0,"max_hp_gain":0,"max_hp_loss":0,"event_name":"Golden Shrine","floor":14,"gold_loss":0},{"cards_removed":["Strike_R"],"damage_healed":0,"gold_gain":0,"player_choice":"Purged","damage_taken":0,"max_hp_gain":0,"max_hp_loss":0,"event_name":"Purifier","floor":19,"gold_loss":0},{"damage_healed":0,"gold_gain":99,"player_choice":"Stole From Cult","damage_taken":0,"max_hp_gain":0,"max_hp_loss":0,"event_name":"Nest","floor":25,"gold_loss":0}],"is_beta":false,"boss_relics":[{"not_picked":["SacredBark","Astrolabe","Tiny House"]}],"items_purged_floors":[28,29],"is_endless":false,"potions_floor_spawned":[1,7,8,12,22,24],"killed_by":"Champ","ascension_level":0}}