{"host":"8jwrv7sn1174lfer","time":1613295105,"event":{"mods":["BaseMod","Colored Map","Colored Powertips","Downfall","Highlight Path","Minty Spire (QoL Compilation)","StSLib"],"gold_per_floor":[0,16,30,30,106,119,119,151,164,164,189,189,235,1,20,20,20,20],"floor_reached":16,"language":"ENG","playtime":823,"items_purged":["bronze:Defend"],"score":146,"play_id":"b1b87c23-8613-43c8-b88b-fec09dd7ef84","local_time":"20210214043145","is_ascension_mode":true,"campfire_choices":[{"data":"bronze:Goto","floor":1,"key":"SMITH"},{"data":"bronze:BuggyMess","floor":10,"key":"SMITH"}],"circlet_count":0,"master_deck":["bronze:Strike","bronze:Strike","bronze:Strike","bronze:Defend","bronze:Defend","bronze:Defend","bronze:Replicate","bronze:Goto+1","bronze:OilSpill","bronze:Repulsor","bronze:Constructor","bronze:Mutator","bronze:BuggyMess+1","bronze:OilSpill","bronze:Shield","bronze:BuggyMess"],"relics":["bronze:BronzeCore","Gremlin Horn","Oddly Smooth Stone","Pen Nib","PreservedInsect","Regal Pillow","Bag of Preparation"],"acts_visited":["Exordium"],"potions_floor_usage":[14],"damage_taken":[{"damage":1,"enemies":"Cultist","floor":2,"turns":3},{"damage":7,"enemies":"Jaw Worm","floor":3,"turns":2},{"damage":5,"enemies":"2 Louse","floor":6,"turns":2},{"damage":13,"enemies":"3 Sentries","floor":8,"turns":12},{"damage":0,"enemies":"downfall:LooterAlt","floor":9,"turns":3},{"damage":36,"enemies":"Gremlin Nob","floor":11,"turns":5},{"damage":0,"enemies":"downfall:FleeingMerchant","floor":14,"turns":4},{"damage":6,"enemies":"Exordium Wildlife","floor":15,"turns":3},{"damage":35,"enemies":"WA_ARCHETYPE_RETAIN","floor":16,"turns":6}],"seed_played":"4785647065859093475","potions_obtained":[{"floor":2,"key":"bronze:FreeFunctionsPotion"},{"floor":8,"key":"Explosive Potion"},{"floor":9,"key":"SkillPotion"}],"is_trial":false,"path_per_floor":["R","M","M","?","T","M","T","E","M","R","E","?","T","$","M","B"],"character_chosen":"THE_AUTOMATON","items_purchased":["Bag of Preparation"],"campfire_rested":0,"item_purchase_floors":[14],"current_hp_per_floor":[84,83,76,76,76,71,71,58,58,58,22,27,27,27,21,0,0,0],"gold":20,"neow_bonus":"TWENTY_PERCENT_HP_BONUS","is_daily":false,"chose_seed":false,"campfire_upgraded":2,"win_rate":0.0,"timestamp":1613295105,"path_taken":["R","M","M","?","?","M","T","E","M","R","E","?","?","$","M","BOSS"],"items_purchased_type":["Relic"],"build_version":"2020-12-22","purchased_purges":1,"victory":false,"max_hp_per_floor":[84,84,84,84,84,84,84,84,84,84,84,89,89,89,89,89,89,89],"card_choices":[{"not_picked":["bronze:BronzeArmor","bronze:DelayedSlice"],"picked":"bronze:OilSpill","floor":2},{"not_picked":["bronze:Backtrace","bronze:WildBeam"],"picked":"bronze:Repulsor","floor":3},{"not_picked":["bronze:ForLoop","bronze:Refactor"],"picked":"bronze:Constructor","floor":6},{"not_picked":["bronze:TinkerersToolbox","bronze:Turbo"],"picked":"bronze:Mutator","floor":8},{"not_picked":["bronze:Branch","bronze:GetLatest"],"picked":"bronze:BuggyMess","floor":9},{"not_picked":["bronze:WhirlingStrike","bronze:Flail"],"picked":"bronze:OilSpill","floor":11},{"not_picked":["bronze:Allocate","bronze:Mutator"],"picked":"bronze:Shield","floor":14},{"not_picked":["bronze:Philosophize","bronze:Backtrace"],"picked":"bronze:BuggyMess","floor":15}],"player_experience":764491,"relics_obtained":[{"floor":5,"key":"Gremlin Horn"},{"floor":7,"key":"Oddly Smooth Stone"},{"floor":8,"key":"Pen Nib"},{"floor":11,"key":"PreservedInsect"},{"floor":13,"key":"Regal Pillow"}],"event_choices":[{"cards_removed":["bronze:Strike"],"damage_healed":0,"gold_gain":0,"player_choice":"Card Removal","damage_taken":0,"max_hp_gain":0,"max_hp_loss":0,"event_name":"The Cleric","floor":4,"gold_loss":0},{"damage_healed":0,"gold_gain":0,"player_choice":"Donut","damage_taken":0,"max_hp_gain":5,"max_hp_loss":0,"event_name":"Big Fish","floor":12,"gold_loss":0}],"is_beta":false,"boss_relics":[],"items_purged_floors":[14],"is_endless":false,"potions_floor_spawned":[2,8,9,11],"killed_by":"WA_ARCHETYPE_RETAIN","ascension_level":2}}