{"host":"lv7etzzgwahaenh9","time":1613343185,"event":{"mods":["AchievementEnabler","BaseMod","Colored Map","Colored Powertips","Highlight Path","Minty Spire (QoL Compilation)","Permanent Neow","Quick Restart","Random Character Button","StSLib"],"gold_per_floor":[112,122,135,135,153,180,180,207,282,295,295,323,336,353,353,454,454,471,56,56,106,122,122,141,141,141,154,188,188,201,215,215,315,315,328,343,359,359,12,12,32,60,60,110,110,123,123,150,150,150,150,150,29,61,61,61],"floor_reached":55,"language":"ENG","playtime":3046,"items_purged":["Defend_R","Defend_R"],"score":1124,"play_id":"d4ca8f67-a006-4359-b54e-54b8fb683581","local_time":"20210214145305","is_ascension_mode":true,"campfire_choices":[{"data":"Perfected Strike","floor":7,"key":"SMITH"},{"floor":11,"key":"REST"},{"data":"Armaments","floor":15,"key":"SMITH"},{"data":"Corruption","floor":23,"key":"SMITH"},{"data":"True Grit","floor":25,"key":"SMITH"},{"data":"Sadistic Nature","floor":32,"key":"SMITH"},{"data":"Apotheosis","floor":40,"key":"SMITH"},{"floor":45,"key":"REST"},{"floor":47,"key":"RECALL"},{"floor":49,"key":"REST"},{"data":"Immolate","floor":52,"key":"SMITH"}],"circlet_count":0,"master_deck":["AscendersBane","Strike_R","Strike_R+1","Strike_R+1","Strike_R","Strike_R","Sadistic Nature+1","Pommel Strike","Dual Wield","Perfected Strike+1","Feed","Bash","Uppercut","True Grit+1","Body Slam","Inflame","Armaments+1","Corruption+1","True Grit","Blind","Necronomicurse","Intimidate+1","Clothesline","Immolate+1","Spot Weakness","Warcry","Impervious","Sentinel","Sentinel","Apotheosis+1","Shrug It Off","Feel No Pain"],"relics":["Burning Blood","Darkstone Periapt","Thread and Needle","Shuriken","Whetstone","Busted Crown","Singing Bowl","Necronomicon","Tiny Chest","Blood Vial","SacredBark","Lantern","Dead Branch","Strawberry","Bottled Tornado"],"acts_visited":["Exordium","TheCity","TheBeyond","TheEnding"],"potions_floor_usage":[6,8,13,16,33,33,33,33,37,41,42,54,54],"damage_taken":[{"damage":0,"enemies":"2 Louse","floor":1,"turns":3},{"damage":1,"enemies":"Cultist","floor":2,"turns":3},{"damage":2,"enemies":"Jaw Worm","floor":3,"turns":3},{"damage":0,"enemies":"Large Slime","floor":5,"turns":3},{"damage":35,"enemies":"3 Sentries","floor":6,"turns":10},{"damage":23,"enemies":"Lagavulin","floor":8,"turns":7},{"damage":14,"enemies":"Lots of Slimes","floor":10,"turns":5},{"damage":28,"enemies":"3 Sentries","floor":12,"turns":8},{"damage":0,"enemies":"2 Fungi Beasts","floor":13,"turns":1},{"damage":9,"enemies":"Blue Slaver","floor":14,"turns":2},{"damage":34,"enemies":"The Guardian","floor":16,"turns":13},{"damage":17,"enemies":"2 Thieves","floor":18,"turns":4},{"damage":0,"enemies":"Chosen","floor":22,"turns":3},{"damage":0,"enemies":"Centurion and Healer","floor":24,"turns":3},{"damage":0,"enemies":"3 Cultists","floor":27,"turns":4},{"damage":26,"enemies":"Book of Stabbing","floor":28,"turns":5},{"damage":0,"enemies":"Sentry and Sphere","floor":30,"turns":3},{"damage":0,"enemies":"Cultist and Chosen","floor":31,"turns":3},{"damage":39,"enemies":"Collector","floor":33,"turns":6},{"damage":3,"enemies":"Orb Walker","floor":35,"turns":2},{"damage":30,"enemies":"3 Darklings","floor":36,"turns":6},{"damage":15,"enemies":"Writhing Mass","floor":37,"turns":4},{"damage":0,"enemies":"Transient","floor":41,"turns":5},{"damage":10,"enemies":"Nemesis","floor":42,"turns":5},{"damage":26,"enemies":"Mind Bloom Boss Battle","floor":44,"turns":5},{"damage":19,"enemies":"Spire Growth","floor":46,"turns":4},{"damage":33,"enemies":"Time Eater","floor":50,"turns":7},{"damage":46,"enemies":"Shield and Spear","floor":54,"turns":5},{"damage":124,"enemies":"The Heart","floor":55,"turns":6}],"seed_played":"4888664279331249899","potions_obtained":[{"floor":2,"key":"DuplicationPotion"},{"floor":6,"key":"Block Potion"},{"floor":10,"key":"SpeedPotion"},{"floor":12,"key":"Fire Potion"},{"floor":28,"key":"Weak Potion"},{"floor":30,"key":"EntropicBrew"},{"floor":31,"key":"Explosive Potion"},{"floor":35,"key":"ElixirPotion"},{"floor":37,"key":"SkillPotion"}],"is_trial":false,"path_per_floor":["M","M","M","?","M","E","R","E","T","M","R","E","M","M","R","B",null,"M","$","?","?","M","R","M","R","T","M","E","?","M","M","R","B",null,"M","M","M","?","$","R","M","E","T","?","R","M","R","T","R","B",null,"R","$","E","B"],"character_chosen":"IRONCLAD","items_purchased":["Blind","Singing Bowl","Apotheosis","Shrug It Off","Feel No Pain","Block Potion"],"campfire_rested":3,"item_purchase_floors":[19,19,39,39,53,53],"current_hp_per_floor":[72,72,72,72,75,49,49,32,32,27,51,29,35,35,35,7,65,57,57,47,47,55,55,63,63,63,69,49,49,59,67,67,36,83,90,68,61,61,61,61,71,71,71,59,92,83,83,90,120,93,113,113,113,116,0,0],"gold":61,"neow_bonus":"RANDOM_COLORLESS_2","is_daily":false,"chose_seed":false,"campfire_upgraded":7,"win_rate":0.0,"timestamp":1613343185,"path_taken":["M","M","M","?","M","E","R","E","T","M","R","E","?","M","R","BOSS","M","$","?","?","?","R","?","R","T","M","E","?","M","M","R","BOSS","M","M","M","?","$","R","M","E","T","?","R","M","R","?","R","BOSS","R","$","E","BOSS"],"items_purchased_type":["Card","Relic","Card","Card","Card","Potion"],"build_version":"2020-12-22","purchased_purges":2,"victory":false,"max_hp_per_floor":[72,72,72,72,75,78,78,78,78,81,81,81,81,84,84,84,84,87,87,93,93,95,95,97,97,97,97,97,97,99,99,99,99,99,101,101,101,101,101,101,103,105,105,111,111,113,113,120,120,120,120,120,120,122,122,122],"card_choices":[{"not_picked":["Transmutation","Magnetism"],"picked":"Sadistic Nature","floor":0},{"not_picked":["Flex","Infernal Blade"],"picked":"Pommel Strike","floor":1},{"not_picked":["Warcry","Rage"],"picked":"Dual Wield","floor":2},{"not_picked":["Cleave","Rage"],"picked":"Perfected Strike","floor":3},{"not_picked":["Clothesline","Sword Boomerang","Anger"],"picked":"SKIP","floor":5},{"not_picked":["Heavy Blade","Clothesline"],"picked":"Uppercut","floor":6},{"not_picked":["Rampage","Sentinel","Blood for Blood"],"picked":"SKIP","floor":8},{"not_picked":["Wild Strike","Sword Boomerang"],"picked":"True Grit","floor":10},{"not_picked":["Sword Boomerang","Flex"],"picked":"Body Slam","floor":12},{"not_picked":["Pommel Strike","Heavy Blade"],"picked":"Inflame","floor":13},{"not_picked":["Battle Trance","Perfected Strike"],"picked":"Armaments","floor":14},{"not_picked":["Impervious","Bludgeon"],"picked":"Corruption","floor":16},{"not_picked":[],"picked":"True Grit","floor":18},{"not_picked":["Sword Boomerang+1"],"picked":"Singing Bowl","floor":22},{"not_picked":["Heavy Blade+1"],"picked":"Singing Bowl","floor":24},{"not_picked":[],"picked":"Intimidate+1","floor":27},{"not_picked":[],"picked":"Clothesline","floor":28},{"not_picked":["Fire Breathing"],"picked":"Singing Bowl","floor":30},{"not_picked":[],"picked":"Warcry","floor":31},{"not_picked":[],"picked":"Impervious","floor":33},{"not_picked":["Heavy Blade"],"picked":"Singing Bowl","floor":35},{"not_picked":[],"picked":"Sentinel","floor":36},{"not_picked":[],"picked":"Sentinel","floor":37},{"not_picked":["Body Slam"],"picked":"Singing Bowl","floor":41},{"not_picked":["Thunderclap+1"],"picked":"Singing Bowl","floor":42},{"not_picked":["Perfected Strike+1"],"picked":"Singing Bowl","floor":44},{"not_picked":["Iron Wave"],"picked":"Singing Bowl","floor":46},{"not_picked":["Flex"],"picked":"Singing Bowl","floor":54}],"player_experience":395465,"relics_obtained":[{"floor":6,"key":"Darkstone Periapt"},{"floor":8,"key":"Thread and Needle"},{"floor":9,"key":"Shuriken"},{"floor":12,"key":"Whetstone"},{"floor":20,"key":"Necronomicon"},{"floor":26,"key":"Tiny Chest"},{"floor":28,"key":"Blood Vial"},{"floor":42,"key":"Lantern"},{"floor":44,"key":"Dead Branch"},{"floor":48,"key":"Strawberry"},{"floor":54,"key":"Bottled Tornado"}],"event_choices":[{"damage_healed":0,"gold_gain":0,"player_choice":"2 cards matched","damage_taken":0,"max_hp_gain":0,"max_hp_loss":0,"event_name":"Match and Keep!","floor":4,"gold_loss":0,"cards_obtained":["Feed","Bash"]},{"damage_healed":0,"gold_gain":0,"player_choice":"Obtained Book","damage_taken":16,"max_hp_gain":0,"max_hp_loss":0,"event_name":"Cursed Tome","floor":20,"gold_loss":0},{"damage_healed":0,"gold_gain":100,"player_choice":"Bet on Murderer","damage_taken":0,"max_hp_gain":0,"max_hp_loss":0,"event_name":"The Joust","floor":21,"gold_loss":50},{"damage_healed":0,"gold_gain":0,"cards_transformed":["Defend_R","Defend_R"],"player_choice":"Became Test Subject","damage_taken":0,"max_hp_gain":0,"max_hp_loss":0,"event_name":"Drug Dealer","floor":29,"gold_loss":0,"cards_obtained":["Immolate","Spot Weakness"]},{"cards_removed":["Bash"],"damage_healed":0,"gold_gain":0,"player_choice":"Removed Attack","damage_taken":0,"max_hp_gain":0,"max_hp_loss":0,"event_name":"Falling","floor":38,"gold_loss":0},{"damage_healed":0,"gold_gain":0,"player_choice":"Fight","damage_taken":0,"max_hp_gain":0,"max_hp_loss":0,"event_name":"MindBloom","floor":44,"gold_loss":0}],"is_beta":false,"boss_relics":[{"not_picked":["SlaversCollar","Runic Pyramid"],"picked":"Busted Crown"},{"not_picked":["Sozu","Pandora\u0027s Box"],"picked":"SacredBark"}],"items_purged_floors":[19,39],"is_endless":false,"potions_floor_spawned":[2,6,10,12,28,30,31,35,37],"killed_by":"The Heart","ascension_level":10}}