{"host":"1n4zh8skucxnzijq","time":1613318917,"event":{"mods":["BaseMod","Minty Spire (QoL Compilation)","Quick Restart"],"gold_per_floor":[111,111,136,153,164,164,193,193,193,212,212,137,167,187,187,187,187],"floor_reached":16,"language":"ENG","playtime":461,"items_purged":["Defend_G"],"score":215,"play_id":"a903ab5d-b30c-40cb-82ca-f47758b546a4","local_time":"20210214160837","is_ascension_mode":true,"campfire_choices":[{"data":"Terror","floor":6,"key":"SMITH"},{"data":"Deadly Poison","floor":8,"key":"SMITH"},{"floor":15,"key":"REST"}],"circlet_count":0,"master_deck":["AscendersBane","Strike_G","Strike_G","Strike_G","Strike_G","Strike_G","Defend_G","Defend_G","Defend_G","Survivor","Neutralize","PiercingWail","Terror+1","Deadly Poison+1","Blur","All Out Attack","Backstab"],"relics":["Ring of the Snake","Anchor","MealTicket","Gremlin Horn","Frozen Egg 2","Blood Vial"],"acts_visited":["Exordium"],"potions_floor_usage":[7,16],"damage_taken":[{"damage":0,"enemies":"2 Louse","floor":1,"turns":2},{"damage":14,"enemies":"Jaw Worm","floor":4,"turns":4},{"damage":0,"enemies":"Cultist","floor":5,"turns":3},{"damage":21,"enemies":"3 Sentries","floor":7,"turns":8},{"damage":0,"enemies":"Blue Slaver","floor":10,"turns":4},{"damage":30,"enemies":"Lagavulin","floor":13,"turns":6},{"damage":0,"enemies":"Exordium Wildlife","floor":14,"turns":3},{"damage":26,"enemies":"Slime Boss","floor":16,"turns":6}],"seed_played":"-2727023417641737507","potions_obtained":[{"floor":4,"key":"BlessingOfTheForge"},{"floor":7,"key":"Swift Potion"},{"floor":14,"key":"GamblersBrew"}],"is_trial":false,"path_per_floor":["M","?","T","M","M","R","E","R","T","M","?","$","E","M","R","B"],"character_chosen":"THE_SILENT","items_purchased":[],"campfire_rested":1,"item_purchase_floors":[],"current_hp_per_floor":[59,52,52,38,38,38,17,17,17,17,17,32,2,4,23,0,0],"gold":187,"neow_bonus":"RANDOM_COMMON_RELIC","is_daily":false,"chose_seed":false,"campfire_upgraded":2,"win_rate":0.0,"timestamp":1613318917,"path_taken":["M","?","?","?","M","R","E","R","T","M","?","?","E","?","R","BOSS"],"items_purchased_type":[],"build_version":"2020-12-22","purchased_purges":1,"victory":false,"max_hp_per_floor":[66,66,66,66,66,66,66,66,66,66,66,66,66,66,66,66,66],"card_choices":[{"not_picked":["Accuracy","Backflip"],"picked":"PiercingWail","floor":1},{"not_picked":["Deadly Poison","Concentrate"],"picked":"Terror","floor":4},{"not_picked":["Catalyst","Outmaneuver"],"picked":"Deadly Poison","floor":5},{"not_picked":["Distraction","Deflect"],"picked":"Blur","floor":7},{"not_picked":["Prepared","Sucker Punch"],"picked":"All Out Attack","floor":10},{"not_picked":["Prepared","Setup","Distraction"],"picked":"SKIP","floor":13},{"not_picked":["Underhanded Strike","Acrobatics"],"picked":"Backstab","floor":14}],"player_experience":1046483,"relics_obtained":[{"floor":3,"key":"MealTicket"},{"floor":7,"key":"Gremlin Horn"},{"floor":9,"key":"Frozen Egg 2"},{"floor":13,"key":"Blood Vial"}],"event_choices":[{"cards_removed":["Defend_G"],"damage_healed":0,"gold_gain":0,"player_choice":"Card Removal","damage_taken":7,"max_hp_gain":0,"max_hp_loss":0,"event_name":"Golden Wing","floor":2,"gold_loss":0},{"damage_healed":0,"gold_gain":0,"player_choice":"Ignored","damage_taken":0,"max_hp_gain":0,"max_hp_loss":0,"event_name":"Liars Game","floor":11,"gold_loss":0}],"is_beta":false,"boss_relics":[],"items_purged_floors":[12],"is_endless":false,"potions_floor_spawned":[4,7,14],"killed_by":"Slime Boss","ascension_level":19}}