{"host":"lehbxtjrpalkmwwj","time":1613306383,"event":{"mods":["ATMod(°¢èªMod)","Aspiration","BaseMod","Challenge The Spire","Colored Map","Colored Powertips","Conspire","Dota2Spire","Energized Spire","Hunter ÁÔÈË","Minty Spire (QoL Compilation)","Quick Restart","Relic Stats","Reliquary","Replay The Spire","Spicy Shops","StSLib","TestMod","The Cursed","The IronCluck","The Poker Player","Waifu the Spire","Wide Potions","[IsaacMod]ÒÔÈö¼âËþ","¡¾ÒÅÎï¿¨ÅÆ¡¿REMEMod","É³µñ²ÄÖÊ°ümod","óô»ðÖ¸ÄÏ"],"gold_per_floor":[116,116,41,55,66,97,97,132,132,223,243,243,243],"floor_reached":12,"language":"ZHS","playtime":309,"items_purged":["Amnesia"],"score":158,"play_id":"8d5a3d87-804b-439d-b97a-ad4db23299b4","local_time":"20210214203943","is_ascension_mode":true,"campfire_choices":[{"floor":7,"key":"RECALL"}],"circlet_count":0,"master_deck":["Strike_G","Strike_G","Strike_G","Strike_G","Strike_G","Defend_G","Defend_G","Defend_G","Defend_G","Defend_G","Survivor","Neutralize","EpicFetus","Apotheosis","AT_FamilyPortrait","Dagger Spray","Backstab","Crippling Poison","REME_SpectralBlade","Cloak And Dagger","Blade Dance"],"relics":["Ring of the Snake","HushsDoor","AT_ATBox","testmod-TestBox","REME_ComplimentaryCards","testmod-NegativeEmotionEnhancer","HowToJump","NeowsBlessing","ReplayTheSpireMod:Ring of Collecting","Ring of Fury","HornCleat","reliquary:FerryPass","Ring of Misfortune","REME_PuzzleBoxRelic"],"acts_visited":["Exordium"],"potions_floor_usage":[],"damage_taken":[{"damage":0,"enemies":"2 Louse","floor":1,"turns":1},{"damage":0,"enemies":"Jaw Worm","floor":4,"turns":1},{"damage":0,"enemies":"Cultist","floor":5,"turns":1},{"damage":31,"enemies":"Lagavulin","floor":6,"turns":6},{"damage":0,"enemies":"3 Sentries","floor":8,"turns":4},{"damage":0,"enemies":"Large Slime","floor":11,"turns":3},{"damage":99999,"enemies":"Lagavulin","floor":12,"turns":2}],"seed_played":"-1805747089217574480","potions_obtained":[{"floor":1,"key":"SneckoOil"},{"floor":6,"key":"Weak Potion"},{"floor":8,"key":"Dexterity Potion"}],"is_trial":false,"path_per_floor":["M","?","$","M","M","E","R","E","T","?","M","E"],"character_chosen":"THE_SILENT","items_purchased":[],"campfire_rested":0,"item_purchase_floors":[],"current_hp_per_floor":[66,66,66,68,70,41,41,45,45,30,33,0,0],"gold":243,"neow_bonus":"THREE_ENEMY_KILL","is_daily":false,"chose_seed":false,"campfire_upgraded":0,"win_rate":0.0,"timestamp":1613306383,"path_taken":["M","?","$","M","M","E","R","E","T","?","M","E"],"items_purchased_type":[],"build_version":"2020-12-22","purchased_purges":1,"victory":false,"max_hp_per_floor":[71,71,71,72,73,74,74,75,75,75,76,76,76],"relic_stats":{"counters":[7,17],"obtain_stats":[{"KeepersGift":0,"AT_ATBox":0,"testmod-TestBox":0,"HowToJump":0,"NeowsBlessing":0,"testmod-NegativeEmotionEnhancer":0,"reliquary:FerryPass":8,"HornCleat":6,"ReplayTheSpireMod:Ring of Collecting":2,"Ring of Misfortune":9,"Ring of Fury":2,"REME_PuzzleBoxRelic":9,"HushsDoor":0,"Ring of the Snake":0,"REME_ComplimentaryCards":0},{"KeepersGift":0,"AT_ATBox":0,"testmod-TestBox":0,"HowToJump":0,"NeowsBlessing":0,"testmod-NegativeEmotionEnhancer":0,"reliquary:FerryPass":5,"HornCleat":4,"ReplayTheSpireMod:Ring of Collecting":1,"Ring of Misfortune":5,"Ring of Fury":1,"REME_PuzzleBoxRelic":5,"HushsDoor":0,"Ring of the Snake":0,"REME_ComplimentaryCards":0},{"KeepersGift":0,"AT_ATBox":0,"testmod-TestBox":0,"HowToJump":0,"NeowsBlessing":0,"testmod-NegativeEmotionEnhancer":0,"reliquary:FerryPass":13,"HornCleat":9,"ReplayTheSpireMod:Ring of Collecting":1,"Ring of Misfortune":13,"Ring of Fury":1,"REME_PuzzleBoxRelic":13,"HushsDoor":0,"Ring of the Snake":0,"REME_ComplimentaryCards":0}],"Ring of the Snake":[14]},"card_choices":[{"not_picked":[],"picked":"EpicFetus","floor":0},{"not_picked":["Well Laid Plans","Outmaneuver"],"picked":"Dagger Spray","floor":1},{"not_picked":["Masterful Stab","Outmaneuver"],"picked":"Backstab","floor":4},{"not_picked":["Sneak Up","Deadly Poison"],"picked":"Crippling Poison","floor":5},{"not_picked":["Prepared","Eviscerate"],"picked":"REME_SpectralBlade","floor":6},{"not_picked":["Slice","Deflect"],"picked":"Cloak And Dagger","floor":8},{"not_picked":["Tactician","Dagger Spray"],"picked":"Blade Dance","floor":11}],"player_experience":182198,"relics_obtained":[{"floor":2,"key":"ReplayTheSpireMod:Ring of Collecting"},{"floor":2,"key":"Ring of Fury"},{"floor":6,"key":"HornCleat"},{"floor":8,"key":"reliquary:FerryPass"},{"floor":9,"key":"Ring of Misfortune"},{"floor":9,"key":"REME_PuzzleBoxRelic"}],"event_choices":[],"is_beta":false,"boss_relics":[],"items_purged_floors":[3],"is_endless":false,"potions_floor_spawned":[1,6,8],"killed_by":"Lagavulin","ascension_level":8}}