{"host":"1e3ivg30op4goso1","time":1613339178,"event":{"mods":["AchievementEnabler","Ascension Unlocker","BaseMod","Colored Map","Minty Spire (QoL Compilation)","Permanent Neow","Quick Restart","Relic Filter","StSLib","SuperFastMode"],"gold_per_floor":[115,64,64,75,23,53,53,53,53,53,65,37,37,37,37,116,116,126,126,126,20,20,20,40,52,128,128,145,145,45,45,45],"floor_reached":31,"language":"ENG","playtime":921,"items_purged":[],"score":483,"play_id":"933bc58d-d478-4101-8212-00e90c61cfc6","local_time":"20210214164618","is_ascension_mode":true,"campfire_choices":[{"floor":8.0,"key":"REST"},{"data":"FTL","floor":10.0,"key":"SMITH"},{"floor":15.0,"key":"REST"},{"floor":23.0,"key":"REST"},{"data":"Creative AI","floor":27.0,"key":"SMITH"},{"floor":29.0,"key":"REST"}],"circlet_count":0,"master_deck":["AscendersBane","Strike_B+1","Strike_B","Defend_B","Defend_B+1","Defend_B","Self Repair+1","Self Repair+1","Heatsinks+1","Gash","Capacitor","FTL+1","Go for the Eyes","Gash","Beam Cell","Beam Cell","Creative AI+1","Gash","Scrape","Gash","Go for the Eyes","Reboot","Finesse"],"relics":["Astrolabe","Anchor","Kunai","SlaversCollar","MutagenicStrength","InkBottle"],"acts_visited":["Exordium","TheCity"],"potions_floor_usage":[31],"damage_taken":[{"damage":34.0,"enemies":"Cultist","floor":1.0,"turns":6.0},{"damage":19.0,"enemies":"2 Louse","floor":4.0,"turns":4.0},{"damage":50.0,"enemies":"Gremlin Nob","floor":6.0,"turns":6.0},{"damage":0.0,"enemies":"Small Slimes","floor":11.0,"turns":3.0},{"damage":61.0,"enemies":"The Guardian","floor":16.0,"turns":10.0},{"damage":21.0,"enemies":"Chosen","floor":18.0,"turns":6.0},{"damage":37.0,"enemies":"Spheric Guardian","floor":24.0,"turns":5.0},{"damage":26.0,"enemies":"3 Cultists","floor":25.0,"turns":4.0},{"damage":31.0,"enemies":"Centurion and Healer","floor":28.0,"turns":5.0},{"damage":43,"enemies":"Slavers","floor":31,"turns":3}],"seed_played":"518854295911907652","potions_obtained":[{"floor":1.0,"key":"Energy Potion"},{"floor":4.0,"key":"Swift Potion"}],"is_trial":false,"path_per_floor":["M","$","?","M","$","E","?","R","T","R","M","$","$","?","R","B",null,"M","?","?","$","$","R","M","M","T","R","M","R","$","E"],"character_chosen":"DEFECT","items_purchased":["Gash","Go for the Eyes","Beam Cell","Gash","Scrape","Finesse"],"campfire_rested":4,"item_purchase_floors":[2,5,12,21,21,30],"current_hp_per_floor":[50,50,50,51,51,21,21,42,42,42,62,62,62,41,62,21,59,58,38,38,38,38,60,43,37,37,37,16,38,38,0,0],"gold":45,"neow_bonus":"BOSS_RELIC","is_daily":false,"chose_seed":false,"campfire_upgraded":2,"win_rate":0.0,"timestamp":1613339178,"path_taken":["M","?","?","?","$","E","?","R","T","R","M","?","$","?","R","BOSS","M","?","?","?","$","R","M","M","T","R","M","R","$","E"],"items_purchased_type":["Card","Card","Card","Card","Card","Card"],"build_version":"2020-12-22","purchased_purges":0,"victory":false,"max_hp_per_floor":[71,71,71,71,71,71,71,71,71,71,71,71,71,71,71,71,71,71,76,76,76,76,76,76,76,76,76,76,76,76,76,76],"card_choices":[{"not_picked":["Steam","Coolheaded","Leap"],"picked":"SKIP","floor":1.0},{"not_picked":["Heatsinks","Streamline"],"picked":"FTL","floor":4.0},{"not_picked":["Skim","Steam"],"picked":"Gash","floor":6.0},{"not_picked":["Conserve Battery","Leap"],"picked":"Beam Cell","floor":11.0},{"not_picked":["Thunder Strike","Electrodynamics"],"picked":"Creative AI","floor":16.0},{"not_picked":["Compile Driver","Coolheaded","Hello World"],"picked":"SKIP","floor":18.0},{"not_picked":["Barrage","Defragment"],"picked":"Gash","floor":24.0},{"not_picked":["Beam Cell","Barrage"],"picked":"Go for the Eyes","floor":25.0},{"not_picked":["Streamline","Ball Lightning"],"picked":"Reboot","floor":28.0}],"player_experience":3615,"relics_obtained":[{"floor":6.0,"key":"Anchor"},{"floor":9.0,"key":"Kunai"},{"floor":26.0,"key":"InkBottle"}],"event_choices":[{"damage_healed":0.0,"max_hp_gain":0.0,"max_hp_loss":0.0,"gold_gain":0.0,"cards_transformed":["Strike_B"],"event_name":"Transmorgrifier","player_choice":"Transformed","floor":3.0,"gold_loss":0.0,"damage_taken":0.0,"cards_obtained":["Capacitor"]},{"cards_removed":["Strike_B"],"damage_healed":0.0,"max_hp_gain":0.0,"max_hp_loss":0.0,"gold_gain":0.0,"event_name":"Purifier","player_choice":"Purged","floor":7.0,"gold_loss":0.0,"damage_taken":0.0},{"damage_healed":0.0,"max_hp_gain":0.0,"max_hp_loss":0.0,"gold_gain":0.0,"event_name":"Shining Light","player_choice":"Entered Light","floor":14.0,"gold_loss":0.0,"damage_taken":21.0,"cards_upgraded":["Defend_B","Strike_B"]},{"damage_healed":0.0,"max_hp_gain":5.0,"max_hp_loss":0.0,"gold_gain":0.0,"event_name":"Forgotten Altar","player_choice":"Shed Blood","floor":19.0,"gold_loss":0.0,"damage_taken":25.0},{"damage_healed":0.0,"max_hp_gain":0.0,"max_hp_loss":0.0,"gold_gain":0.0,"event_name":"Drug Dealer","player_choice":"Inject Mutagens","floor":20.0,"gold_loss":0.0,"damage_taken":0.0,"relics_obtained":["MutagenicStrength"]}],"is_beta":false,"boss_relics":[{"not_picked":["Snecko Eye","Runic Dome"],"picked":"SlaversCollar"}],"items_purged_floors":[],"is_endless":false,"potions_floor_spawned":[1,4],"killed_by":"Slavers","ascension_level":20}}