{"host":"rzvepkyh9344fbo1","time":1613302852,"event":{"mods":["AchievementEnabler","Act Like it!","BaseMod","Better Third Choice","Colored Map","Colored Powertips","Curses Come First","Downfall","Evolution","Fox Events","Hermit","Highlight Path","Minty Spire (QoL Compilation)","Replay The Spire","Robot Space Explorer","Shade Mod","Shop Mod","StS++","StSLib","The Cursed","The Marked","The Necromancer"],"gold_per_floor":[199,212,16,30,50,76,76,76,76,103,3,19,19,29,46,144,144,144,159,159,159,72,72,96,123,33,33,62,73,73,88,106,207,207,207,218,228,247,28,46,121,121,134,34,50,79,79,95,95],"floor_reached":50,"language":"ENG","playtime":5969,"items_purged":["Injury","Hallucinations"],"score":815,"play_id":"ac5d8595-a7ef-452f-9189-ec58564628a6","local_time":"20210214224052","is_ascension_mode":true,"campfire_choices":[{"data":"champ:Strike","floor":1,"key":"PURGE"},{"data":"expansioncontent:StudyTheSpire","floor":11,"key":"SMITH"},{"data":"champ:Taunt","floor":13,"key":"SMITH"},{"data":"champ:StrikeOfGenius","floor":23,"key":"SMITH"},{"data":"champ:Lariat","floor":27,"key":"SMITH"},{"data":"champ:SteelEdge","floor":30,"key":"SMITH"},{"data":"champ:GladiatorStyle","floor":35,"key":"SMITH"},{"floor":44,"key":"RECALL"}],"circlet_count":0,"master_deck":["champ:Defend","champ:Defend","champ:Defend","champ:Defend","champ:Execute","champ:Taunt+1","expansioncontent:StudyTheSpire+1","champ:GladiatorStyle+1","champ:StrikeOfGenius+1","champ:SteelEdge+1","champ:Endure","champ:Lariat+1","champ:StrikeOfGenius+1","champ:StrikeOfGenius+1","champ:TornadoPunch","champ:ShieldWall+1"],"relics":["champ:ChampionCrown","EVO:Axolotl","ReplayTheSpireMod:Shallot","Lantern","ReplayTheSpireMod:Ring of Challenge","ReplayTheSpireMod:Ring of Exchange","GremlinMask","Mirror","downfall:HeartBlessingGreen","champ:BerserkersGuideToSlaughter","Oddly Smooth Stone","Replay:Accelerometer","Golden Egg","Runic Pyramid","MerchantsRug","downfall:HeartBlessingBlue","Kunai","downfall:TeleportStone"],"acts_visited":["Exordium","TheCity","TheBeyond"],"potions_floor_usage":[12,16,16,25,25,31,49,49],"damage_taken":[{"damage":20,"enemies":"Small Slimes","floor":2,"turns":3},{"damage":30,"enemies":"downfall:FleeingMerchant","floor":3,"turns":4},{"damage":31,"enemies":"Jaw Worm","floor":4,"turns":5},{"damage":16,"enemies":"Cultist","floor":5,"turns":4},{"damage":56,"enemies":"3 Sentries","floor":6,"turns":9},{"damage":9,"enemies":"Replay:BlueRogue","floor":10,"turns":6},{"damage":35,"enemies":"Exordium Thugs","floor":12,"turns":5},{"damage":12,"enemies":"Lots of Slimes","floor":14,"turns":4},{"damage":25,"enemies":"Large Slime","floor":15,"turns":5},{"damage":11,"enemies":"WA_ARCHETYPE_RETAIN","floor":16,"turns":3},{"damage":5,"enemies":"Spheric Guardian","floor":19,"turns":3},{"damage":11,"enemies":"3 Byrds","floor":22,"turns":7},{"damage":3,"enemies":"Book of Stabbing","floor":25,"turns":5},{"damage":23,"enemies":"downfall:FleeingMerchant","floor":26,"turns":4},{"damage":26,"enemies":"Slavers","floor":28,"turns":7},{"damage":5,"enemies":"Sentry and Sphere","floor":29,"turns":6},{"damage":21,"enemies":"3 Cultists","floor":31,"turns":6},{"damage":18,"enemies":"Snake Plant","floor":32,"turns":5},{"damage":30,"enemies":"DF_ARCHETYPE_CLAW","floor":33,"turns":7},{"damage":0,"enemies":"Orb Walker","floor":36,"turns":4},{"damage":5,"enemies":"3 Shapes","floor":37,"turns":5},{"damage":7,"enemies":"3 Darklings","floor":38,"turns":8},{"damage":20,"enemies":"downfall:FleeingMerchant","floor":39,"turns":4},{"damage":23,"enemies":"Transient","floor":40,"turns":5},{"damage":75,"enemies":"4 Shapes","floor":43,"turns":7},{"damage":4,"enemies":"Maw","floor":45,"turns":8},{"damage":5,"enemies":"R_Hoarder","floor":46,"turns":10},{"damage":32,"enemies":"3 Darklings","floor":48,"turns":6},{"damage":13,"enemies":"SI_POISON_ARCHETYPE","floor":49,"turns":10}],"seed_played":"-7391967303536837230","potions_obtained":[{"floor":5,"key":"champ:TechniquePotion"},{"floor":10,"key":"Block Potion"},{"floor":12,"key":"Elixir"},{"floor":14,"key":"PowerPotion"},{"floor":19,"key":"Energy Potion"},{"floor":28,"key":"SkillPotion"},{"floor":29,"key":"SpeedPotion"},{"floor":31,"key":"LiquidMemories"},{"floor":36,"key":"Explosive Potion"},{"floor":37,"key":"Milkshake"}],"is_trial":false,"path_per_floor":["R_BF","M","$","M","M","E","T","?","?","E","R","M","R","M","M","B",null,"R_BF","M","?","?","M","R","T","E","$","R","E","M","R","M","M","B",null,"R","M","M","M","$","M","T","?","M","R","M","E","?","M","B",null],"character_chosen":"THE_CHAMP","items_purchased":["expansioncontent:StudyTheSpire","MerchantsRug","Doom Potion"],"campfire_rested":0,"item_purchase_floors":[3,39,39],"current_hp_per_floor":[90,90,90,84,78,52,52,52,52,43,43,43,43,31,31,20,90,90,90,90,90,90,90,90,87,84,84,78,83,83,82,84,64,90,90,90,90,83,90,67,67,67,22,32,38,48,48,36,43],"gold":95,"neow_bonus":"HUNDRED_GOLD","is_daily":false,"chose_seed":false,"campfire_upgraded":6,"win_rate":0.0,"timestamp":1613302852,"path_taken":["R_BF","M","$","M","M","E","T","?","?","E","R","M","R","?","M","BOSS","R_BF","M","?","?","M","R","T","E","$","R","E","M","R","M","M","BOSS","R","M","M","M","$","M","T","?","M","R","M","E","?","M","BOSS"],"items_purchased_type":["Card","Relic","Potion"],"build_version":"2020-12-22","purchased_purges":2,"victory":true,"max_hp_per_floor":[90,90,90,90,90,90,90,90,90,90,90,90,90,90,90,90,90,90,90,90,90,90,90,90,90,90,90,90,90,90,90,90,90,90,90,90,90,90,90,90,90,90,90,100,100,100,100,100,100],"card_choices":[{"not_picked":["champ:CrookedStrike","champ:BerserkersShout"],"picked":"champ:DefensiveStyle","floor":2},{"not_picked":["champ:PreciseThrust","champ:Haymaker","champ:FaceSlap"],"picked":"SKIP","floor":3},{"not_picked":["champ:RapidStrikes","champ:DefensiveShout","champ:EnGarde"],"picked":"SKIP","floor":4},{"not_picked":["champ:StanceDance","champ:CalledShot","champ:ShieldSigil"],"picked":"SKIP","floor":5},{"not_picked":["champ:ShieldSlam","champ:ShieldSigil"],"picked":"champ:SwordSigil","floor":6},{"not_picked":["champ:Circumvent","champ:IronFortress","champ:CalledShot"],"picked":"SKIP","floor":10},{"not_picked":["champ:BladeFlurry","champ:ShieldSigil"],"picked":"champ:GladiatorStyle","floor":12},{"not_picked":["champ:CrownThrow","champ:PerfectedStrike","champ:CalledShot"],"picked":"SKIP","floor":14},{"not_picked":["champ:DefensiveShout","champ:SetATrap"],"picked":"champ:StrikeOfGenius","floor":15},{"not_picked":["champ:HeavySlash","champ:CheapShot"],"picked":"champ:SteelEdge","floor":16},{"not_picked":["champ:FaceSlap","champ:EnGarde"],"picked":"champ:Endure","floor":19},{"not_picked":["champ:BladeFlurry","champ:Haymaker","champ:Circumvent"],"picked":"SKIP","floor":22},{"not_picked":["champ:IronFortress","champ:GutPunch","champ:Haymaker+1"],"picked":"SKIP","floor":25},{"not_picked":["champ:ViciousMockery+1","champ:RageSigil"],"picked":"champ:Lariat","floor":26},{"not_picked":["champ:EnragedBash","champ:RageSigil+1"],"picked":"champ:StrikeOfGenius","floor":28},{"not_picked":["champ:Parry","champ:BerserkerStyle","champ:HeartStrike"],"picked":"SKIP","floor":29},{"not_picked":["champ:DefensiveShout","champ:Circumvent+1","champ:FanOfKnives"],"picked":"SKIP","floor":31},{"not_picked":["champ:BerserkersShout+1","champ:SwordSigil+1","champ:Backstep"],"picked":"SKIP","floor":32},{"not_picked":["champ:HeavySlash","champ:GladiatorForm"],"picked":"champ:StrikeOfGenius","floor":33},{"not_picked":["champ:PreemptiveStrike","champ:Duel+1","champ:ViciousMockery"],"picked":"SKIP","floor":36},{"not_picked":["champ:Parry+1","champ:FaceSlap","champ:SetATrap"],"picked":"SKIP","floor":37},{"not_picked":["champ:Lariat+1","champ:DefensiveShout+1","champ:Shatter"],"picked":"SKIP","floor":38},{"not_picked":["champ:FlashCut+1","champ:AdrenalArmor+1","champ:EnragedBash"],"picked":"SKIP","floor":39},{"not_picked":["champ:Haymaker+1","champ:SwordSigil","champ:Backstep"],"picked":"SKIP","floor":40},{"not_picked":["champ:ShieldSigil+1","champ:GutPunch","champ:Circumvent"],"picked":"SKIP","floor":43},{"not_picked":["champ:Backstep","champ:Haymaker"],"picked":"champ:TornadoPunch","floor":45},{"not_picked":["champ:CalledShot","champ:FanOfKnives+1"],"picked":"champ:ShieldWall+1","floor":46},{"not_picked":["champ:ArenaPreparation","champ:AdrenalArmor","champ:TornadoPunch+1"],"picked":"SKIP","floor":48}],"player_experience":312978,"relics_obtained":[{"floor":6,"key":"ReplayTheSpireMod:Shallot"},{"floor":7,"key":"Lantern"},{"floor":8,"key":"ReplayTheSpireMod:Ring of Challenge"},{"floor":8,"key":"ReplayTheSpireMod:Ring of Exchange"},{"floor":10,"key":"Mirror"},{"floor":24,"key":"Oddly Smooth Stone"},{"floor":25,"key":"Replay:Accelerometer"},{"floor":28,"key":"Golden Egg"},{"floor":46,"key":"Kunai"}],"event_choices":[{"damage_healed":0,"gold_gain":0,"player_choice":"Trade","damage_taken":0,"relics_obtained":["GremlinMask"],"max_hp_gain":0,"max_hp_loss":0,"event_name":"FaceTrader","floor":9,"gold_loss":0}],"is_beta":false,"boss_relics":[{"not_picked":["ReplayTheSpireMod:EnergyBall","TheAbacus"],"picked":"Kintsugi"},{"not_picked":["DollysMirror","ReplayTheSpireMod:DimensionalGlitch"],"picked":"Runic Pyramid"}],"items_purged_floors":[26,39],"is_endless":false,"potions_floor_spawned":[5,10,12,14,19,28,29,31,36,37,43,45,48],"ascension_level":1}}