{"host":"8inpc3yxphy2r27y","time":1613333640,"event":{"mods":["ATMod(阿瑾Mod)","Act Like it!","Astrologer","Bard","BaseMod","Better Synergies","Better Vampires","Better-Laid Plans","Challenge The Spire","Conspire","Decade(王小明)","Defuse TimeMaze Blight","Downfall","Energized Spire","FanaticalFans","FoggyMod","FutureSeer","Gensokyo","Gremlin Mod","GungeonMod","Hallownest","Highlight Path","HumanHunterMod(怪物杀人mod)","Hunter 猎人","KinomotoSakuraMod(木之本樱)","LagranYue(拉格朗・月)","Lobotomy","LobotomyExtend","Minty Spire (QoL Compilation)","MostiFishMod","Pale of the Ancients","Quarter Circle Forward PUNCH!","Quick Restart","Red Circlet Mod","Reimu（博丽灵梦）","Relic Filter Mod","Relic Stats","Replay The Spire","RumiaBox-露米娅的神秘盒子","Ryuuou龙王","SIMod","Shop Mod","Spicy Shops","StSLib","TestMod","The Animator","The Bug Knight","The Cursed","The Hierophant","TheHeartMod","UnlockEverythingMod","Waifu the Spire","[GremlinLeader]The Maniac","noobMod","【功能Mod】混沌之环修复补丁","【功能Mod】聪明的最终Boss","【遗物卡牌】REMEMod","篝火指南"],"gold_per_floor":[113,36,53,63,138,138,98,98],"floor_reached":7,"language":"ZHS","playtime":513,"items_purged":[],"score":43,"play_id":"f600b3a0-3624-43f6-9e1c-c6455f244ae1","local_time":"20210215041400","is_ascension_mode":true,"campfire_choices":[],"circlet_count":0,"master_deck":["animator:Strike_Katanagatari","animator:Defend_Katanagatari","animator:Strike","animator:Strike","animator:Strike","animator:Defend","animator:Defend","animator:Defend","animator:Azekura","animator:Emonzaemon","MostiFishMod:DawningShadow","AT_FamilyPortrait","LongBird","HalloweenModTrick","PunishingBird","HalloweenModGhostCostume","UniverseFragment","HalloweenModGhostCostume"],"relics":["animator:LivingPicture","animator:TheMissingPiece","REME_ComplimentaryCards","ice","Fans:FanaticalFans","DaveBox","AT_ATBox","testmod-TestBox","animator:PurgingStone","LagranYue:RandomDrawCardRelic","HalloweenModHalloween","Blue Candle","RhineCircuit","CogitoBucket","SynthV:TestCard","LetterFromLob","DemoMod:PinkGuonStone","Baka2"],"acts_visited":["Exordium"],"potions_floor_usage":[7],"damage_taken":[{"damage":9,"enemies":"Jaw Worm","floor":1,"turns":8},{"damage":5,"enemies":"Cultist","floor":3,"turns":4},{"damage":13,"enemies":"Small Slimes","floor":4,"turns":5},{"damage":6,"enemies":"3 Sentries","floor":7,"turns":4}],"seed_played":"3782372817303283238","potions_obtained":[{"floor":3,"key":"SteroidPotion"},{"floor":6,"key":"Cursed Concoction"},{"floor":6,"key":"AttackPotion"}],"is_trial":false,"path_per_floor":["M","?","M","M","?","?","E"],"character_chosen":"THE_ANIMATOR","items_purchased":[],"campfire_rested":0,"item_purchase_floors":[],"current_hp_per_floor":[57,64,59,65,54,54,48,48],"gold":98,"neow_bonus":"","is_daily":false,"chose_seed":false,"campfire_upgraded":0,"win_rate":0.0,"timestamp":1613333640,"path_taken":["M","?","?","?","?","?","E"],"items_purchased_type":[],"build_version":"2020-12-22","purchased_purges":0,"victory":false,"max_hp_per_floor":[66,73,73,75,75,75,78,78],"relic_stats":{"counters":[4,20],"Blue Candle":[1],"obtain_stats":[{"AT_ATBox":0,"testmod-TestBox":0,"DaveBox":0,"LagranYue:RandomDrawCardRelic":0,"animator:TheMissingPiece":0,"Blue Candle":0,"HalloweenModHalloween":0,"DemoMod:PinkGuonStone":2,"ice":0,"Baka":1,"Fans:FanaticalFans":0,"RhineCircuit":0,"CogitoBucket":0,"Baka2":3,"SynthV:TestCard":1,"animator:PurgingStone":0,"animator:LivingPicture":0,"LetterFromLob":1,"REME_ComplimentaryCards":0},{"AT_ATBox":0,"testmod-TestBox":0,"DaveBox":0,"LagranYue:RandomDrawCardRelic":0,"animator:TheMissingPiece":0,"Blue Candle":0,"HalloweenModHalloween":0,"DemoMod:PinkGuonStone":1,"ice":0,"Baka":1,"Fans:FanaticalFans":0,"RhineCircuit":0,"CogitoBucket":0,"Baka2":2,"SynthV:TestCard":1,"animator:PurgingStone":0,"animator:LivingPicture":0,"LetterFromLob":1,"REME_ComplimentaryCards":0},{"AT_ATBox":0,"testmod-TestBox":0,"DaveBox":0,"LagranYue:RandomDrawCardRelic":0,"animator:TheMissingPiece":0,"Blue Candle":0,"HalloweenModHalloween":0,"DemoMod:PinkGuonStone":7,"ice":0,"Baka":7,"Fans:FanaticalFans":0,"RhineCircuit":0,"CogitoBucket":0,"Baka2":11,"SynthV:TestCard":7,"animator:PurgingStone":0,"animator:LivingPicture":0,"LetterFromLob":7,"REME_ComplimentaryCards":0}]},"card_choices":[{"not_picked":["PunishingBird","QueenOfHatred"],"picked":"LongBird","floor":1},{"not_picked":["HalloweenModCandy","HalloweenModGhostCostume"],"picked":"HalloweenModTrick","floor":1},{"not_picked":["DreamingCurrent","UniverseFragment","CherryBlossoms"],"picked":"Singing Bowl","floor":3},{"not_picked":["Bloodbath","Scorched"],"picked":"PunishingBird","floor":3},{"not_picked":["HalloweenModTrick","HalloweenModCandy","HalloweenModTrick","HalloweenModTrick"],"picked":"HalloweenModGhostCostume","floor":3},{"not_picked":["Wellcheers","HappyTeddy","FairyFestival"],"picked":"Singing Bowl","floor":4},{"not_picked":["FairyFestival","GalaxyChild"],"picked":"UniverseFragment","floor":4},{"not_picked":["HalloweenModTrick","HalloweenModCandy","HalloweenModTrick","HalloweenModTrick"],"picked":"HalloweenModGhostCostume","floor":4}],"player_experience":223418,"relics_obtained":[{"floor":1,"key":"Baka"},{"floor":1,"key":"SynthV:TestCard"},{"floor":1,"key":"LetterFromLob"},{"floor":3,"key":"Baka2"}],"event_choices":[{"damage_healed":0,"gold_gain":0,"player_choice":"Paid Gold","damage_taken":0,"relics_obtained":["DemoMod:PinkGuonStone"],"max_hp_gain":0,"max_hp_loss":0,"event_name":"WeMeetAgain","floor":2,"gold_loss":77},{"damage_healed":0,"gold_gain":75,"player_choice":"Gather Gold","damage_taken":11,"max_hp_gain":0,"max_hp_loss":0,"event_name":"World of Goop","floor":5,"gold_loss":0},{"damage_healed":0,"gold_gain":0,"player_choice":"Got Potions","damage_taken":0,"max_hp_gain":0,"max_hp_loss":0,"event_name":"Lab","floor":6,"gold_loss":0}],"is_beta":false,"boss_relics":[],"items_purged_floors":[],"is_endless":false,"potions_floor_spawned":[3],"killed_by":"3 Sentries","ascension_level":1}}