{"host":"c97twqu0op5dg8i4","time":1613341303,"event":{"mods":["AchievementEnabler","BaseMod","Colored Map","Minty Spire (QoL Compilation)","Permanent Neow"],"gold_per_floor":[367,62,62,81,101,101,133,153,153,153,153,153,169,184,216,216,216,216],"floor_reached":17,"language":"ENG","playtime":699,"items_purged":["Shame"],"score":187,"play_id":"0123c548-0c28-48a6-896c-f87f65d33ad6","local_time":"20210214172143","is_ascension_mode":true,"campfire_choices":[{"data":"Zap","floor":6.0,"key":"SMITH"},{"floor":10,"key":"REST"},{"data":"Sunder","floor":12,"key":"SMITH"},{"floor":16,"key":"REST"}],"circlet_count":0,"master_deck":["AscendersBane","Strike_B","Strike_B","Strike_B","Strike_B","Defend_B","Defend_B","Defend_B","Defend_B","Zap+1","Dualcast","Sweeping Beam","Self Repair","Conserve Battery","Conserve Battery","Rip and Tear","Sunder+1","Chaos","Defragment"],"relics":["Cracked Core","Runic Capacitor","Toy Ornithopter","Omamori","Cables","Letter Opener"],"acts_visited":["Exordium"],"potions_floor_usage":[8,13],"damage_taken":[{"damage":0.0,"enemies":"Cultist","floor":1.0,"turns":4.0},{"damage":12.0,"enemies":"Jaw Worm","floor":4.0,"turns":3.0},{"damage":9.0,"enemies":"Small Slimes","floor":5.0,"turns":4.0},{"damage":55.0,"enemies":"Gremlin Nob","floor":7.0,"turns":5.0},{"damage":4,"enemies":"Blue Slaver","floor":8,"turns":3},{"damage":10,"enemies":"Lots of Slimes","floor":13,"turns":3},{"damage":17,"enemies":"Large Slime","floor":14,"turns":4},{"damage":30,"enemies":"Lagavulin","floor":15,"turns":5},{"damage":42,"enemies":"Hexaghost","floor":17,"turns":7}],"seed_played":"1168643204352542007","potions_obtained":[{"floor":4.0,"key":"SpeedPotion"},{"floor":7.0,"key":"Strength Potion"},{"floor":8,"key":"Energy Potion"}],"is_trial":false,"path_per_floor":["M","$","?","M","M","R","E","M","T","R","T","R","M","M","E","R","B"],"character_chosen":"DEFECT","items_purchased":["Runic Capacitor","Self Repair"],"campfire_rested":2,"item_purchase_floors":[2,2],"current_hp_per_floor":[68,68,73,68,59,59,11,19,19,43,43,43,45,35,12,36,0,0],"gold":216,"neow_bonus":"TWO_FIFTY_GOLD","is_daily":false,"chose_seed":false,"campfire_upgraded":2,"win_rate":0.0,"timestamp":1613341303,"path_taken":["M","?","?","M","M","R","E","M","T","R","?","R","M","M","E","R","BOSS"],"items_purchased_type":["Relic","Card"],"build_version":"2020-12-22","purchased_purges":1,"victory":false,"max_hp_per_floor":[75,75,80,80,80,80,80,80,80,80,80,80,80,80,80,80,80,80],"card_choices":[{"not_picked":["Steam Power","Aggregate"],"picked":"Sweeping Beam","floor":1.0},{"not_picked":["Heatsinks","Streamline"],"picked":"Conserve Battery","floor":4.0},{"not_picked":["Gash","Sweeping Beam"],"picked":"Conserve Battery","floor":5.0},{"not_picked":["Rebound","Reinforced Body"],"picked":"Rip and Tear","floor":7.0},{"not_picked":["Gash","Steam"],"picked":"Sunder","floor":8},{"not_picked":["Conserve Battery","Beam Cell"],"picked":"Chaos","floor":13},{"not_picked":["Blizzard","Compile Driver","Hologram"],"picked":"SKIP","floor":14},{"not_picked":["Cold Snap","Steam Power"],"picked":"Defragment","floor":15}],"player_experience":410984,"relics_obtained":[{"floor":7.0,"key":"Toy Ornithopter"},{"floor":9,"key":"Omamori"},{"floor":11,"key":"Cables"},{"floor":15,"key":"Letter Opener"}],"event_choices":[{"damage_healed":0.0,"max_hp_gain":5.0,"max_hp_loss":0.0,"gold_gain":0.0,"event_name":"Big Fish","player_choice":"Donut","floor":3.0,"gold_loss":0.0,"damage_taken":0.0}],"is_beta":false,"boss_relics":[],"items_purged_floors":[2],"is_endless":false,"potions_floor_spawned":[4,7,8],"killed_by":"Hexaghost","ascension_level":12}}