{"host":"5z7rhcocprldured","time":1613326920,"event":{"mods":["2.2 Compatiblity","AchievementEnabler","AlwaysNeverKeys","BaseMod","Best Route Mod","Better Altar","Better Match","Better Note","Better Sensory Stone","Better Skull","Better Third Choice","BetterRewards","Block Reminder","Colored Map","Colored Powertips","Displayed Cursed Tome","Downfall","Emptier Cage","Energized Spire","Minty Spire (QoL Compilation)","Permanent Neow","Rare Cards Sparkle","SacredBarkPlus","Spicy Shops","StSLib","Synergy Search","Unceasing Turn Reminder"],"gold_per_floor":[20,20,35,50,50,84,84,102,129,140,140,161,140,140,140,269,269,289,308,321,291,291,291,311,311,311,334,334,334],"floor_reached":28,"language":"ENG","playtime":1563,"items_purged":[],"score":222,"play_id":"70ece6dd-41fc-4662-a52d-26790744b8d2","local_time":"20210214182200","is_ascension_mode":false,"campfire_choices":[{"data":"Footwork","floor":7,"key":"SMITH"},{"floor":15,"key":"REST"},{"data":"Catalyst","floor":23,"key":"SMITH"},{"floor":25,"key":"REST"}],"circlet_count":0,"master_deck":["Strike_G","Strike_G","Strike_G","Defend_G","Defend_G","Defend_G","Defend_G","Survivor","Neutralize","Blade Dance","Footwork+1","Outmaneuver","Catalyst+1","Cloak And Dagger","Sucker Punch","Blade Dance","Quick Slash","Burst","Backstab","Poisoned Stab","Deadly Poison","Concentrate","Terror"],"relics":["Ring of the Snake","Juzu Bracelet","PreservedInsect","Golden Idol","Runic Pyramid","Sundial"],"acts_visited":["Exordium","TheCity"],"potions_floor_usage":[6,16,18,20,20,24],"damage_taken":[{"damage":0,"enemies":"Small Slimes","floor":1,"turns":3},{"damage":0,"enemies":"Cultist","floor":3,"turns":4},{"damage":0,"enemies":"2 Louse","floor":4,"turns":4},{"damage":18,"enemies":"Lagavulin","floor":6,"turns":11},{"damage":4,"enemies":"Large Slime","floor":8,"turns":9},{"damage":8,"enemies":"3 Louse","floor":10,"turns":7},{"damage":3,"enemies":"Exordium Wildlife","floor":12,"turns":7},{"damage":52,"enemies":"Slime Boss","floor":16,"turns":18},{"damage":2,"enemies":"3 Byrds","floor":18,"turns":3},{"damage":0,"enemies":"Shell Parasite","floor":19,"turns":6},{"damage":42,"enemies":"Centurion and Healer","floor":20,"turns":11},{"damage":16,"enemies":"Snecko","floor":24,"turns":7},{"damage":9,"enemies":"Shelled Parasite and Fungi","floor":27,"turns":6},{"damage":28,"enemies":"Book of Stabbing","floor":28,"turns":3}],"seed_played":"-1912089228834821081","potions_obtained":[{"floor":3,"key":"hexamod:SoulburnPotion"},{"floor":4,"key":"DuplicationPotion"},{"floor":10,"key":"LiquidBronze"},{"floor":12,"key":"LiquidMemories"},{"floor":16,"key":"EssenceOfSteel"},{"floor":19,"key":"GhostInAJar"},{"floor":21,"key":"DuplicationPotion"},{"floor":21,"key":"Fire Potion"},{"floor":24,"key":"Dexterity Potion"},{"floor":27,"key":"FearPotion"}],"is_trial":false,"path_per_floor":["M","?","M","M","$","E","R","M","T","M","?","M","?","?","R","B",null,"M","M","M","?","?","R","M","R","T","M","E"],"character_chosen":"THE_SILENT","items_purchased":[],"campfire_rested":2,"item_purchase_floors":[],"current_hp_per_floor":[70,70,70,70,70,52,52,48,48,40,23,20,20,43,64,12,70,68,68,26,26,26,26,10,31,31,22,0,0],"gold":334,"neow_bonus":"REMOVE_TWO","is_daily":false,"chose_seed":false,"campfire_upgraded":2,"win_rate":0.0,"timestamp":1613326920,"path_taken":["M","?","M","M","?","E","R","M","T","M","?","M","?","?","R","BOSS","M","M","M","?","?","R","M","R","T","M","E"],"items_purchased_type":[],"build_version":"2020-12-22","purchased_purges":0,"victory":false,"max_hp_per_floor":[70,70,70,70,70,70,70,70,70,70,70,70,70,70,70,70,70,70,70,70,70,70,70,70,70,70,70,70,70],"card_choices":[{"not_picked":["Sucker Punch","Flying Knee"],"picked":"Blade Dance","floor":1},{"not_picked":["Riddle With Holes","Slice"],"picked":"Outmaneuver","floor":3},{"not_picked":["Quick Slash","PiercingWail"],"picked":"Catalyst","floor":4},{"not_picked":["Calculated Gamble","Well Laid Plans"],"picked":"Cloak And Dagger","floor":6},{"not_picked":["Leg Sweep","Eviscerate"],"picked":"Sucker Punch","floor":8},{"not_picked":["Flying Knee","Bane"],"picked":"Blade Dance","floor":10},{"not_picked":["Bane","Blade Dance"],"picked":"Quick Slash","floor":12},{"not_picked":["Night Terror","Grand Finale"],"picked":"Burst","floor":16},{"not_picked":["Cloak And Dagger","Backflip"],"picked":"Backstab","floor":18},{"not_picked":["Dodge and Roll+1","Quick Slash"],"picked":"Poisoned Stab","floor":19},{"not_picked":["Acrobatics","Masterful Stab+1"],"picked":"Deadly Poison","floor":20},{"not_picked":["Slice","Eviscerate"],"picked":"Concentrate","floor":24},{"not_picked":["Predator","Leg Sweep+1"],"picked":"Terror","floor":27}],"player_experience":180735,"relics_obtained":[{"floor":6,"key":"Juzu Bracelet"},{"floor":9,"key":"PreservedInsect"},{"floor":26,"key":"Sundial"}],"event_choices":[{"damage_healed":0,"gold_gain":0,"cards_transformed":["Strike_G"],"player_choice":"Transformed","damage_taken":0,"max_hp_gain":0,"max_hp_loss":0,"event_name":"Transmorgrifier","floor":2,"gold_loss":0,"cards_obtained":["Footwork"]},{"damage_healed":0,"gold_gain":0,"player_choice":"Take Damage","damage_taken":17,"relics_obtained":["Golden Idol"],"max_hp_gain":0,"max_hp_loss":0,"event_name":"Golden Idol","floor":11,"gold_loss":0},{"damage_healed":0,"gold_gain":0,"player_choice":"Left","damage_taken":0,"max_hp_gain":0,"max_hp_loss":0,"event_name":"betterThird:BetterGoop","floor":13,"gold_loss":21},{"damage_healed":23,"gold_gain":0,"player_choice":"Banana","damage_taken":0,"max_hp_gain":0,"max_hp_loss":0,"event_name":"Big Fish","floor":14,"gold_loss":0},{"damage_healed":0,"gold_gain":0,"player_choice":"Bought 2 Potions","damage_taken":0,"max_hp_gain":0,"max_hp_loss":0,"event_name":"The Woman in Blue","floor":21,"gold_loss":0},{"cards_removed":["Footwork"],"damage_healed":0,"gold_gain":0,"player_choice":"Give","damage_taken":0,"max_hp_gain":0,"max_hp_loss":0,"event_name":"betterNote:BetterNote","floor":22,"gold_loss":0,"cards_obtained":["Dualcast"]}],"is_beta":false,"boss_relics":[{"not_picked":["Runic Dome","Pandora\u0027s Box"],"picked":"Runic Pyramid"}],"items_purged_floors":[],"is_endless":false,"potions_floor_spawned":[3,4,10,12,16,19,24,27],"killed_by":"Book of Stabbing","ascension_level":0}}