{"host":"kokp9cirgkksa174","time":1613272708,"event":{"mods":["AchievementEnabler","BaseMod","Best Route Mod","Bestiary","Better Third Choice","Block Reminder","Colored Map","Colored Powertips","DeckTracker","Exacting","Jorbs\u0027s Wanderer Trilogy","Key Reminder","Minty Spire (QoL Compilation)","Permanent Neow","Random Character Button","Rare Cards Sparkle","Relic Stats","Slay the Relics Exporter","StSLib","Unceasing Turn Reminder"],"gold_per_floor":[111,144,161,0,0,0,0],"floor_reached":6,"language":"ENG","playtime":391,"items_purged":[],"score":38,"play_id":"18ab3d90-027b-49ce-a318-0e878fed8b59","local_time":"20210213221828","is_ascension_mode":true,"campfire_choices":[],"circlet_count":0,"master_deck":["Strike_P","Strike_P","Strike_P","Strike_P","Defend_P","Defend_P","Defend_P","Eruption","Vigilance","Consecrate","Study","Halt","Enlightenment"],"relics":["Cursed Key"],"acts_visited":["Exordium"],"potions_floor_usage":[6],"damage_taken":[{"damage":1,"enemies":"Jaw Worm","floor":1,"turns":3},{"damage":6,"enemies":"2 Louse","floor":2,"turns":2},{"damage":12,"enemies":"Cultist","floor":3,"turns":2},{"damage":34,"enemies":"Lagavulin","floor":6,"turns":5}],"seed_played":"-3353801726090266687","potions_obtained":[{"floor":2,"key":"Strength Potion"}],"is_trial":false,"path_per_floor":["M","M","M","?","?","E"],"character_chosen":"WATCHER","items_purchased":[],"campfire_rested":0,"item_purchase_floors":[],"current_hp_per_floor":[71,65,53,59,52,18,18],"gold":0,"neow_bonus":"BOSS_RELIC","is_daily":false,"chose_seed":false,"campfire_upgraded":0,"win_rate":0.0,"timestamp":1613272708,"path_taken":["M","M","M","?","?","E"],"items_purchased_type":[],"build_version":"2020-12-22","purchased_purges":0,"victory":false,"max_hp_per_floor":[72,72,72,78,78,78,78],"relic_stats":{"counters":[4,12],"Cursed Key":0,"obtain_stats":[{"PureWater":0,"Cursed Key":0},{"PureWater":0,"Cursed Key":0},{"PureWater":0,"Cursed Key":0}]},"card_choices":[{"not_picked":["Crescendo","Fasting2"],"picked":"Consecrate","floor":1},{"not_picked":["InnerPeace","Protect"],"picked":"Study","floor":2},{"not_picked":["EmptyBody","FlyingSleeves"],"picked":"Halt","floor":3}],"player_experience":171087,"relics_obtained":[],"event_choices":[{"damage_healed":0,"gold_gain":0,"player_choice":"RENOUNCE","damage_taken":161,"max_hp_gain":0,"max_hp_loss":0,"event_name":"betterThird:BetterSerpent","floor":4,"gold_loss":161,"cards_obtained":["Enlightenment"]},{"cards_removed":["Defend_P"],"damage_healed":0,"gold_gain":0,"player_choice":"Card Removal","damage_taken":7,"max_hp_gain":0,"max_hp_loss":0,"event_name":"Golden Wing","floor":5,"gold_loss":0}],"is_beta":false,"boss_relics":[],"items_purged_floors":[],"is_endless":false,"potions_floor_spawned":[2],"killed_by":"Lagavulin","ascension_level":1}}