{"host":"f3zi5bw4of71qj4o","time":1613319535,"event":{"mods":["BaseMod","DeckTracker","Highlight Path","Minty Spire (QoL Compilation)","Relic Stats","StSLib","SuperFastMode"],"gold_per_floor":[111,111,91,102,102,102,19,29,111,111,143,9,22,48,48,48,48],"floor_reached":16,"language":"ENG","playtime":604,"items_purged":["Strike_B"],"score":216,"play_id":"9f051933-d87a-4f04-8711-fa862ef8e3ca","local_time":"20210214171855","is_ascension_mode":true,"campfire_choices":[{"data":"Sunder","floor":6,"key":"SMITH"},{"data":"Genetic Algorithm","floor":10,"key":"SMITH"},{"data":"Streamline","floor":15,"key":"SMITH"}],"circlet_count":0,"master_deck":["AscendersBane","Strike_B","Strike_B","Defend_B","Defend_B","Zap","Dualcast","Sunder+1","Melter","Genetic Algorithm+1","Streamline+1","Self Repair","Cold Snap","Seek","Chill"],"relics":["Empty Cage","Question Card","Toy Ornithopter","Ancient Tea Set"],"acts_visited":["Exordium"],"potions_floor_usage":[11,14,16],"damage_taken":[{"damage":8,"enemies":"Cultist","floor":1,"turns":5},{"damage":1,"enemies":"2 Louse","floor":4,"turns":2},{"damage":0,"enemies":"Small Slimes","floor":8,"turns":1},{"damage":8,"enemies":"Gremlin Nob","floor":11,"turns":3},{"damage":15,"enemies":"Blue Slaver","floor":13,"turns":4},{"damage":18,"enemies":"Lagavulin","floor":14,"turns":7},{"damage":34,"enemies":"Slime Boss","floor":16,"turns":9}],"seed_played":"3282088692370750900","potions_obtained":[{"floor":3,"key":"AttackPotion"},{"floor":4,"key":"SmokeBomb"},{"floor":5,"key":"Fire Potion"},{"floor":13,"key":"SteroidPotion"}],"is_trial":false,"path_per_floor":["M","?","?","M","?","R","$","M","T","R","E","$","M","E","R","B"],"character_chosen":"DEFECT","items_purchased":["Genetic Algorithm","Cold Snap"],"campfire_rested":0,"item_purchase_floors":[7,12],"current_hp_per_floor":[56,49,49,48,48,48,48,48,48,48,40,40,32,26,26,0,0],"gold":48,"neow_bonus":"BOSS_RELIC","is_daily":false,"chose_seed":false,"campfire_upgraded":3,"win_rate":0.0,"timestamp":1613319535,"path_taken":["M","?","?","?","?","R","$","M","T","R","E","$","?","E","R","BOSS"],"items_purchased_type":["Card","Card"],"build_version":"2020-12-22","purchased_purges":1,"victory":false,"max_hp_per_floor":[71,71,71,71,71,71,71,71,71,71,71,71,71,71,71,71,71],"relic_stats":{"counters":[7,31],"Question Card":3,"obtain_stats":[{"Cracked Core":0,"Empty Cage":0,"Question Card":9,"Ancient Tea Set":14,"Toy Ornithopter":11},{"Cracked Core":0,"Empty Cage":0,"Question Card":3,"Ancient Tea Set":6,"Toy Ornithopter":4},{"Cracked Core":0,"Empty Cage":0,"Question Card":8,"Ancient Tea Set":22,"Toy Ornithopter":11}],"Toy Ornithopter":10},"card_choices":[{"not_picked":["Coolheaded","Melter"],"picked":"Sunder","floor":1},{"not_picked":["Doom and Gloom","Force Field"],"picked":"Melter","floor":4},{"not_picked":["Static Discharge","Redo"],"picked":"Streamline","floor":8},{"not_picked":["Go for the Eyes","Barrage","Melter"],"picked":"Self Repair","floor":11},{"not_picked":["Conserve Battery","Blizzard","Cold Snap"],"picked":"Seek","floor":13},{"not_picked":["Recycle","Blizzard","Fusion"],"picked":"Chill","floor":14}],"player_experience":2597235,"relics_obtained":[{"floor":9,"key":"Question Card"},{"floor":11,"key":"Toy Ornithopter"},{"floor":14,"key":"Ancient Tea Set"}],"event_choices":[{"cards_removed":["Defend_B"],"damage_healed":0,"gold_gain":0,"player_choice":"Card Removal","damage_taken":7,"max_hp_gain":0,"max_hp_loss":0,"event_name":"Golden Wing","floor":2,"gold_loss":0},{"damage_healed":0,"gold_gain":0,"player_choice":"Bought 1 Potion","damage_taken":0,"max_hp_gain":0,"max_hp_loss":0,"event_name":"The Woman in Blue","floor":3,"gold_loss":0},{"damage_healed":0,"gold_gain":0,"player_choice":"Got Potions","damage_taken":0,"max_hp_gain":0,"max_hp_loss":0,"event_name":"Lab","floor":5,"gold_loss":0}],"is_beta":false,"boss_relics":[],"items_purged_floors":[12],"is_endless":false,"potions_floor_spawned":[4,13],"killed_by":"Slime Boss","ascension_level":20}}