{"host":"Baz","time":1613339745,"event":{"mods":["BaseMod","Colored Map","Filter the Spire","Googly Eyes","Highlight Path","Minty Spire (QoL Compilation)","Quick Restart","Rare Cards Sparkle","Relic Stats","StSLib"],"gold_per_floor":[369,369,393,406,9,9,9,9,32,63,63,24,77,111,111,218,218,237,265,295,165,186,186,208,208,288,328,328,328],"floor_reached":28,"language":"ENG","playtime":1243,"items_purged":["Strike_B"],"score":471,"play_id":"d7cf27d0-c1c6-4bfe-a971-4a93012c0812","local_time":"20210214155545","is_ascension_mode":true,"campfire_choices":[{"data":"Tempest","floor":6.0,"key":"SMITH"},{"data":"Zap","floor":11.0,"key":"SMITH"},{"floor":15,"key":"REST"},{"floor":23,"key":"REST"},{"floor":25,"key":"REST"}],"circlet_count":0,"master_deck":["AscendersBane","Strike_B","Strike_B","Defend_B","Defend_B","Defend_B","Zap+1","Dualcast","Tempest+1","Cold Snap","Chill","Glacier","Ball Lightning","Defragment","Coolheaded","Biased Cognition","Biased Cognition","Recycle+1","Stack+1","Apotheosis","Capacitor","Consume","Glacier","Compile Driver"],"relics":["Cracked Core","Golden Idol","Membership Card","Calipers","Regal Pillow","Kunai","CeramicFish","SlaversCollar","Shuriken","Toxic Egg 2"],"acts_visited":["Exordium","TheCity"],"potions_floor_usage":[14,16,22,28],"damage_taken":[{"damage":0.0,"enemies":"2 Louse","floor":1.0,"turns":3.0},{"damage":1.0,"enemies":"Cultist","floor":3.0,"turns":3.0},{"damage":2.0,"enemies":"Jaw Worm","floor":4.0,"turns":3.0},{"damage":12.0,"enemies":"Lagavulin","floor":10.0,"turns":9.0},{"damage":22.0,"enemies":"3 Sentries","floor":13.0,"turns":9.0},{"damage":0,"enemies":"3 Louse","floor":14,"turns":3},{"damage":16,"enemies":"The Guardian","floor":16,"turns":11},{"damage":7,"enemies":"2 Thieves","floor":18,"turns":3},{"damage":0,"enemies":"Chosen","floor":19,"turns":5},{"damage":19,"enemies":"Snecko","floor":20,"turns":5},{"damage":11,"enemies":"Shelled Parasite and Fungi","floor":22,"turns":7},{"damage":26,"enemies":"Snake Plant","floor":24,"turns":4},{"damage":57,"enemies":"Slavers","floor":27,"turns":6},{"damage":3,"enemies":"3 Cultists","floor":28,"turns":2}],"seed_played":"-8525868461491610425","potions_obtained":[{"floor":3.0,"key":"LiquidBronze"},{"floor":4.0,"key":"DuplicationPotion"},{"floor":16,"key":"ColorlessPotion"},{"floor":18,"key":"SteroidPotion"},{"floor":24,"key":"Fire Potion"}],"is_trial":false,"path_per_floor":["M","?","M","M","$","R","?","?","T","E","R","$","E","M","R","B",null,"M","M","M","$","M","R","M","R","T","E","M"],"character_chosen":"DEFECT","items_purchased":["Membership Card","Glacier","Calipers","Defragment","Apotheosis","Capacitor","Consume"],"campfire_rested":3,"item_purchase_floors":[5,5,5,12,21,21,21],"current_hp_per_floor":[46,46,45,43,43,43,36,36,36,24,24,24,2,2,36,20,53,46,46,27,27,16,50,24,58,58,1,0,0],"gold":328,"neow_bonus":"TWO_FIFTY_GOLD","is_daily":false,"chose_seed":false,"campfire_upgraded":2,"win_rate":0.0,"timestamp":1613339745,"path_taken":["M","?","M","M","$","R","?","?","T","E","R","$","E","M","R","BOSS","M","?","M","$","M","R","M","R","T","E","M"],"items_purchased_type":["Relic","Card","Relic","Card","Card","Card","Card"],"build_version":"2020-12-18","purchased_purges":1,"victory":false,"max_hp_per_floor":[71,64,64,64,64,64,64,64,64,64,64,64,64,64,64,64,64,64,64,64,64,64,64,64,64,64,64,64,64],"relic_stats":{"Regal Pillow":45,"counters":[14,73],"Golden Idol":73,"Shuriken":[0],"CeramicFish":90,"Kunai":[2],"obtain_stats":[{"SlaversCollar":17,"Regal Pillow":9,"Calipers":5,"Golden Idol":2,"Shuriken":26,"CeramicFish":13,"Membership Card":5,"Kunai":10,"Toxic Egg 2":27,"Cracked Core":0},{"SlaversCollar":7,"Regal Pillow":3,"Calipers":3,"Golden Idol":1,"Shuriken":12,"CeramicFish":5,"Membership Card":3,"Kunai":4,"Toxic Egg 2":13,"Cracked Core":0},{"SlaversCollar":41,"Regal Pillow":9,"Calipers":9,"Golden Idol":3,"Shuriken":65,"CeramicFish":27,"Membership Card":9,"Kunai":18,"Toxic Egg 2":71,"Cracked Core":0}]},"card_choices":[{"not_picked":["Sweeping Beam","Streamline"],"picked":"Tempest","floor":1.0},{"not_picked":["Beam Cell","Gash"],"picked":"Cold Snap","floor":3.0},{"not_picked":["Rebound","Turbo"],"picked":"Chill","floor":4.0},{"not_picked":["Hello World","Double Energy"],"picked":"Ball Lightning","floor":10.0},{"not_picked":["Cold Snap","Leap"],"picked":"Coolheaded","floor":13.0},{"not_picked":["Beam Cell","Go for the Eyes"],"picked":"Biased Cognition","floor":14},{"not_picked":["Rainbow","All For One"],"picked":"Biased Cognition","floor":16},{"not_picked":["Recycle","Leap","Tempest"],"picked":"SKIP","floor":18},{"not_picked":["Genetic Algorithm","Self Repair"],"picked":"Recycle+1","floor":19},{"not_picked":["Recycle","FTL"],"picked":"Stack+1","floor":20},{"not_picked":["Leap","Redo","Streamline+1"],"picked":"SKIP","floor":22},{"not_picked":["White Noise","Rebound"],"picked":"Glacier","floor":24},{"not_picked":["Meteor Strike","Force Field+1"],"picked":"Compile Driver","floor":27}],"player_experience":1317765,"relics_obtained":[{"floor":9.0,"key":"Regal Pillow"},{"floor":10.0,"key":"Kunai"},{"floor":13.0,"key":"CeramicFish"},{"floor":26,"key":"Shuriken"},{"floor":27,"key":"Toxic Egg 2"}],"event_choices":[{"damage_healed":0.0,"max_hp_gain":0.0,"max_hp_loss":7.0,"gold_gain":0.0,"event_name":"Golden Idol","player_choice":"Lose Max HP","floor":2.0,"gold_loss":0.0,"damage_taken":0.0,"relics_obtained":["Golden Idol"]},{"cards_removed":["Defend_B"],"damage_healed":0.0,"max_hp_gain":0.0,"max_hp_loss":0.0,"gold_gain":0.0,"event_name":"Golden Wing","player_choice":"Card Removal","floor":7.0,"gold_loss":0.0,"damage_taken":7.0},{"cards_removed":["Strike_B"],"damage_healed":0.0,"max_hp_gain":0.0,"max_hp_loss":0.0,"gold_gain":0.0,"event_name":"Wheel of Change","player_choice":"Card Removal","floor":8.0,"gold_loss":0.0,"damage_taken":0.0}],"is_beta":true,"boss_relics":[{"not_picked":["Coffee Dripper","Tiny House"],"picked":"SlaversCollar"}],"items_purged_floors":[5],"is_endless":false,"potions_floor_spawned":[3,4,13,16,18,19,24],"killed_by":"3 Cultists","ascension_level":18}}