{"host":"6jrnojxwearbrjzo","time":1613283314,"event":{"mods":["BaseMod","Conspire","Minty Spire (QoL Compilation)","MostiFishMod","Quick Restart","Random Character Button","Spicy Shops","StSLib","The Servant 0.9.4","[功能]功能增强和修复MOD","篝火指南"],"gold_per_floor":[119,21,21,38,53,87,110,145,145,177,235,80,45,58,58,154,154,173,173,69,84,1,1,28,38,38,51,82,82,116,145,145,249,249,262,280,195,205,480,505,505,531,531,531,563,481,506,515,393,393],"floor_reached":51,"language":"ZHS","playtime":1323,"items_purged":["Defend_R","Defend_R","Bash","Defend_R","Defend_R","Parasite","Injury"],"score":1723,"play_id":"82a74113-7bd0-46d5-94b8-6818c15f2b7f","local_time":"20210214141514","is_ascension_mode":true,"campfire_choices":[{"data":"Armaments","floor":15,"key":"SMITH"},{"data":"MostiFishMod:PerfectStrikeMKII","floor":23,"key":"SMITH"},{"data":"Body Slam","floor":32,"key":"SMITH"},{"data":"MostiFishMod:OrdinaryWorld","floor":41,"key":"SMITH"},{"data":"Madness","floor":44,"key":"SMITH"}],"circlet_count":0,"master_deck":["Strike_R","Strike_R","Strike_R","Strike_R","Strike_R+1","Twin Strike","Flex","Pummel","Wild Strike","True Grit","Wild Strike","MostiFishMod:PerfectStrikeMKII+1","Twin Strike+1","Armaments+1","Purity","Perfected Strike","MostiFishMod:RacingGame+1","Perfected Strike+1","Body Slam+1","MostiFishMod:OrdinaryWorld+1","Madness+1","Madness+1","MostiFishMod:ChineseTea+1","Sever Soul","Dual Wield+1","MostiFishMod:ChineseTea+1"],"relics":["DaveBox","ThornShield","Coffee Dripper","SynthV:TestCard","Shuriken","conspire:GlowingRock","Bag of Marbles","Dream Catcher","Paper Frog","Pantograph","Membership Card","BirthdayGift-Icosahedron","Omamori","Centennial Puzzle","Turnip","conspire:RunicOctahedron","ChiLing","Chi","Ling","MostiFishMod:Haymaker","Oddly Smooth Stone","Meat on the Bone","Boot","MetatronsCube","Akabeko","Darkstone Periapt","Happy Flower","CeramicFish","FeatherPendant","Sling","Mercury Hourglass","Blood Vial","SynthV:C4","ClockworkSouvenir","DianDianMeat","Bottled Flame","PreservedInsect","War Paint","Anchor","HornCleat","conspire:TopHat","Brimstone","DiscerningMonocle","conspire:TreasureMap","Orichalcum","Letter Opener","Whetstone","Juzu Bracelet","Cauldron","conspire:Dentures","conspire:Flyswatter","HandDrill","ImprovedEquipment","Eternal Feather","DollysMirror"],"acts_visited":["Exordium","TheCity","TheBeyond"],"potions_floor_usage":[8,8,10,18,47,48],"damage_taken":[{"damage":2,"enemies":"2 Louse","floor":1,"turns":3},{"damage":0,"enemies":"Cultist","floor":4,"turns":2},{"damage":0,"enemies":"Jaw Worm","floor":5,"turns":2},{"damage":1,"enemies":"Gremlin Nob","floor":6,"turns":2},{"damage":5,"enemies":"3 Sentries","floor":8,"turns":4},{"damage":0,"enemies":"Gremlin Nob","floor":10,"turns":1},{"damage":0,"enemies":"Large Slime","floor":14,"turns":1},{"damage":0,"enemies":"The Guardian","floor":16,"turns":2},{"damage":0,"enemies":"2 Thieves","floor":18,"turns":1},{"damage":1,"enemies":"Chosen","floor":21,"turns":1},{"damage":1,"enemies":"Slavers","floor":24,"turns":1},{"damage":0,"enemies":"Sentry and Sphere","floor":25,"turns":1},{"damage":2,"enemies":"conspire:HollyBat","floor":27,"turns":2},{"damage":2,"enemies":"Book of Stabbing","floor":28,"turns":1},{"damage":0,"enemies":"conspire:SneckoGhost","floor":30,"turns":1},{"damage":2,"enemies":"3 Cultists","floor":31,"turns":2},{"damage":2,"enemies":"Champ","floor":33,"turns":3},{"damage":2,"enemies":"3 Darklings","floor":35,"turns":1},{"damage":0,"enemies":"3 Shapes","floor":38,"turns":1},{"damage":0,"enemies":"Giant Head","floor":40,"turns":1},{"damage":0,"enemies":"Jaw Worm Horde","floor":42,"turns":1},{"damage":0,"enemies":"Nemesis","floor":45,"turns":1},{"damage":0,"enemies":"Spire Growth","floor":47,"turns":1},{"damage":0,"enemies":"Time Eater","floor":50,"turns":1}],"seed_played":"5575378740027072109","potions_obtained":[{"floor":4,"key":"EssenceOfSteel"},{"floor":4,"key":"Regen Potion"},{"floor":5,"key":"DistilledChaos"},{"floor":5,"key":"ColorlessPotion"},{"floor":8,"key":"DistilledChaos"},{"floor":10,"key":"ElixirPotion"},{"floor":10,"key":"SkillPotion"},{"floor":14,"key":"SkillPotion"},{"floor":16,"key":"AttackPotion"},{"floor":18,"key":"DuplicationPotion"},{"floor":47,"key":"Fruit Juice"},{"floor":47,"key":"LiquidBronze"},{"floor":48,"key":"Fruit Juice"},{"floor":48,"key":"SteroidPotion"}],"is_trial":false,"path_per_floor":["M","$","?","M","M","E","T","E","T","E","?","$","?","M","R","B",null,"M","?","$","M","$","R","E","M","T","M","E","?","E","M","R","B",null,"M","?","$","M","?","E","R","M","T","R","E","R","M","$","R","B",null],"character_chosen":"IRONCLAD","items_purchased":["Shuriken","Twin Strike","Flex","Pummel","Membership Card","BirthdayGift-Icosahedron","Omamori","Centennial Puzzle","Turnip","Armaments","Purity","ChiLing","MostiFishMod:Haymaker","Oddly Smooth Stone","Meat on the Bone","Boot","MetatronsCube","Sling","Mercury Hourglass","Blood Vial","SynthV:C4","ClockworkSouvenir","War Paint","Anchor","HornCleat","conspire:TopHat","Brimstone","DiscerningMonocle","Sever Soul","conspire:TreasureMap","Orichalcum","Letter Opener","Whetstone","Juzu Bracelet","Cauldron","conspire:Dentures","conspire:Flyswatter","HandDrill","ImprovedEquipment","Eternal Feather","DollysMirror"],"campfire_rested":0,"item_purchase_floors":[2,2,2,2,12,12,12,12,12,12,12,20,20,20,20,20,22,37,37,37,37,37,46,46,46,46,46,46,46,48,48,48,48,48,48,49,49,49,49,49,49],"current_hp_per_floor":[70,70,62,62,62,61,61,56,56,56,56,56,76,77,77,80,80,80,80,80,80,80,80,80,80,80,79,78,78,79,78,78,79,80,79,69,69,72,72,75,75,79,79,79,81,89,98,114,120,120],"gold":393,"neow_bonus":"BOSS_RELIC","is_daily":false,"chose_seed":false,"campfire_upgraded":5,"win_rate":0.0,"timestamp":1613283314,"path_taken":["M","$","?","?","M","E","?","E","T","E","?","$","?","M","R","BOSS","M","?","$","M","$","R","E","?","T","M","E","?","E","M","R","BOSS","M","?","$","M","?","E","R","M","T","R","E","R","?","$","R","BOSS"],"items_purchased_type":["Relic","Card","Card","Card","Relic","Relic","Relic","Relic","Relic","Card","Card","Relic","Relic","Relic","Relic","Relic","Relic","Relic","Relic","Relic","Relic","Relic","Relic","Relic","Relic","Relic","Relic","Relic","Card","Relic","Relic","Relic","Relic","Relic","Relic","Relic","Relic","Relic","Relic","Relic","Relic"],"build_version":"2020-12-22","purchased_purges":7,"victory":true,"max_hp_per_floor":[80,80,80,80,80,80,80,80,80,80,80,80,80,80,80,80,80,80,80,80,80,80,80,80,80,80,80,80,80,80,80,80,80,80,80,80,80,80,80,80,80,81,81,81,81,89,98,114,120,120],"card_choices":[{"not_picked":["Headbutt","Thunderclap","MostiFishMod:BrandingRite"],"picked":"SKIP","floor":1},{"not_picked":["Heavy Blade","Ghostly Armor","Headbutt","Dark Embrace"],"picked":"Wild Strike","floor":4},{"not_picked":["Warcry","Rage","Dropkick","Iron Wave"],"picked":"True Grit","floor":5},{"not_picked":["Sword Boomerang","Inflame","Flex","Clash"],"picked":"Wild Strike","floor":6},{"not_picked":["Body Slam","Dropkick","Disarm","conspire:Charge"],"picked":"MostiFishMod:PerfectStrikeMKII","floor":8},{"not_picked":["Clothesline","Power Through","Ghostly Armor","Iron Wave"],"picked":"Twin Strike","floor":10},{"not_picked":["Anger","Shrug It Off","Wild Strike","Clash"],"picked":"Perfected Strike","floor":14},{"not_picked":["Barricade","MostiFishMod:OrdinaryWorld","MostiFishMod:FireWorks","MostiFishMod:CullingBlade"],"picked":"MostiFishMod:RacingGame","floor":16},{"not_picked":["Pommel Strike","Shrug It Off","Seeing Red","Rage+1"],"picked":"Perfected Strike+1","floor":18},{"not_picked":["Iron Wave+1","Clothesline+1","Uppercut+1","Evolve+1","Feel No Pain"],"picked":"SKIP","floor":21},{"not_picked":["MostiFishMod:HellRitual","Anger","Spot Weakness+1","Burning Pact","Carnage"],"picked":"SKIP","floor":24},{"not_picked":["Infernal Blade","Heavy Blade","Shockwave","Feel No Pain","conspire:ExplosiveBarrier"],"picked":"SKIP","floor":25},{"not_picked":["Body Slam","True Grit","Ghostly Armor","Cleave","Havoc"],"picked":"SKIP","floor":27},{"not_picked":["Intimidate","Searing Blow","Reckless Charge+1","Thunderclap","Flex+1"],"picked":"SKIP","floor":28},{"not_picked":["Twin Strike","Iron Wave","Heavy Blade","Sword Boomerang","True Grit+1"],"picked":"SKIP","floor":30},{"not_picked":["Shrug It Off","Searing Blow","Warcry+1","Heavy Blade+1"],"picked":"Body Slam","floor":31},{"not_picked":["Limit Break","MostiFishMod:FlyOverUtopia","MostiFishMod:ChineseTea","Demon Form"],"picked":"MostiFishMod:OrdinaryWorld","floor":33},{"not_picked":["Armaments","Carnage+1","Clothesline","Burning Pact","Havoc+1"],"picked":"SKIP","floor":35},{"not_picked":["Clash+1","Perfected Strike","Flex+1","conspire:ExplosiveBarrier","Warcry"],"picked":"SKIP","floor":38},{"not_picked":["Clash","Blood for Blood","Cleave+1","Anger+1","Twin Strike+1"],"picked":"SKIP","floor":40},{"not_picked":["Sever Soul","True Grit+1","MostiFishMod:BrandingRite+1","Rage+1"],"picked":"MostiFishMod:ChineseTea","floor":42},{"not_picked":["Anger","Twin Strike","Disarm","Warcry","Armaments+1"],"picked":"SKIP","floor":45},{"not_picked":["Pommel Strike","Burning Pact","Sword Boomerang","Metallicize"],"picked":"Dual Wield+1","floor":47}],"player_experience":138982,"relics_obtained":[{"floor":1,"key":"SynthV:TestCard"},{"floor":6,"key":"conspire:GlowingRock"},{"floor":7,"key":"Bag of Marbles"},{"floor":8,"key":"Dream Catcher"},{"floor":9,"key":"Paper Frog"},{"floor":10,"key":"Pantograph"},{"floor":24,"key":"Akabeko"},{"floor":26,"key":"Darkstone Periapt"},{"floor":28,"key":"Happy Flower"},{"floor":30,"key":"CeramicFish"},{"floor":40,"key":"DianDianMeat"},{"floor":43,"key":"Bottled Flame"},{"floor":45,"key":"PreservedInsect"}],"event_choices":[{"damage_healed":0,"gold_gain":0,"player_choice":"Damaged","damage_taken":8,"max_hp_gain":0,"max_hp_loss":0,"event_name":"Wheel of Change","floor":3,"gold_loss":0},{"damage_healed":0,"gold_gain":58,"player_choice":"Gained Gold","damage_taken":0,"max_hp_gain":0,"max_hp_loss":0,"event_name":"Golden Wing","floor":11,"gold_loss":0},{"damage_healed":20,"gold_gain":0,"player_choice":"Healed","damage_taken":0,"max_hp_gain":0,"max_hp_loss":0,"event_name":"The Cleric","floor":13,"gold_loss":35},{"damage_healed":0,"gold_gain":0,"player_choice":"Upgraded","damage_taken":0,"max_hp_gain":0,"max_hp_loss":0,"event_name":"Upgrade Shrine","floor":19,"gold_loss":0,"cards_upgraded":["MostiFishMod:RacingGame"]},{"damage_healed":0,"gold_gain":0,"player_choice":"Embrace Madness","damage_taken":10,"max_hp_gain":0,"max_hp_loss":0,"event_name":"Winding Halls","floor":36,"gold_loss":0,"cards_obtained":["Madness","Madness"]},{"damage_healed":0,"gold_gain":275,"player_choice":"Desecrate","damage_taken":0,"max_hp_gain":0,"max_hp_loss":0,"event_name":"Golden Shrine","floor":39,"gold_loss":0,"cards_obtained":["Regret"]}],"is_beta":false,"boss_relics":[{"not_picked":["conspire:SeveredTorchhead","Velvet Choker"],"picked":"conspire:RunicOctahedron"},{"not_picked":["FixedStarFall","EE1DDrone"],"picked":"FeatherPendant"}],"items_purged_floors":[2,2,20,20,20,46,48],"is_endless":false,"potions_floor_spawned":[4,4,5,5,6,8,10,10,14,16,18,21,24,25,27,28,28,28,30,31,33,33,33,38,38,40,45,45,45,47,47],"ascension_level":8}}