{"host":"uv5ws9rdk87e8i5k","time":1613343041,"event":{"mods":["AchievementEnabler","BaseMod","Colored Map","Minty Spire (QoL Compilation)","Permanent Neow","Quick Restart","StSLib","SuperFastMode","The Necromancer"],"gold_per_floor":[12,12,36,49,49,49,64,100,100,144,144,157,182,225,225,356,356,380,399,434,103,128,163,163,186,209,227,248,248,248],"floor_reached":29,"language":"ENG","playtime":813,"items_purged":[],"score":294,"play_id":"24414f97-ba08-4a45-9aba-ca1966362081","local_time":"20210214165041","is_ascension_mode":false,"campfire_choices":[{"data":"Eruption","floor":6.0,"key":"SMITH"},{"data":"Judgement","floor":11.0,"key":"SMITH"},{"data":"BattleHymn","floor":15.0,"key":"SMITH"},{"data":"Ragnarok","floor":24.0,"key":"SMITH"}],"circlet_count":0,"master_deck":["Strike_P","Strike_P","Strike_P","Strike_P","Defend_P","Defend_P","Defend_P","Defend_P","Eruption+1","Vigilance","ClearTheMind","CutThroughFate","Perseverance","Crescendo","Judgement+1","FollowUp","BattleHymn","Vengeance","BattleHymn+1","Ragnarok+1","WheelKick+1","WindmillStrike+1","InnerPeace+1"],"relics":["HolyWater","CaptainsWheel","Golden Idol","Centennial Puzzle","InkBottle","Calipers","Red Mask","White Beast Statue","Kunai","Vajra"],"acts_visited":["Exordium","TheCity"],"potions_floor_usage":[27,29],"damage_taken":[{"damage":0.0,"enemies":"Small Slimes","floor":1.0,"turns":4.0},{"damage":1.0,"enemies":"Jaw Worm","floor":3.0,"turns":4.0},{"damage":0.0,"enemies":"2 Louse","floor":4.0,"turns":2.0},{"damage":12.0,"enemies":"Gremlin Gang","floor":7.0,"turns":6.0},{"damage":18.0,"enemies":"Lagavulin","floor":8.0,"turns":6.0},{"damage":15.0,"enemies":"3 Sentries","floor":10.0,"turns":6.0},{"damage":4.0,"enemies":"2 Fungi Beasts","floor":12.0,"turns":3.0},{"damage":8.0,"enemies":"Lots of Slimes","floor":13.0,"turns":3.0},{"damage":0.0,"enemies":"Lagavulin","floor":14.0,"turns":2.0},{"damage":7.0,"enemies":"Hexaghost","floor":16.0,"turns":5.0},{"damage":0.0,"enemies":"Chosen","floor":18.0,"turns":3.0},{"damage":7.0,"enemies":"Shell Parasite","floor":19.0,"turns":2.0},{"damage":10.0,"enemies":"Masked Bandits","floor":20.0,"turns":2.0},{"damage":10.0,"enemies":"Snake Plant","floor":22.0,"turns":2.0},{"damage":10.0,"enemies":"Gremlin Leader","floor":23.0,"turns":5.0},{"damage":0.0,"enemies":"3 Cultists","floor":25.0,"turns":3.0},{"damage":5,"enemies":"Shelled Parasite and Fungi","floor":27,"turns":2},{"damage":1,"enemies":"Cultist and Chosen","floor":28,"turns":3},{"damage":31,"enemies":"Book of Stabbing","floor":29,"turns":4}],"seed_played":"7558456023816388092","potions_obtained":[{"floor":1.0,"key":"Dexterity Potion"},{"floor":3.0,"key":"LiquidBronze"},{"floor":12.0,"key":"PowerPotion"},{"floor":13.0,"key":"FearPotion"},{"floor":14.0,"key":"Strength Potion"},{"floor":16.0,"key":"DistilledChaos"},{"floor":18.0,"key":"Dexterity Potion"},{"floor":22.0,"key":"Block Potion"},{"floor":23.0,"key":"SkillPotion"},{"floor":25.0,"key":"Strength Potion"},{"floor":27,"key":"EssenceOfSteel"},{"floor":28,"key":"SpeedPotion"}],"is_trial":false,"path_per_floor":["M","?","M","M","?","R","M","E","T","E","R","M","M","E","R","B",null,"M","M","?","$","M","E","R","M","T","M","M","E"],"character_chosen":"WATCHER","items_purchased":["Regen Potion","White Beast Statue"],"campfire_rested":0,"item_purchase_floors":[21,21],"current_hp_per_floor":[72,67,66,66,66,66,54,36,36,21,21,17,9,9,9,2,67,67,60,50,50,45,35,35,35,35,30,29,0,0],"gold":248,"neow_bonus":"ONE_RARE_RELIC","is_daily":false,"chose_seed":false,"campfire_upgraded":4,"win_rate":0.0,"timestamp":1613343041,"path_taken":["M","?","M","M","?","R","M","E","T","E","R","M","M","E","R","BOSS","M","M","?","$","M","E","R","M","T","M","M","E"],"items_purchased_type":["Potion","Relic"],"build_version":"2020-12-22","purchased_purges":0,"victory":false,"max_hp_per_floor":[72,67,67,67,67,67,67,67,67,67,67,67,67,67,67,67,67,67,67,67,67,67,67,67,67,67,67,67,67,67],"card_choices":[{"not_picked":["Perseverance","Consecrate"],"picked":"ClearTheMind","floor":1.0},{"not_picked":["ThirdEye","Indignation"],"picked":"CutThroughFate","floor":3.0},{"not_picked":["EmptyFist","ClearTheMind"],"picked":"Perseverance","floor":4.0},{"not_picked":["MentalFortress","BowlingBash"],"picked":"Crescendo","floor":7.0},{"not_picked":["ForeignInfluence","MentalFortress"],"picked":"Judgement","floor":8.0},{"not_picked":["Tantrum","BowlingBash"],"picked":"FollowUp","floor":10.0},{"not_picked":["WreathOfFlame","FollowUp"],"picked":"BattleHymn","floor":12.0},{"not_picked":["BowlingBash","FollowUp"],"picked":"Vengeance","floor":13.0},{"not_picked":["Swivel","CarveReality"],"picked":"BattleHymn","floor":14.0},{"not_picked":["MasterReality","Brilliance"],"picked":"Ragnarok","floor":16.0},{"not_picked":["TalkToTheHand","CrushJoints","Crescendo"],"picked":"SKIP","floor":18.0},{"not_picked":["ForeignInfluence","Evaluate"],"picked":"WheelKick+1","floor":19.0},{"not_picked":["WreathOfFlame","ForeignInfluence+1","LessonLearned"],"picked":"SKIP","floor":22.0},{"not_picked":["Prostrate","PathToVictory"],"picked":"WindmillStrike+1","floor":23.0},{"not_picked":["Pray","Consecrate","Prostrate"],"picked":"SKIP","floor":25.0},{"not_picked":["Vengeance","ThirdEye"],"picked":"InnerPeace+1","floor":27},{"not_picked":["CarveReality","LikeWater","Protect"],"picked":"SKIP","floor":28}],"player_experience":185060,"relics_obtained":[{"floor":8.0,"key":"Centennial Puzzle"},{"floor":10.0,"key":"InkBottle"},{"floor":14.0,"key":"Calipers"},{"floor":20.0,"key":"Red Mask"},{"floor":23.0,"key":"Kunai"},{"floor":26.0,"key":"Vajra"}],"event_choices":[{"damage_healed":0.0,"max_hp_gain":0.0,"max_hp_loss":5.0,"gold_gain":0.0,"event_name":"Golden Idol","player_choice":"Lose Max HP","floor":2.0,"gold_loss":0.0,"damage_taken":0.0,"relics_obtained":["Golden Idol"]},{"damage_healed":0.0,"max_hp_gain":0.0,"max_hp_loss":0.0,"gold_gain":0.0,"event_name":"Liars Game","player_choice":"Ignored","floor":5.0,"gold_loss":0.0,"damage_taken":0.0},{"damage_healed":0.0,"max_hp_gain":0.0,"max_hp_loss":0.0,"gold_gain":0.0,"event_name":"Masked Bandits","player_choice":"Fought Bandits","floor":20.0,"gold_loss":0.0,"damage_taken":0.0}],"is_beta":false,"boss_relics":[{"not_picked":["Empty Cage","Fusion Hammer"],"picked":"HolyWater"}],"items_purged_floors":[],"is_endless":false,"potions_floor_spawned":[1,3,12,13,14,16,18,22,23,25,27,28],"killed_by":"Book of Stabbing","ascension_level":0}}