{"host":"djfsqftupta9xgss","time":1613289543,"event":{"mods":["ATMod(°¢èªMod)","Act Like it!","BaseMod","Gensokyo","Minty Spire (QoL Compilation)","MostiFishMod","Replay The Spire","Spicy Shops","StSLib","TestMod"],"gold_per_floor":[113,128,146,71,71,90,90,90,90,90,116,136,168,56,56,132,132,452,452,852,852,679,718,1071,1071,1140,1388,1288,1308,1358,1358,1358,1443,1443,1457,1457,1457,1457,1474,1507,1507,1507,1553,1553,1572,1572,1572,1572,1572,1631,1662,1662,1662,1662,1751,1790],"floor_reached":57,"language":"ZHS","playtime":1938,"items_purged":["Strike_R","Pain","Bash","Defend_R","Strike_R","Defend_R","Strike_R","Strike_R"],"score":3363,"play_id":"71e52050-b58f-46b7-8d08-1bb5639e9715","local_time":"20210214155903","is_ascension_mode":true,"campfire_choices":[{"data":"Pommel Strike","floor":8.0,"key":"SMITH"},{"data":"Feed","floor":15.0,"key":"SMITH"},{"floor":32,"key":"RECALL"},{"data":"Offering","floor":41,"key":"SMITH"},{"data":"Feel No Pain","floor":44,"key":"SMITH"},{"data":"Evolve","floor":46,"key":"SMITH"},{"data":"Shockwave","floor":49,"key":"SMITH"},{"data":"Second Wind","floor":53,"key":"SMITH"}],"circlet_count":0,"master_deck":["AscendersBane","Pommel Strike+1","Second Wind+1","Shockwave+1","Feed+1","MostiFishMod:RainCloud","Burning Pact","Feel No Pain+1","AT_BodySlamDance+1","Offering+1","Shrug It Off","Burning Pact","Power Through","Evolve+1","Impatience"],"relics":["AT_ATBox","DaveBox","testmod-TestBox","testmod-DeterminationOfClimber","DaCapo","Coffee Dripper","SynthV:TestCard","Gensokyo:OccultBall","Orichalcum","ImprovedEquipment","xbg","Nunchaku","Divine Protection","DiscerningMonocle","testmod-OneHitWonder","AT_SpeedBoots","ReplayFunnel","Civilization","Lantern","testmod-AssaultLearning","ReplayTheSpireMod:Shallot","Toy Ornithopter","AT_EbonyIvory","Pantograph","Oddly Smooth Stone","BargainBundle","Orrery","BrkXgEgg","ReplayTheSpireMod:Ninjato","Magic Flower","White Beast Statue","Onion Ring","Membership Card","testmod-IndustrialRevolution","testmod-TimeTraveler","testmod-Muramasa","Bag of Marbles","testmod-EqualTreatment","Sundial","Sling","Meat on the Bone","AT_MibuBalloonWealth","Strange Spoon","testmod-CrystalShield","Centennial Puzzle","MostiFishMod:AdaptiveDefenses","TheAbacus","Anchor","Red Skull","Akabeko"],"acts_visited":["Exordium","Gensokyo:Gensokyo","Gensokyo:Gensokyoer","TheEnding"],"potions_floor_usage":[45],"damage_taken":[{"damage":2.0,"enemies":"Gensokyo:3_Fairies","floor":1.0,"turns":3.0},{"damage":0.0,"enemies":"Gensokyo:Python","floor":2.0,"turns":2.0},{"damage":0.0,"enemies":"Gensokyo:2_Kodama","floor":3.0,"turns":2.0},{"damage":0.0,"enemies":"Gensokyo:LivingMonolith","floor":6.0,"turns":3.0},{"damage":0.0,"enemies":"Gensokyo:Mamizou","floor":11.0,"turns":5.0},{"damage":12.0,"enemies":"Gensokyo:CorruptedTreant","floor":12.0,"turns":2.0},{"damage":3.0,"enemies":"Gensokyo:Aya","floor":13.0,"turns":4.0},{"damage":38.0,"enemies":"Gensokyo:Reimu","floor":16.0,"turns":7.0},{"damage":9.0,"enemies":"Gensokyo:AngelMirror","floor":18.0,"turns":4.0},{"damage":0.0,"enemies":"Gensokyo:Tenshi","floor":23.0,"turns":3.0},{"damage":33.0,"enemies":"Gensokyo:2_Gloops","floor":24.0,"turns":3.0},{"damage":27,"enemies":"Gensokyo:Monolith_and_Dog","floor":27,"turns":1},{"damage":0,"enemies":"Gensokyo:Wraith","floor":29,"turns":1},{"damage":0,"enemies":"Gensokyo:Kaguya","floor":33,"turns":1},{"damage":0,"enemies":"Gensokyo:AncientGuardian","floor":35,"turns":1},{"damage":0,"enemies":"Gensokyo:3_Bats","floor":39,"turns":1},{"damage":0,"enemies":"Gensokyo:Doremy","floor":40,"turns":1},{"damage":0,"enemies":"Gensokyo:Dusk_and_Dawn","floor":45,"turns":1},{"damage":0,"enemies":"Gensokyo:Shinki","floor":50,"turns":3},{"damage":0,"enemies":"Gensokyo:Scarlet_Devils","floor":51,"turns":1},{"damage":0,"enemies":"Shield and Spear","floor":55,"turns":1},{"damage":0,"enemies":"The Heart","floor":56,"turns":4}],"seed_played":"5585267260378965756","potions_obtained":[{"floor":2.0,"key":"SmokeBomb"},{"floor":11.0,"key":"SpeedPotion"},{"floor":12.0,"key":"SpeedPotion"},{"floor":16.0,"key":"testmod-EscapePotion"},{"floor":33,"key":"GamblersBrew"},{"floor":40,"key":"testmod-SpacePotion"},{"floor":45,"key":"LiquidBronze"},{"floor":55,"key":"BlessingOfTheForge"}],"is_trial":false,"path_per_floor":["M","M","M","$","?","M","?","R","T","?","E","M","E","COS","R","B",null,"M","?","?","?","$","E","M","$","T","M","$","M","T","?","R","B",null,"M","?","?","?","M","E","R","?","T","R","M","R","?","$","R","B","B",null,"R","$","E","B",null],"character_chosen":"IRONCLAD","items_purchased":["DiscerningMonocle","testmod-OneHitWonder","AT_SpeedBoots","ReplayFunnel","Civilization","Lantern","Toy Ornithopter","AT_EbonyIvory","Pantograph","Oddly Smooth Stone","BargainBundle","Orrery","Shrug It Off","Burning Pact","BrkXgEgg","ReplayTheSpireMod:Ninjato","Magic Flower","White Beast Statue","Onion Ring","Membership Card","Power Through","Evolve","Impatience","testmod-EqualTreatment","Sundial","Sling","Meat on the Bone","AT_MibuBalloonWealth","Strange Spoon","testmod-CrystalShield","Centennial Puzzle","MostiFishMod:AdaptiveDefenses","TheAbacus","Anchor","Red Skull"],"campfire_rested":0,"item_purchase_floors":[22,22,22,22,22,22,25,25,25,25,25,25,25,25,28,28,28,28,28,28,28,28,28,48,48,48,48,48,48,54,54,54,54,54,54],"current_hp_per_floor":[70,75,75,75,75,75,75,75,75,82,82,70,71,71,71,37,71,70,70,70,70,70,83,62,62,62,49,49,64,64,64,64,109,109,114,114,57,57,69,83,83,59,59,59,80,80,80,80,80,142,147,147,147,147,156,161],"gold":1790,"neow_bonus":"BOSS_RELIC","is_daily":false,"chose_seed":false,"campfire_upgraded":7,"win_rate":0.0,"timestamp":1613289543,"path_taken":["M","M","M","?","?","M","?","R","T","?","E","M","E","COS","R","BOSS","M","?","?","?","?","E","M","$","T","?","$","M","?","?","R","BOSS","M","?","?","?","?","E","R","?","T","R","M","R","?","$","R","BOSS","BOSS","R","$","E","BOSS"],"items_purchased_type":["Relic","Relic","Relic","Relic","Relic","Relic","Relic","Relic","Relic","Relic","Relic","Relic","Card","Card","Relic","Relic","Relic","Relic","Relic","Relic","Card","Card","Card","Relic","Relic","Relic","Relic","Relic","Relic","Relic","Relic","Relic","Relic","Relic","Relic"],"build_version":"2020-12-22","purchased_purges":8,"victory":true,"max_hp_per_floor":[75,75,75,75,75,75,75,75,75,82,82,82,82,82,82,82,82,86,86,86,78,78,83,90,90,90,99,99,104,104,104,104,109,109,114,114,114,114,119,124,124,124,124,124,133,133,133,133,133,142,147,147,147,147,156,161],"card_choices":[{"not_picked":["Sword Boomerang","Headbutt","Thunderclap"],"picked":"SKIP","floor":1.0},{"not_picked":["Inflame","Evolve","Armaments","Body Slam"],"picked":"Pommel Strike","floor":2.0},{"not_picked":["Sentinel","Twin Strike","Anger","Havoc","Intimidate"],"picked":"SKIP","floor":3.0},{"not_picked":["Cleave","Sword Boomerang","Double Tap","Clash"],"picked":"Second Wind","floor":5.0},{"not_picked":["Wild Strike","AT_IchimonjiDouble","Havoc","Bloodletting","Body Slam"],"picked":"SKIP","floor":6.0},{"not_picked":["Warcry","AT_DiedThrough","Ghostly Armor","Flex","Thunderclap"],"picked":"SKIP","floor":11.0},{"not_picked":["AT_DrawKnifeCut","Body Slam","Cleave","Infernal Blade"],"picked":"Shockwave","floor":12.0},{"not_picked":["Sentinel","AT_BodySlamDance","Reaper","Pommel Strike"],"picked":"Feed","floor":13.0},{"not_picked":["MostiFishMod:ChineseTea","MostiFishMod:WingOfPhoenix","Berserk","MostiFishMod:TemporaryOutbreak"],"picked":"MostiFishMod:RainCloud","floor":16.0},{"not_picked":["Searing Blow+1","Second Wind","True Grit","Fire Breathing"],"picked":"Burning Pact","floor":18.0},{"not_picked":["Evolve","Twin Strike","Feed","Spot Weakness+1"],"picked":"Feel No Pain","floor":23.0},{"not_picked":["Cleave","Body Slam","Burning Pact","Wild Strike+1","Thunderclap"],"picked":"SKIP","floor":24.0},{"not_picked":["Heavy Blade","Infernal Blade","Clothesline","AT_IchimonjiDouble"],"picked":"AT_BodySlamDance+1","floor":25},{"not_picked":["Rage","Clothesline","AT_BodySlamDance","Wild Strike"],"picked":"Offering","floor":25},{"not_picked":["MostiFishMod:BrandingRite","Iron Wave+1","AT_IchimonjiDouble","Clash+1","Infernal Blade"],"picked":"SKIP","floor":27},{"not_picked":["Clash","Pommel Strike","MostiFishMod:OrdinaryWorld+1","Twin Strike","Searing Blow+1"],"picked":"SKIP","floor":29},{"not_picked":["Clothesline+1","Metallicize","Rampage+1","Shrug It Off","Bloodletting"],"picked":"SKIP","floor":35},{"not_picked":["Flex","Havoc+1","Whirlwind","Feel No Pain","Thunderclap"],"picked":"SKIP","floor":39},{"not_picked":["Warcry","Clothesline","Twin Strike","Thunderclap+1","Seeing Red+1"],"picked":"SKIP","floor":40},{"not_picked":["Inflame","AT_GerminateFire","Twin Strike","Shrug It Off","Shockwave"],"picked":"SKIP","floor":45},{"not_picked":["True Grit","Headbutt","AT_DiedThrough","Shrug It Off","Immolate+1"],"picked":"SKIP","floor":55}],"player_experience":395840,"relics_obtained":[{"floor":1.0,"key":"SynthV:TestCard"},{"floor":9.0,"key":"testmod-RealStoneCalender"},{"floor":11.0,"key":"Orichalcum"},{"floor":13.0,"key":"ImprovedEquipment"},{"floor":16.0,"key":"Gensokyo:OccultBall"},{"floor":23.0,"key":"ReplayTheSpireMod:Shallot"},{"floor":29,"key":"Gensokyo:OccultBall"},{"floor":30,"key":"testmod-IndustrialRevolution"},{"floor":33,"key":"Gensokyo:OccultBall"},{"floor":43,"key":"Bag of Marbles"},{"floor":55,"key":"Akabeko"}],"event_choices":[],"is_beta":false,"boss_relics":[{"not_picked":["Cursed Key","testmod-IncinerationGenerator"],"picked":"xbg"},{"not_picked":["SacredBark","FeatherPendant"],"picked":"testmod-TimeTraveler"}],"items_purged_floors":[4,22,25,25,28,28,48,54],"is_endless":false,"potions_floor_spawned":[2,11,12,16,18,23,29,33,35,39,40,45,55],"ascension_level":20}}