{"host":"6jrnojxwearbrjzo","time":1613325579,"event":{"mods":["BaseMod","Conspire","Minty Spire (QoL Compilation)","MostiFishMod","Quick Restart","Random Character Button","Spicy Shops","StSLib","TestMod","The Servant 0.9.4","[功能]功能增强和修复MOD","篝火指南"],"gold_per_floor":[117,517,517,277,297,9,26,26,51,63,79,79,121,145,43,147,147,159,179,190,8,26,69,94,112,183,205,237,237,336,57,57,157,157,176,111,111,6,30,60,70,70,93,93,22,59,104,120,19,23],"floor_reached":51,"language":"ZHS","playtime":1815,"items_purged":["Regret","Clumsy","Defend_R","Strike_R","Strike_R","Pride","Strike_R+1","Strike_R+1","Bash+1","MostiFishMod:#F4004","Heavy Blade","Burning Pact+1","Pain","conspire:Purge","Armaments+1"],"score":1648,"play_id":"2a10f0a6-0afd-48d2-9693-2ad824070b66","local_time":"20210215015939","is_ascension_mode":true,"campfire_choices":[{"data":"Limit Break","floor":32,"key":"SMITH"},{"data":"Inflame","floor":42,"key":"SMITH"},{"data":"Shrug It Off","floor":44,"key":"SMITH"}],"circlet_count":0,"master_deck":["Body Slam+1","Inflame+1","Shrug It Off+1","Limit Break+1","MostiFishMod:CullingBlade+1","Seeing Red+1"],"relics":["Burning Blood","testmod-TestBox","testmod-TheFather","GreenFoldingFan","MostiFishMod:Haymaker","SynthV:TestCard","DianDianMeat","Technique","War Paint","Anchor","Blue Candle","Frozen Eye","The Courier","BirthdayGift-Icosahedron","MostiFishMod:AdaptiveDefenses","testmod-LifeArmor","Nunchaku","Red Skull","Smiling Mask","testmod-Justice","Singing Bowl","Incense Burner","Strange Spoon","Black Star","Bag of Marbles","testmod-RandomTest","Matryoshka","conspire:TreasureMap","conspire:DecoderRing","MealTicket","Bag of Preparation","Dream Catcher","Tiny Chest","conspire:DeflatedDodgeball","Kunai","Pen Nib","Centennial Puzzle","testmod-Maize","BrkXgEgg","testmod-TurbochargingSystem","conspire:Dentures","testmod-Antiphasic","Coffee Dripper","Dead Branch","HandDrill","Lantern","Paper Frog","testmod-MagicalMallet","Juzu Bracelet","testmod-AssaultLearning","PreservedInsect","Whetstone","testmod-InfectionSource","Potion Belt","ChiLing","Chi","Ling","Letter Opener","Frozen Egg 2","testmod-ArcanaOfDestiny","conspire:Flyswatter","Brimstone","testmod-Muramasa","TheAbacus"],"acts_visited":["Exordium","TheCity","TheBeyond"],"potions_floor_usage":[10,13,16,19,19],"damage_taken":[{"damage":4,"enemies":"Jaw Worm","floor":1,"turns":2},{"damage":4,"enemies":"Small Slimes","floor":5,"turns":2},{"damage":0,"enemies":"Cultist","floor":7,"turns":1},{"damage":0,"enemies":"Looter","floor":10,"turns":1},{"damage":0,"enemies":"Lots of Slimes","floor":11,"turns":1},{"damage":2,"enemies":"3 Sentries","floor":13,"turns":2},{"damage":6,"enemies":"Exordium Thugs","floor":14,"turns":2},{"damage":34,"enemies":"Hexaghost","floor":16,"turns":3},{"damage":0,"enemies":"Chosen","floor":18,"turns":1},{"damage":7,"enemies":"2 Thieves","floor":19,"turns":2},{"damage":2,"enemies":"Snake Plant","floor":20,"turns":2},{"damage":0,"enemies":"Centurion and Healer","floor":22,"turns":1},{"damage":2,"enemies":"conspire:Head Lice","floor":23,"turns":2},{"damage":2,"enemies":"conspire:HollyBat","floor":25,"turns":2},{"damage":2,"enemies":"3 Cultists","floor":27,"turns":2},{"damage":0,"enemies":"conspire:SneckoGhost","floor":28,"turns":1},{"damage":2,"enemies":"conspire:MysteriousRune","floor":33,"turns":2},{"damage":0,"enemies":"Orb Walker","floor":35,"turns":1},{"damage":0,"enemies":"3 Darklings","floor":39,"turns":1},{"damage":0,"enemies":"Reptomancer","floor":40,"turns":1},{"damage":0,"enemies":"Transient","floor":41,"turns":1},{"damage":3,"enemies":"Giant Head","floor":46,"turns":1},{"damage":2,"enemies":"4 Shapes","floor":48,"turns":1},{"damage":3,"enemies":"Time Eater","floor":50,"turns":1}],"seed_played":"368790093396894500","potions_obtained":[{"floor":5,"key":"Explosive Potion"},{"floor":7,"key":"BlessingOfTheForge"},{"floor":10,"key":"ColorlessPotion"},{"floor":10,"key":"testmod-SpacePotion"},{"floor":11,"key":"BlessingOfTheForge"},{"floor":13,"key":"SkillPotion"},{"floor":13,"key":"SkillPotion"},{"floor":18,"key":"EssenceOfSteel"},{"floor":22,"key":"ElixirPotion"},{"floor":22,"key":"LiquidBronze"},{"floor":46,"key":"SkillPotion"},{"floor":48,"key":"Energy Potion"}],"is_trial":false,"path_per_floor":["M","?","?","$","M","R","M","?","T","M","M","?","E","M","R","B",null,"M","M","M","$","M","E","T","M","T","M","E","?","?","$","R","B",null,"M","$","?","$","M","E","M","R","T","R","$","E","T","M","R","B",null],"character_chosen":"IRONCLAD","items_purchased":["DianDianMeat","Technique","Body Slam","War Paint","Anchor","Blue Candle","Frozen Eye","Inflame","The Courier","BirthdayGift-Icosahedron","MostiFishMod:AdaptiveDefenses","testmod-LifeArmor","Nunchaku","testmod-Justice","Singing Bowl","Incense Burner","Strange Spoon","Bag of Marbles","testmod-RandomTest","Matryoshka","conspire:TreasureMap","conspire:DecoderRing","testmod-Maize","BrkXgEgg","testmod-TurbochargingSystem","conspire:Dentures","testmod-Antiphasic","Dead Branch","HandDrill","Lantern","Paper Frog","testmod-MagicalMallet","Juzu Bracelet","testmod-AssaultLearning","PreservedInsect","ChiLing","Letter Opener","Brimstone","testmod-Muramasa","TheAbacus"],"campfire_rested":0,"item_purchase_floors":[4,4,4,4,4,4,4,4,6,6,6,6,6,15,15,15,15,21,21,21,21,21,31,31,31,31,31,36,36,36,38,38,38,38,38,45,45,49,49,49],"current_hp_per_floor":[80,80,80,86,86,86,90,90,90,95,95,101,108,116,125,118,131,146,148,150,150,152,154,154,156,156,158,160,160,160,160,160,172,172,174,174,174,187,201,203,218,218,218,218,218,220,220,222,222,222],"gold":23,"neow_bonus":"ONE_RARE_RELIC","is_daily":false,"chose_seed":false,"campfire_upgraded":3,"win_rate":0.0,"timestamp":1613325579,"path_taken":["M","?","?","$","?","R","M","?","T","?","M","?","E","M","R","BOSS","M","?","M","$","M","E","?","M","T","M","E","?","?","$","R","BOSS","M","$","?","$","M","E","M","R","T","R","$","E","?","M","R","BOSS"],"items_purchased_type":["Relic","Relic","Card","Relic","Relic","Relic","Relic","Card","Relic","Relic","Relic","Relic","Relic","Relic","Relic","Relic","Relic","Relic","Relic","Relic","Relic","Relic","Relic","Relic","Relic","Relic","Relic","Relic","Relic","Relic","Relic","Relic","Relic","Relic","Relic","Relic","Relic","Relic","Relic","Relic"],"build_version":"2020-12-22","purchased_purges":15,"victory":true,"max_hp_per_floor":[80,80,80,86,86,86,90,90,90,95,95,101,108,116,125,135,135,146,148,150,150,152,154,154,156,156,158,160,160,160,160,160,172,172,174,174,174,187,201,203,218,218,218,218,218,220,220,222,222,222],"card_choices":[{"not_picked":["Clothesline","Power Through","Dual Wield"],"picked":"SKIP","floor":1},{"not_picked":["Battle Trance","Sword Boomerang","Warcry","Intimidate","Iron Wave"],"picked":"SKIP","floor":5},{"not_picked":["Clash","Second Wind","Warcry","Intimidate"],"picked":"MostiFishMod:#F4004","floor":7},{"not_picked":["Clothesline","Reckless Charge","Feel No Pain","True Grit"],"picked":"Corruption","floor":10},{"not_picked":["Havoc","Twin Strike","Clothesline","Bloodletting","Warcry"],"picked":"SKIP","floor":11},{"not_picked":["Infernal Blade","Sword Boomerang","Clash","Havoc"],"picked":"Heavy Blade","floor":13},{"not_picked":["Spot Weakness","Immolate","Headbutt","Second Wind"],"picked":"Shrug It Off","floor":14},{"not_picked":["MostiFishMod:WingOfPhoenix","MostiFishMod:DoubleSword","MostiFishMod:RacingGame","Corruption"],"picked":"Limit Break","floor":16},{"not_picked":["Thunderclap","Hemokinesis+1","Body Slam","Fire Breathing+1"],"picked":"Burning Pact+1","floor":18},{"not_picked":["Hemokinesis","Fire Breathing","Thunderclap+1","MostiFishMod:#F4004","Twin Strike"],"picked":"Singing Bowl","floor":19},{"not_picked":["Havoc+1","Perfected Strike","Armaments","Flex+1","Spot Weakness+1"],"picked":"Singing Bowl","floor":20},{"not_picked":["Havoc","Perfected Strike","Reaper","Wild Strike","Spot Weakness"],"picked":"Singing Bowl","floor":22},{"not_picked":["Heavy Blade","Shrug It Off","Rupture","MostiFishMod:Chiaki","Twin Strike"],"picked":"Singing Bowl","floor":23},{"not_picked":["Inflame","MostiFishMod:#F4004+1","Body Slam","Armaments","Headbutt"],"picked":"Singing Bowl","floor":25},{"not_picked":["Clothesline+1","Perfected Strike+1","Twin Strike","Warcry+1","True Grit"],"picked":"Singing Bowl","floor":27},{"not_picked":["Spot Weakness","Reckless Charge","Clothesline","Heavy Blade","Headbutt"],"picked":"Singing Bowl","floor":28},{"not_picked":["MostiFishMod:OrdinaryWorld+1","MostiFishMod:UltimateDefense+1","Exhume+1","Corruption+1"],"picked":"MostiFishMod:CullingBlade+1","floor":33},{"not_picked":["Sword Boomerang","Heavy Blade","True Grit","Shockwave","Rupture"],"picked":"Singing Bowl","floor":35},{"not_picked":["Ghostly Armor","Power Through+1","Twin Strike","Cleave+1"],"picked":"Armaments+1","floor":39},{"not_picked":["Body Slam","Heavy Blade+1","Headbutt","Perfected Strike","Rage+1"],"picked":"Singing Bowl","floor":40},{"not_picked":["Hemokinesis","Rage+1","Juggernaut+1","Evolve"],"picked":"Seeing Red+1","floor":41},{"not_picked":["Entrench","Rupture+1","Evolve+1","Sentinel","Heavy Blade+1"],"picked":"Singing Bowl","floor":46},{"not_picked":["Entrench","Reckless Charge+1","Cleave","Disarm","Heavy Blade+1"],"picked":"Singing Bowl","floor":48}],"player_experience":143423,"relics_obtained":[{"floor":1,"key":"SynthV:TestCard"},{"floor":9,"key":"Red Skull"},{"floor":13,"key":"Smiling Mask"},{"floor":23,"key":"MealTicket"},{"floor":23,"key":"Bag of Preparation"},{"floor":24,"key":"Dream Catcher"},{"floor":24,"key":"Tiny Chest"},{"floor":26,"key":"conspire:DeflatedDodgeball"},{"floor":26,"key":"Kunai"},{"floor":28,"key":"Pen Nib"},{"floor":28,"key":"Centennial Puzzle"},{"floor":40,"key":"Whetstone"},{"floor":40,"key":"testmod-InfectionSource"},{"floor":43,"key":"Potion Belt"},{"floor":46,"key":"Frozen Egg 2"},{"floor":46,"key":"testmod-ArcanaOfDestiny"},{"floor":47,"key":"conspire:Flyswatter"}],"event_choices":[{"damage_healed":0,"gold_gain":400,"player_choice":"Sell","damage_taken":0,"max_hp_gain":0,"max_hp_loss":0,"event_name":"恩洛斯的盘子","floor":2,"relics_lost":["DaveBox"],"gold_loss":0},{"damage_healed":0,"gold_gain":0,"player_choice":"Grow","damage_taken":0,"max_hp_gain":0,"max_hp_loss":0,"event_name":"Living Wall","floor":3,"gold_loss":0,"cards_upgraded":["Bash"]},{"cards_removed":["Defend_R"],"damage_healed":0,"gold_gain":0,"player_choice":"Purged","damage_taken":0,"max_hp_gain":0,"max_hp_loss":0,"event_name":"Purifier","floor":8,"gold_loss":0},{"damage_healed":0,"gold_gain":0,"cards_transformed":["Strike_R"],"player_choice":"Transformed","damage_taken":0,"max_hp_gain":0,"max_hp_loss":0,"event_name":"Transmorgrifier","floor":12,"gold_loss":0,"cards_obtained":["conspire:Purge"]},{"cards_removed":["Corruption"],"damage_healed":0,"gold_gain":0,"player_choice":"Elegance","damage_taken":0,"max_hp_gain":0,"max_hp_loss":0,"event_name":"Back to Basics","floor":29,"gold_loss":0},{"damage_healed":0,"gold_gain":99,"player_choice":"Stole From Cult","damage_taken":0,"max_hp_gain":0,"max_hp_loss":0,"event_name":"Nest","floor":30,"gold_loss":0},{"damage_healed":0,"gold_gain":0,"player_choice":"Bought 0 Potions","damage_taken":0,"max_hp_gain":0,"max_hp_loss":0,"event_name":"The Woman in Blue","floor":37,"gold_loss":0}],"is_beta":false,"boss_relics":[{"not_picked":["testmod-SaigiyounoYou","testmod-HarvestTotem"],"picked":"Black Star"},{"not_picked":["Busted Crown","testmod-EnergyCheck"],"picked":"Coffee Dripper"}],"items_purged_floors":[4,4,4,6,6,15,21,21,21,31,36,36,38,45,49],"is_endless":false,"potions_floor_spawned":[5,7,10,10,11,13,13,18,18,22,22,23,25,27,28,40,40,40,40,46,46,48,48],"ascension_level":9}}