{"host":"w7pthw6r6331n954","time":1613339425,"event":{"mods":["AchievementEnabler","Act Like it!","BaseMod","BetterRewards","Colored Map","Colored Powertips","Custom Start","Downfall","Hallownest","Hermit","Jorbs\u0027s Wanderer Trilogy","Minty Spire (QoL Compilation)","Replay The Spire","Shop Mod","StSLib","SuperFastMode"],"gold_per_floor":[118,131,1,14,89,89,105,139,139,139,11,11,11,36,36,161,161,175,198,198,198],"floor_reached":20,"language":"ENG","playtime":1461,"items_purged":[],"score":343,"play_id":"95cc5095-96c7-4f89-a878-4fbdd6ae2151","local_time":"20210214165025","is_ascension_mode":true,"campfire_choices":[{"floor":6.0,"key":"REST"},{"floor":15,"key":"REST"}],"circlet_count":0,"master_deck":["Strike_B","Strike_B","Strike_B","Strike_B","Defend_B","Defend_B","Defend_B+1","Defend_B","Zap","Dualcast","Gash","Self Repair","Stack","Stack","Beam Cell","Sweeping Beam","Rip and Tear","Poisoned Strike","Panacea","Redo","Creative AI","Go for the Eyes","Biased Cognition","Injury","Discovery","Defragment","Steam","Amplify","Injury","Writhe","stsjorbsmod:Procrastination","Chill","Core Surge"],"relics":["Cracked Core","MerchantsRug","Membership Card","Bag of Marbles","White Beast Statue","Unceasing Top","Symbiotic Virus","Golden Idol","Lantern","Replay:Ancient Bell","MealTicket","Matryoshka","Ice Cream"],"acts_visited":["Exordium","TheCity"],"potions_floor_usage":[7,7,16,18,20,20],"damage_taken":[{"damage":6.0,"enemies":"Cultist","floor":1.0,"turns":3.0},{"damage":7.0,"enemies":"Jaw Worm","floor":2.0,"turns":3.0},{"damage":0.0,"enemies":"2 Louse","floor":4.0,"turns":1.0},{"damage":0,"enemies":"Blue Slaver","floor":7,"turns":1},{"damage":44,"enemies":"3 Sentries","floor":8,"turns":7},{"damage":4,"enemies":"2 Fungi Beasts","floor":14,"turns":3},{"damage":22,"enemies":"Hexaghost","floor":16,"turns":10},{"damage":22,"enemies":"2 Thieves","floor":18,"turns":4},{"damage":38,"enemies":"3 Byrds","floor":19,"turns":6},{"damage":26,"enemies":"Centurion and Healer","floor":20,"turns":5}],"seed_played":"3927421102121759463","potions_obtained":[{"floor":1.0,"key":"GamblersBrew"},{"floor":2.0,"key":"SteroidPotion"},{"floor":4.0,"key":"Strength Potion"},{"floor":7,"key":"PotionOfCapacity"},{"floor":8,"key":"Milkshake"},{"floor":14,"key":"BlessingOfTheForge"},{"floor":16,"key":"AttackPotion"},{"floor":18,"key":"SteroidPotion"},{"floor":19,"key":"DistilledChaos"}],"is_trial":false,"path_per_floor":["M","M","$","M","?","R","M","E","T","?","$","?","?","M","R","B",null,"M","M","M"],"character_chosen":"DEFECT","items_purchased":["MerchantsRug","Membership Card","Gash","Self Repair","Bag of Marbles","White Beast Statue","Stack","Beam Cell","Poisoned Strike","Panacea","Redo","Lantern","Discovery","Defragment"],"campfire_rested":2,"item_purchase_floors":[0,0,0,0,0,0,0,0,3,3,3,11,11,11],"current_hp_per_floor":[43,43,43,43,32,54,61,24,24,24,24,24,24,27,49,34,65,50,19,0,0],"gold":198,"neow_bonus":"","is_daily":false,"chose_seed":false,"campfire_upgraded":0,"win_rate":0.0,"timestamp":1613339425,"path_taken":["M","?","$","M","?","R","M","E","T","?","?","?","?","?","R","BOSS","M","?","?"],"items_purchased_type":["Relic","Relic","Card","Card","Relic","Relic","Card","Card","Card","Card","Card","Relic","Card","Card"],"build_version":"2020-12-22","purchased_purges":0,"victory":false,"max_hp_per_floor":[75,75,75,75,75,75,75,75,75,75,75,75,75,75,75,75,75,75,75,75,75],"card_choices":[{"not_picked":["Leap","Panic Button"],"picked":"Sweeping Beam","floor":1.0},{"not_picked":["Stack","Coolheaded"],"picked":"Rip and Tear","floor":2.0},{"not_picked":["Compile Driver","Coolheaded"],"picked":"Creative AI","floor":4.0},{"not_picked":["Redo","Panic Button"],"picked":"Go for the Eyes","floor":7},{"not_picked":["ReplaySort","Rebound"],"picked":"Biased Cognition","floor":8},{"not_picked":["Leap","Defragment"],"picked":"Steam","floor":14},{"not_picked":["Reboot","All For One"],"picked":"Amplify","floor":16},{"not_picked":["Overencumbered","Hallucinations"],"picked":"Injury","floor":17},{"not_picked":["Spreading Infection","Hallownest:curseDreamersLament"],"picked":"Writhe","floor":17},{"not_picked":["Writhe","Injury"],"picked":"stsjorbsmod:Procrastination","floor":17},{"not_picked":["Undo","Stack"],"picked":"Chill","floor":18},{"not_picked":["Gash","Compile Driver"],"picked":"Core Surge","floor":19}],"player_experience":1248587,"relics_obtained":[{"floor":8,"key":"Unceasing Top"},{"floor":9,"key":"Symbiotic Virus"}],"event_choices":[{"damage_healed":0.0,"max_hp_gain":0.0,"max_hp_loss":0.0,"gold_gain":75.0,"event_name":"World of Goop","player_choice":"Gather Gold","floor":5.0,"gold_loss":0.0,"damage_taken":11.0},{"damage_healed":0,"gold_gain":0,"player_choice":"Take Wound","damage_taken":0,"relics_obtained":["Golden Idol"],"max_hp_gain":0,"max_hp_loss":0,"event_name":"Golden Idol","floor":10,"gold_loss":0,"cards_obtained":["Injury"]}],"is_beta":false,"boss_relics":[{"not_picked":["Abe\u0027s Treasure","Astrolabe"],"picked":"Replay:Ancient Bell"},{"not_picked":["Orichalcum","Happy Flower"],"picked":"MealTicket"},{"not_picked":["Question Card","Ornamental Fan"],"picked":"Matryoshka"},{"not_picked":["Lizard Tail","Pondfish Scales"],"picked":"Ice Cream"}],"items_purged_floors":[],"is_endless":false,"potions_floor_spawned":[1,2,4,7,8,14,16,18,19],"killed_by":"Centurion and Healer","ascension_level":5}}