{"host":"jou5gy8et5i77wvo","time":1613288491,"event":{"mods":["AchievementEnabler","BaseMod","Colored Map","Colored Powertips","Downfall","Highlight Path","Minty Spire (QoL Compilation)","Quick Restart","StSLib"],"gold_per_floor":[118,129,129,129,129,155,167,167,213,213,213,247,247,282,282,386,386,405,125,139,339,354,354,354],"floor_reached":23,"language":"ENG","playtime":1587,"items_purged":[],"score":207,"play_id":"7d4ae64a-039b-4479-a03a-5f437d058613","local_time":"20210213234131","is_ascension_mode":false,"campfire_choices":[{"floor":8.0,"key":"REST"},{"floor":13.0,"key":"REST"},{"floor":15.0,"key":"REST"}],"circlet_count":0,"master_deck":["Strike_R","Strike_R","Strike_R","Strike_R","Strike_R","Defend_R","Defend_R","Defend_R","Defend_R","Bash","Anger","Fiend Fire","Flex","Clothesline","Heavy Blade","Impervious","Shrug It Off","Bandage Up","Clothesline","Seeing Red+1"],"relics":["Burning Blood","MealTicket","Self Forming Clay","Oddly Smooth Stone","Vajra","Matryoshka","bronze:MakeshiftBattery","Membership Card","Regal Pillow"],"acts_visited":["Exordium","TheCity"],"potions_floor_usage":[],"damage_taken":[{"damage":0.0,"enemies":"Small Slimes","floor":1.0,"turns":3.0},{"damage":8.0,"enemies":"Cultist","floor":2.0,"turns":5.0},{"damage":80.0,"enemies":"Gremlin Nob","floor":6.0,"turns":6.0},{"damage":1.0,"enemies":"Jaw Worm","floor":7.0,"turns":3.0},{"damage":33.0,"enemies":"3 Sentries","floor":12.0,"turns":8.0},{"damage":20.0,"enemies":"Lagavulin","floor":14.0,"turns":6.0},{"damage":74.0,"enemies":"The Guardian","floor":16.0,"turns":15.0},{"damage":20.0,"enemies":"2 Thieves","floor":18.0,"turns":5.0},{"damage":37.0,"enemies":"3 Byrds","floor":20.0,"turns":5.0},{"damage":39.0,"enemies":"Centurion and Healer","floor":22.0,"turns":8.0},{"damage":45,"enemies":"Gremlin Leader","floor":23,"turns":5}],"seed_played":"8594211486158457672","potions_obtained":[{"floor":1.0,"key":"SmokeBomb"},{"floor":12.0,"key":"FearPotion"},{"floor":16.0,"key":"Explosive Potion"}],"is_trial":false,"path_per_floor":["M","M","$","?","?","E","M","R","T","?","$","E","R","E","R","B",null,"M","$","M","?","M","E"],"character_chosen":"IRONCLAD","items_purchased":["Membership Card","Regal Pillow","Bandage Up"],"campfire_rested":3,"item_purchase_floors":[19,19,19],"current_hp_per_floor":[88,86,86,86,86,12,17,43,43,48,63,36,63,49,76,8,93,79,93,66,66,37,0,0],"gold":354,"neow_bonus":"TEN_PERCENT_HP_BONUS","is_daily":false,"chose_seed":false,"campfire_upgraded":0,"win_rate":0.0,"timestamp":1613288491,"path_taken":["M","M","$","?","?","E","?","R","T","?","?","E","R","E","R","BOSS","M","$","M","?","?","E"],"items_purchased_type":["Relic","Relic","Card"],"build_version":"2020-12-22","purchased_purges":0,"victory":false,"max_hp_per_floor":[88,88,88,88,88,88,88,88,88,93,93,93,93,93,93,93,93,93,93,93,93,93,93,93],"card_choices":[{"not_picked":["Rupture","Clash","True Grit"],"picked":"SKIP","floor":1.0},{"not_picked":["Sword Boomerang","Perfected Strike"],"picked":"Anger","floor":2.0},{"not_picked":["Body Slam","Corruption"],"picked":"Fiend Fire","floor":6.0},{"not_picked":["Flame Barrier","Clothesline"],"picked":"Flex","floor":7.0},{"not_picked":["Warcry","Bludgeon"],"picked":"Clothesline","floor":12.0},{"not_picked":["Bludgeon","True Grit"],"picked":"Heavy Blade","floor":14.0},{"not_picked":["Berserk","Immolate"],"picked":"Impervious","floor":16.0},{"not_picked":["Heavy Blade","Metallicize"],"picked":"Shrug It Off","floor":18.0},{"not_picked":["Disarm","Hemokinesis"],"picked":"Clothesline","floor":20.0},{"not_picked":["Evolve","Cleave+1"],"picked":"Seeing Red+1","floor":22.0}],"player_experience":53672,"relics_obtained":[{"floor":5.0,"key":"MealTicket"},{"floor":6.0,"key":"Self Forming Clay"},{"floor":9.0,"key":"Oddly Smooth Stone"},{"floor":12.0,"key":"Vajra"},{"floor":14.0,"key":"Matryoshka"}],"event_choices":[{"damage_healed":0.0,"max_hp_gain":0.0,"max_hp_loss":0.0,"gold_gain":0.0,"event_name":"Shining Light","player_choice":"Ignored","floor":4.0,"gold_loss":0.0,"damage_taken":0.0},{"damage_healed":0.0,"max_hp_gain":0.0,"max_hp_loss":0.0,"gold_gain":0.0,"event_name":"Wheel of Change","player_choice":"Relic","floor":5.0,"gold_loss":0.0,"damage_taken":0.0},{"damage_healed":0.0,"max_hp_gain":5.0,"max_hp_loss":0.0,"gold_gain":0.0,"event_name":"Big Fish","player_choice":"Donut","floor":10.0,"gold_loss":0.0,"damage_taken":0.0},{"damage_healed":0.0,"max_hp_gain":0.0,"max_hp_loss":0.0,"gold_gain":200.0,"event_name":"Wheel of Change","player_choice":"Gold","floor":21.0,"gold_loss":0.0,"damage_taken":0.0}],"is_beta":false,"boss_relics":[{"not_picked":["Philosopher\u0027s Stone","Cursed Key"],"picked":"bronze:MakeshiftBattery"}],"items_purged_floors":[],"is_endless":false,"potions_floor_spawned":[1,12,16,18],"killed_by":"Gremlin Leader","ascension_level":0}}