{"host":"9nqlpswyo8o6ezw3","time":1613327918,"event":{"mods":["Act Like it!","BaseMod","Downfall","Hallownest","Hermit","Lobotomy","Marisa????????","Minty Spire (QoL Compilation)","StSLib","The Bug Knight","The Cursed"],"gold_per_floor":[113,113,14,39,56,56,74,74,125,125,125],"floor_reached":10,"language":"ENG","playtime":540,"items_purged":[],"score":56,"play_id":"21f42efd-9c6b-435c-8bb1-6f7cb5d245a4","local_time":"20210214133838","is_ascension_mode":false,"campfire_choices":[{"data":"HollowMod:DashSlash","floor":6,"key":"SMITH"}],"circlet_count":0,"master_deck":["HollowMod:NailStrikeStart","HollowMod:NailStrikeStart","HollowMod:NailStrikeStart","HollowMod:NailStrikeStart","HollowMod:QuickDashStart","HollowMod:QuickDashStart","HollowMod:QuickDashStart","HollowMod:QuickDashStart","HollowMod:FocusHealStart","HollowMod:PogoStrike","RedShoes","HollowMod:GoodIntentions","HollowMod:DashSlash+1","HollowMod:CloakDash","HollowMod:HeavyBlow","MHz","MeatLantern","HollowMod:HowlingWraiths"],"relics":["HollowMod:VesselMask","CogitoBucket","HollowMod:PaleOreRelic","Bronze Scales","Gremlin Horn","Ancient Tea Set"],"acts_visited":["Exordium"],"potions_floor_usage":[10],"damage_taken":[{"damage":3,"enemies":"Jaw Worm","floor":1,"turns":4},{"damage":1,"enemies":"Cultist","floor":5,"turns":3},{"damage":0,"enemies":"Small Slimes","floor":7,"turns":2},{"damage":72,"enemies":"Gremlin Nob","floor":10,"turns":3}],"seed_played":"8387623681105738792","potions_obtained":[{"floor":1,"key":"Swift Potion"},{"floor":5,"key":"SkillPotion"},{"floor":7,"key":"PowerPotion"}],"is_trial":false,"path_per_floor":["M","?","$","T","M","R","M","?","T","E"],"character_chosen":"THE_BUGKNIGHT","items_purchased":["HollowMod:DashSlash","HollowMod:CloakDash"],"campfire_rested":0,"item_purchase_floors":[3,3],"current_hp_per_floor":[75,75,75,75,74,74,74,49,49,0,0],"gold":125,"neow_bonus":"","is_daily":false,"chose_seed":false,"campfire_upgraded":1,"win_rate":0.0,"timestamp":1613327918,"path_taken":["M","?","$","?","M","R","M","?","T","E"],"items_purchased_type":["Card","Card"],"build_version":"2020-12-22","purchased_purges":0,"victory":false,"max_hp_per_floor":[75,75,75,75,75,75,75,75,75,75,75],"card_choices":[{"not_picked":["LittlePrince","LongBird"],"picked":"RedShoes","floor":1},{"not_picked":["HollowMod:CornifersMapStart","HollowMod:FastStrike"],"picked":"HollowMod:GoodIntentions","floor":1},{"not_picked":["HollowMod:SharpenedShadows","HollowMod:DoubleDash"],"picked":"HollowMod:HeavyBlow","floor":5},{"not_picked":["SingingMachine","Scorched"],"picked":"MHz","floor":5},{"not_picked":["CrumblingArmor","SpiderBud"],"picked":"MeatLantern","floor":7},{"not_picked":["HollowMod:WraithStrike","HollowMod:Grubsong"],"picked":"HollowMod:HowlingWraiths","floor":7}],"player_experience":29926,"relics_obtained":[{"floor":4,"key":"Bronze Scales"},{"floor":9,"key":"Ancient Tea Set"}],"event_choices":[{"damage_healed":0,"gold_gain":0,"player_choice":"Gave Potion","damage_taken":0,"relics_obtained":["HollowMod:PaleOreRelic"],"max_hp_gain":0,"max_hp_loss":0,"event_name":"WeMeetAgain","floor":2,"gold_loss":0},{"damage_healed":0,"gold_gain":0,"player_choice":"Success","damage_taken":25,"relics_obtained":["Gremlin Horn"],"max_hp_gain":0,"max_hp_loss":0,"event_name":"Scrap Ooze","floor":8,"gold_loss":0}],"is_beta":false,"boss_relics":[],"items_purged_floors":[],"is_endless":false,"potions_floor_spawned":[1,5,7],"killed_by":"Gremlin Nob","ascension_level":0}}