{"host":"ia9e4s524g7bamk7","time":1613289003,"event":{"mods":["AchievementEnabler","BaseMod","Colored Map","Minty Spire (QoL Compilation)","Permanent Neow","Slay-I","slay the spire mod where everything is the same but ironclad has a cowboy hat"],"gold_per_floor":[109,123,142,158,158,158,171,171,171,199,55,73,107,207,207,302,302,317,242,257,270,18,48,48,58,84,84,84,84,84,111,111,215,215,229,241,261,261,136,163,163,188,188,222,237,264,275,285,285,285,285,285,66,96,96],"floor_reached":56,"language":"ENG","playtime":5944,"items_purged":["Strike_P","Strike_P","Study+1"],"score":1529,"play_id":"bad58507-1848-48e9-a100-9a8c0d5c0fb1","local_time":"20210214085003","is_ascension_mode":true,"campfire_choices":[{"data":"Eruption","floor":6.0,"key":"SMITH"},{"floor":8.0,"key":"RECALL"},{"data":"FollowUp","floor":15.0,"key":"SMITH"},{"floor":24.0,"key":"REST"},{"floor":28.0,"key":"REST"},{"data":"Study","floor":30.0,"key":"SMITH"},{"data":"Establishment","floor":32.0,"key":"SMITH"},{"floor":41.0,"key":"DIG"},{"floor":49.0,"key":"REST"},{"floor":52.0,"key":"DIG"}],"circlet_count":0,"master_deck":["Defend_P","Eruption+1","Vigilance","WreathOfFlame","BowlingBash","EmptyFist+1","FollowUp+1","Tantrum+1","EmptyMind","Establishment+1","Devotion+1","Fasting2+1","WheelKick+1","TalkToTheHand+1","Protect","BowlingBash+1","Worship+1","Protect+1","FearNoEvil","CarveReality","Protect+1","SandsOfTime","Swivel","ClearTheMind+1","Worship","Protect+1","FlurryOfBlows+1","CutThroughFate+1","BattleHymn"],"relics":["Sozu","Pantograph","Orichalcum","Akabeko","Mango","Astrolabe","Regal Pillow","GoldenEye","HornCleat","Bag of Preparation","Snecko Eye","Shovel","Vajra","Strawberry","Pocketwatch","Mercury Hourglass","Ornamental Fan","Blue Candle","Bronze Scales","Whetstone"],"acts_visited":["Exordium","TheCity","TheBeyond","TheEnding"],"potions_floor_usage":[],"damage_taken":[{"damage":0.0,"enemies":"Jaw Worm","floor":1.0,"turns":3.0},{"damage":1.0,"enemies":"Cultist","floor":2.0,"turns":4.0},{"damage":7.0,"enemies":"Small Slimes","floor":3.0,"turns":3.0},{"damage":12.0,"enemies":"Gremlin Gang","floor":4.0,"turns":5.0},{"damage":3.0,"enemies":"Looter","floor":7.0,"turns":3.0},{"damage":0.0,"enemies":"Lagavulin","floor":10.0,"turns":4.0},{"damage":0.0,"enemies":"Exordium Wildlife","floor":12.0,"turns":2.0},{"damage":0.0,"enemies":"Gremlin Nob","floor":13.0,"turns":2.0},{"damage":44.0,"enemies":"The Guardian","floor":16.0,"turns":9.0},{"damage":17.0,"enemies":"3 Byrds","floor":18.0,"turns":4.0},{"damage":4.0,"enemies":"Chosen","floor":20.0,"turns":3.0},{"damage":34.0,"enemies":"Centurion and Healer","floor":21.0,"turns":4.0},{"damage":18.0,"enemies":"Book of Stabbing","floor":23.0,"turns":5.0},{"damage":16.0,"enemies":"Sentry and Sphere","floor":25.0,"turns":4.0},{"damage":0.0,"enemies":"Gremlin Leader","floor":31.0,"turns":5.0},{"damage":3.0,"enemies":"Automaton","floor":33.0,"turns":9.0},{"damage":10.0,"enemies":"Orb Walker","floor":35.0,"turns":2.0},{"damage":10.0,"enemies":"3 Darklings","floor":36.0,"turns":4.0},{"damage":0.0,"enemies":"Jaw Worm Horde","floor":37.0,"turns":5.0},{"damage":1.0,"enemies":"Giant Head","floor":40.0,"turns":6.0},{"damage":31.0,"enemies":"Reptomancer","floor":42.0,"turns":5.0},{"damage":5.0,"enemies":"Giant Head","floor":44.0,"turns":6.0},{"damage":0.0,"enemies":"Transient","floor":45.0,"turns":5.0},{"damage":0.0,"enemies":"Reptomancer","floor":46.0,"turns":3.0},{"damage":0.0,"enemies":"Sphere and 2 Shapes","floor":47.0,"turns":3.0},{"damage":11.0,"enemies":"Jaw Worm Horde","floor":48.0,"turns":4.0},{"damage":30.0,"enemies":"Donu and Deca","floor":50.0,"turns":8.0},{"damage":0,"enemies":"Shield and Spear","floor":54,"turns":5},{"damage":75,"enemies":"The Heart","floor":55,"turns":10}],"seed_played":"1150784144512174593","potions_obtained":[],"is_trial":false,"path_per_floor":["M","M","M","M","?","R","M","R","T","E","$","M","E","?","R","B",null,"M","$","M","M","$","E","R","M","T","?","R","T","R","E","R","B",null,"M","M","M","?","$","E","R","E","T","E","M","E","M","M","R","B",null,"R","$","E","B",null],"character_chosen":"WATCHER","items_purchased":["Akabeko","Regal Pillow","Bronze Scales","BattleHymn"],"campfire_rested":3,"item_purchase_floors":[11,22,53,53],"current_hp_per_floor":[72,71,64,52,52,52,49,49,49,49,49,49,63,63,63,42,86,69,69,65,31,31,13,53,37,37,37,77,77,77,77,77,83,86,76,66,66,86,86,85,85,61,61,56,56,56,56,45,87,63,93,93,93,93,18],"gold":96,"neow_bonus":"BOSS_RELIC","is_daily":false,"chose_seed":false,"campfire_upgraded":4,"win_rate":0.0,"timestamp":1613289003,"path_taken":["M","M","M","M","?","R","?","R","T","E","?","M","E","?","R","BOSS","M","$","M","M","$","E","R","?","T","?","R","?","R","E","R","BOSS","M","M","?","?","$","E","R","E","T","E","M","E","M","M","R","BOSS","R","$","E","BOSS"],"items_purchased_type":["Relic","Relic","Relic","Card"],"build_version":"2020-12-22","purchased_purges":3,"victory":true,"max_hp_per_floor":[72,72,72,72,72,72,72,72,72,72,72,72,86,86,86,86,86,86,86,86,86,86,86,86,86,86,86,86,86,86,86,86,86,86,86,86,86,86,86,86,86,93,93,93,93,93,93,93,93,93,93,93,93,93,93],"card_choices":[{"not_picked":["MentalFortress","Nirvana"],"picked":"WreathOfFlame","floor":1.0},{"not_picked":["ThirdEye","SashWhip"],"picked":"BowlingBash","floor":2.0},{"not_picked":["Halt","PathToVictory"],"picked":"EmptyFist","floor":3.0},{"not_picked":["CrushJoints","ClearTheMind"],"picked":"Fasting2","floor":4.0},{"not_picked":["Nirvana","WindmillStrike"],"picked":"FollowUp","floor":7.0},{"not_picked":["Evaluate","SashWhip"],"picked":"Tantrum","floor":10.0},{"not_picked":["Perseverance","Evaluate","PathToVictory"],"picked":"SKIP","floor":12.0},{"not_picked":["CutThroughFate","Evaluate"],"picked":"EmptyMind","floor":13.0},{"not_picked":["SpiritShield","Devotion"],"picked":"Establishment","floor":16.0},{"not_picked":["Consecrate","CutThroughFate"],"picked":"TalkToTheHand+1","floor":18.0},{"not_picked":["JustLucky","BowlingBash+1"],"picked":"Protect","floor":20.0},{"not_picked":["JustLucky","CarveReality"],"picked":"BowlingBash+1","floor":21.0},{"not_picked":["Evaluate","SignatureMove"],"picked":"Worship+1","floor":23.0},{"not_picked":["FlyingSleeves","WheelKick+1"],"picked":"Protect+1","floor":25.0},{"not_picked":["Indignation","Ragnarok"],"picked":"CarveReality","floor":31.0},{"not_picked":["WaveOfTheHand+1","Meditate"],"picked":"Protect+1","floor":35.0},{"not_picked":["Indignation+1","Study"],"picked":"SandsOfTime","floor":36.0},{"not_picked":["Halt+1","EmptyBody+1"],"picked":"Swivel","floor":37.0},{"not_picked":["Crescendo","Blasphemy"],"picked":"ClearTheMind+1","floor":40.0},{"not_picked":["Crescendo+1","CrushJoints+1"],"picked":"Worship","floor":42.0},{"not_picked":["FollowUp","Evaluate+1"],"picked":"Protect+1","floor":44.0},{"not_picked":["Wireheading+1","FollowUp+1"],"picked":"FlurryOfBlows+1","floor":45.0},{"not_picked":["Swivel","MasterReality"],"picked":"CutThroughFate+1","floor":46.0},{"not_picked":["PathToVictory","ThirdEye+1","EmptyFist+1"],"picked":"SKIP","floor":47.0},{"not_picked":["Evaluate+1","JustLucky+1","EmptyFist"],"picked":"SKIP","floor":48.0},{"not_picked":["ThirdEye+1","WreathOfFlame+1","CarveReality"],"picked":"SKIP","floor":54}],"player_experience":339757,"relics_obtained":[{"floor":9.0,"key":"Pantograph"},{"floor":10.0,"key":"Orichalcum"},{"floor":13.0,"key":"Mango"},{"floor":23.0,"key":"GoldenEye"},{"floor":29.0,"key":"HornCleat"},{"floor":31.0,"key":"Bag of Preparation"},{"floor":40.0,"key":"Shovel"},{"floor":41.0,"key":"Vajra"},{"floor":42.0,"key":"Strawberry"},{"floor":43.0,"key":"Pocketwatch"},{"floor":44.0,"key":"Mercury Hourglass"},{"floor":46.0,"key":"Ornamental Fan"},{"floor":52.0,"key":"Blue Candle"},{"floor":54,"key":"Whetstone"}],"event_choices":[{"damage_healed":0.0,"max_hp_gain":0.0,"max_hp_loss":0.0,"gold_gain":0.0,"event_name":"The Woman in Blue","player_choice":"Bought 0 Potions","floor":5.0,"gold_loss":0.0,"damage_taken":0.0},{"damage_healed":0.0,"max_hp_gain":0.0,"max_hp_loss":0.0,"gold_gain":100.0,"event_name":"Golden Shrine","player_choice":"Pray","floor":14.0,"gold_loss":0.0,"damage_taken":0.0},{"damage_healed":0.0,"max_hp_gain":0.0,"max_hp_loss":0.0,"gold_gain":0.0,"cards_transformed":["Defend_P","Defend_P"],"event_name":"Drug Dealer","player_choice":"Became Test Subject","floor":27.0,"gold_loss":0.0,"damage_taken":0.0,"cards_obtained":["Study","FearNoEvil"]},{"cards_removed":["Fasting2"],"damage_healed":20.0,"max_hp_gain":0.0,"max_hp_loss":0.0,"gold_gain":0.0,"event_name":"Bonfire Elementals","player_choice":"Offered Uncommon","floor":38.0,"gold_loss":0.0,"damage_taken":0.0}],"is_beta":false,"boss_relics":[{"not_picked":["Runic Dome","VioletLotus"],"picked":"Astrolabe"},{"not_picked":["Black Star","Empty Cage"],"picked":"Snecko Eye"}],"items_purged_floors":[19,22,39],"is_endless":false,"potions_floor_spawned":[1,2,3,10,13,25,31,40,42,44,48],"ascension_level":2}}