{"host":"anl785ehjgcmdvvq","time":1613296973,"event":{"mods":["AchievementEnabler","BaseMod","Minty Spire (QoL Compilation)","StSLib","Together in Spire"],"gold_per_floor":[111,127,145,160,171,198,214,214,214,214,225,242,269,291,291,395,395,411,429,354,56,71,97,97,114,114,142,142,158,186,8,8,105,105,116,116,135,148,148,148],"floor_reached":39,"language":"ENG","playtime":1454,"items_purged":["Combust+1","Reckless Charge+1"],"score":532,"play_id":"b8df4126-0c2a-437a-8b65-e733995fc0f1","local_time":"20210214130253","is_ascension_mode":false,"campfire_choices":[{"data":"Perfected Strike","floor":8.0,"key":"SMITH"},{"data":"Perfected Strike","floor":10.0,"key":"SMITH"},{"data":"Perfected Strike","floor":15,"key":"SMITH"},{"data":"Flex","floor":24,"key":"SMITH"},{"data":"Feed","floor":28,"key":"SMITH"},{"data":"Dual Wield","floor":32,"key":"SMITH"}],"circlet_count":0,"master_deck":["Strike_R","Strike_R","Strike_R","Strike_R","Strike_R","Bash","Perfected Strike+1","Clash","Twin Strike","Flex+1","Perfected Strike+1","Clash","Twin Strike","Perfected Strike+1","Clash","Feed+1","Shockwave+1","Pommel Strike","Dual Wield+1","Metallicize+1","Inflame+1","Perfected Strike+1","Perfected Strike+1","Twin Strike+1"],"relics":["Burning Blood","Ornamental Fan","Paper Frog","Frozen Egg 2","Odd Mushroom","Astrolabe","Omamori","Blood Vial","Gremlin Horn","Mercury Hourglass","Bronze Scales","Philosopher\u0027s Stone"],"acts_visited":["TheCity","TheBeyond"],"potions_floor_usage":[14,16,23,30,33],"damage_taken":[{"damage":5.0,"enemies":"2 Louse","floor":1.0,"turns":3.0},{"damage":15.0,"enemies":"Small Slimes","floor":2.0,"turns":4.0},{"damage":1.0,"enemies":"Jaw Worm","floor":3.0,"turns":2.0},{"damage":0.0,"enemies":"3 Louse","floor":4.0,"turns":1.0},{"damage":13.0,"enemies":"Red Slaver","floor":5.0,"turns":2.0},{"damage":0.0,"enemies":"Lagavulin","floor":6.0,"turns":2.0},{"damage":0.0,"enemies":"Large Slime","floor":7.0,"turns":2.0},{"damage":0.0,"enemies":"2 Fungi Beasts","floor":11.0,"turns":2.0},{"damage":5.0,"enemies":"Looter","floor":12.0,"turns":2.0},{"damage":18,"enemies":"3 Sentries","floor":13,"turns":4},{"damage":0,"enemies":"The Mushroom Lair","floor":14,"turns":3},{"damage":60,"enemies":"The Guardian","floor":16,"turns":5},{"damage":0,"enemies":"Spheric Guardian","floor":18,"turns":2},{"damage":7,"enemies":"Chosen","floor":19,"turns":2},{"damage":6,"enemies":"Sentry and Sphere","floor":22,"turns":3},{"damage":25,"enemies":"Book of Stabbing","floor":23,"turns":3},{"damage":7,"enemies":"Shelled Parasite and Fungi","floor":25,"turns":3},{"damage":36,"enemies":"Gremlin Leader","floor":27,"turns":3},{"damage":6,"enemies":"Cultist and Chosen","floor":29,"turns":4},{"damage":21,"enemies":"Slavers","floor":30,"turns":2},{"damage":9,"enemies":"Champ","floor":33,"turns":5},{"damage":19,"enemies":"3 Darklings","floor":35,"turns":2},{"damage":0,"enemies":"Orb Walker","floor":37,"turns":1},{"damage":0,"enemies":"Sphere and 2 Shapes","floor":38,"turns":2},{"damage":143,"enemies":"Transient","floor":39,"turns":4}],"seed_played":"2673244386953187975","potions_obtained":[{"floor":2.0,"key":"Energy Potion"},{"floor":3.0,"key":"Ancient Potion"},{"floor":5.0,"key":"PowerPotion"},{"floor":7.0,"key":"Energy Potion"},{"floor":11.0,"key":"Ancient Potion"},{"floor":14,"key":"Energy Potion"},{"floor":16,"key":"Ancient Potion"},{"floor":19,"key":"PowerPotion"},{"floor":22,"key":"BloodPotion"},{"floor":25,"key":"LiquidBronze"},{"floor":38,"key":"Ancient Potion"}],"is_trial":false,"path_per_floor":["M","M","M","M","M","E","M","R","T","R","M","M","E","?","R","B",null,"M","M","?","$","M","E","R","M","T","E","R","M","E","$","R","B",null,"M","?","M","M","M"],"character_chosen":"IRONCLAD","items_purchased":["Omamori","Dual Wield","DistilledChaos"],"campfire_rested":0,"item_purchase_floors":[21,21,31],"current_hp_per_floor":[88,79,84,88,81,87,88,88,88,88,88,88,76,82,82,28,88,91,90,90,90,93,74,74,78,78,50,50,56,63,63,63,62,101,88,88,96,101,0,0],"gold":148,"neow_bonus":"TEN_PERCENT_HP_BONUS","is_daily":false,"chose_seed":false,"campfire_upgraded":6,"win_rate":0.0,"timestamp":1613296973,"path_taken":["M","M","M","M","M","E","M","R","T","R","M","M","E","?","R","BOSS","M","M","?","$","M","E","R","M","T","E","R","M","E","?","R","BOSS","M","?","M","M","M"],"items_purchased_type":["Relic","Card","Potion"],"build_version":"2020-12-22","purchased_purges":2,"victory":false,"max_hp_per_floor":[88,88,88,88,88,88,88,88,88,88,88,88,88,88,88,88,88,91,91,91,91,94,94,94,97,97,97,97,101,101,101,101,101,101,101,101,101,101,101,101],"card_choices":[{"not_picked":["Cleave","Ghostly Armor"],"picked":"Perfected Strike","floor":1.0},{"not_picked":["Burning Pact","Headbutt"],"picked":"Clash","floor":2.0},{"not_picked":["Disarm","Body Slam","Rupture"],"picked":"SKIP","floor":3.0},{"not_picked":["Juggernaut","Anger"],"picked":"Twin Strike","floor":4.0},{"not_picked":["Anger","Thunderclap"],"picked":"Flex","floor":5.0},{"not_picked":["Cleave","Ghostly Armor"],"picked":"Perfected Strike","floor":6.0},{"not_picked":["Burning Pact","Headbutt"],"picked":"Clash","floor":7.0},{"not_picked":["Disarm","Body Slam","Rupture"],"picked":"SKIP","floor":11.0},{"not_picked":["Juggernaut","Anger"],"picked":"Twin Strike","floor":12.0},{"not_picked":["Cleave","Ghostly Armor"],"picked":"Perfected Strike","floor":13},{"not_picked":["Burning Pact","Headbutt"],"picked":"Clash","floor":14},{"not_picked":["Fiend Fire","Barricade+1"],"picked":"Feed","floor":16},{"not_picked":["Anger","Heavy Blade"],"picked":"Pommel Strike","floor":18},{"not_picked":["Disarm","Uppercut","Combust+1"],"picked":"SKIP","floor":19},{"not_picked":["Headbutt+1","True Grit+1","Warcry"],"picked":"SKIP","floor":22},{"not_picked":["Immolate","Clash"],"picked":"Metallicize+1","floor":23},{"not_picked":["Clothesline+1","Fire Breathing+1","Anger"],"picked":"SKIP","floor":25},{"not_picked":["Warcry","Disarm"],"picked":"Inflame+1","floor":27},{"not_picked":["Clothesline","Headbutt","Intimidate"],"picked":"SKIP","floor":29},{"not_picked":["Clothesline","Intimidate+1","Evolve+1"],"picked":"SKIP","floor":30},{"not_picked":["Wild Strike+1","Uppercut"],"picked":"Perfected Strike+1","floor":35},{"not_picked":["Armaments","Rampage"],"picked":"Twin Strike+1","floor":37},{"not_picked":["Warcry+1","Iron Wave+1","Power Through+1"],"picked":"SKIP","floor":38}],"player_experience":135564,"relics_obtained":[{"floor":6.0,"key":"Ornamental Fan"},{"floor":9.0,"key":"Paper Frog"},{"floor":13,"key":"Frozen Egg 2"},{"floor":14,"key":"Odd Mushroom"},{"floor":23,"key":"Blood Vial"},{"floor":26,"key":"Gremlin Horn"},{"floor":27,"key":"Mercury Hourglass"},{"floor":30,"key":"Bronze Scales"}],"event_choices":[{"damage_healed":0,"gold_gain":0,"player_choice":"Fought Mushrooms","damage_taken":0,"max_hp_gain":0,"max_hp_loss":0,"event_name":"Mushrooms","floor":14,"gold_loss":0},{"cards_removed":["Defend_R"],"damage_healed":0,"gold_gain":0,"player_choice":"Gave Gold","damage_taken":0,"max_hp_gain":0,"max_hp_loss":0,"event_name":"Beggar","floor":20,"gold_loss":75},{"damage_healed":0,"gold_gain":0,"player_choice":"Copied","damage_taken":0,"max_hp_gain":0,"max_hp_loss":0,"event_name":"Duplicator","floor":36,"gold_loss":0,"cards_obtained":["Perfected Strike"]}],"is_beta":false,"boss_relics":[{"not_picked":["Fusion Hammer","Snecko Eye"],"picked":"Astrolabe"},{"not_picked":["Empty Cage","Black Blood"],"picked":"Philosopher\u0027s Stone"}],"items_purged_floors":[21,31],"is_endless":false,"potions_floor_spawned":[2,3,5,7,11,14,16,19,22,25,29,38],"killed_by":"Transient","ascension_level":0}}