{"host":"7gewg82ormp6yt4e","time":1613298577,"event":{"mods":["BaseMod","Block Reminder","Colored Map","DeckTracker","Highlight Path","Minty Spire (QoL Compilation)","Relic Stats","StSLib","ojb\u0027s Info Mod"],"gold_per_floor":[114,130,147,147,167,167,167,167,190,211,236,236,42,61,61,61,61],"floor_reached":16,"language":"JPN","playtime":580,"items_purged":["Strike_P"],"score":184,"play_id":"47401dc7-59a7-42cb-9f62-1008fd20bc6b","local_time":"20210214192937","is_ascension_mode":true,"campfire_choices":[{"data":"Eruption","floor":6,"key":"SMITH"},{"data":"SignatureMove","floor":8,"key":"SMITH"},{"floor":12,"key":"REST"},{"data":"Enlightenment","floor":15,"key":"SMITH"}],"circlet_count":0,"master_deck":["AscendersBane","Strike_P","Strike_P","Defend_P","Defend_P","Defend_P","Eruption+1","Vigilance","SignatureMove+1","CutThroughFate","Worship","ThirdEye","WreathOfFlame","Enlightenment+1","Alpha"],"relics":["Empty Cage","Golden Idol","Potion Belt","Smiling Mask","Dream Catcher"],"acts_visited":["Exordium"],"potions_floor_usage":[3,14],"damage_taken":[{"damage":4,"enemies":"Cultist","floor":1,"turns":5},{"damage":10,"enemies":"Small Slimes","floor":2,"turns":5},{"damage":4,"enemies":"Jaw Worm","floor":3,"turns":3},{"damage":13,"enemies":"Red Slaver","floor":5,"turns":4},{"damage":20,"enemies":"Exordium Thugs","floor":10,"turns":4},{"damage":10,"enemies":"Lots of Slimes","floor":14,"turns":5},{"damage":76,"enemies":"Slime Boss","floor":16,"turns":3}],"seed_played":"-2854084640871387536","potions_obtained":[{"floor":2,"key":"SpeedPotion"},{"floor":3,"key":"ColorlessPotion"},{"floor":10,"key":"Energy Potion"}],"is_trial":false,"path_per_floor":["M","M","M","?","M","R","?","R","T","M","T","R","$","M","R","B"],"character_chosen":"WATCHER","items_purchased":["Enlightenment","Weak Potion"],"campfire_rested":1,"item_purchase_floors":[13,13],"current_hp_per_floor":[57,47,43,43,30,30,30,30,30,10,10,28,28,18,18,0,0],"gold":61,"neow_bonus":"BOSS_RELIC","is_daily":false,"chose_seed":false,"campfire_upgraded":3,"win_rate":0.0,"timestamp":1613298577,"path_taken":["M","?","M","?","M","R","?","R","T","?","?","R","$","M","R","BOSS"],"items_purchased_type":["Card","Potion"],"build_version":"2020-12-22","purchased_purges":1,"victory":false,"max_hp_per_floor":[68,68,68,62,62,62,62,62,62,62,62,62,62,62,62,62,62],"relic_stats":{"Dream Catcher":1,"counters":[7,29],"Golden Idol":12,"Smiling Mask":25,"obtain_stats":[{"Potion Belt":7,"Dream Catcher":11,"Golden Idol":4,"PureWater":0,"Empty Cage":0,"Smiling Mask":9},{"Potion Belt":4,"Dream Catcher":5,"Golden Idol":3,"PureWater":0,"Empty Cage":0,"Smiling Mask":4},{"Potion Belt":17,"Dream Catcher":21,"Golden Idol":13,"PureWater":0,"Empty Cage":0,"Smiling Mask":17}]},"card_choices":[{"not_picked":["Protect","PathToVictory"],"picked":"SignatureMove","floor":1},{"not_picked":["Consecrate","LikeWater"],"picked":"CutThroughFate","floor":2},{"not_picked":["FlurryOfBlows","Evaluate"],"picked":"Worship","floor":3},{"not_picked":["Fasting2","WindmillStrike","EmptyFist"],"picked":"SKIP","floor":5},{"not_picked":["SashWhip","JustLucky"],"picked":"ThirdEye","floor":10},{"not_picked":["Protect","FlurryOfBlows"],"picked":"WreathOfFlame","floor":12},{"not_picked":["Adaptation","Consecrate"],"picked":"Alpha","floor":14}],"player_experience":2859368,"relics_obtained":[{"floor":9,"key":"Smiling Mask"},{"floor":11,"key":"Dream Catcher"}],"event_choices":[{"damage_healed":0,"gold_gain":0,"player_choice":"Lose Max HP","damage_taken":0,"relics_obtained":["Golden Idol"],"max_hp_gain":0,"max_hp_loss":6,"event_name":"Golden Idol","floor":4,"gold_loss":0},{"damage_healed":0,"gold_gain":0,"player_choice":"Gave Potion","damage_taken":0,"relics_obtained":["Potion Belt"],"max_hp_gain":0,"max_hp_loss":0,"event_name":"WeMeetAgain","floor":7,"gold_loss":0}],"is_beta":false,"boss_relics":[],"items_purged_floors":[13],"is_endless":false,"potions_floor_spawned":[2,3,10],"killed_by":"Slime Boss","ascension_level":20}}