{"host":"nlbr7nnijupf3yfg","time":1613275882,"event":{"mods":["AchievementEnabler","BaseMod","BetterRewards","Colored Powertips","DeckTracker","Downfall","Hermit","Hubris","Infinite Spire","Minty Spire (QoL Compilation)","Quick Restart","Replay The Spire","StSLib","SuperFastMode"],"gold_per_floor":[110,110,123,123,43,43,77,97,97,97,372,382,395,412,412,412,412],"floor_reached":16,"language":"ENG","playtime":263,"items_purged":[],"score":191,"play_id":"3de3e8e6-022b-4e53-b2ad-7fd1a7899a45","local_time":"20210213231122","is_ascension_mode":true,"campfire_choices":[{"data":"Infernal Blade","floor":6,"key":"SMITH"},{"data":"Fire Breathing","floor":10,"key":"SMITH"},{"floor":15,"key":"REST"}],"circlet_count":0,"master_deck":["AscendersBane","Strike_R","Strike_R","Strike_R","Strike_R","Strike_R","Defend_R","Defend_R","Defend_R","Defend_R","Bash","ReplayTheSpireMod:Stacked","Barricade+1","Infernal Blade+1","Massacre","Fire Breathing+1","Twin Strike","Body Slam","Regret","Entrench","Cleave","Bloodletting"],"relics":["Burning Blood","NeowsBlessing","Blood Vial","Replay:Bottled Flurry"],"acts_visited":["Exordium"],"potions_floor_usage":[16,16,16],"damage_taken":[{"damage":0,"enemies":"Small Slimes","floor":1,"turns":1},{"damage":0,"enemies":"Cultist","floor":3,"turns":1},{"damage":0,"enemies":"Gremlin Nob","floor":7,"turns":1},{"damage":9,"enemies":"2 Louse","floor":8,"turns":5},{"damage":17,"enemies":"Blue Slaver","floor":12,"turns":6},{"damage":9,"enemies":"Red Slaver","floor":13,"turns":4},{"damage":24,"enemies":"Exordium Thugs","floor":14,"turns":6},{"damage":79,"enemies":"Hexaghost","floor":16,"turns":12}],"seed_played":"-4101823457687319387","potions_obtained":[{"floor":7,"key":"Fire Potion"},{"floor":12,"key":"Dexterity Potion"},{"floor":14,"key":"champ:CounterPotion"}],"is_trial":false,"path_per_floor":["M","?","M","?","$","R","E","M","T","R","?","M","M","M","R","B"],"character_chosen":"IRONCLAD","items_purchased":["Fire Breathing"],"campfire_rested":1,"item_purchase_floors":[5],"current_hp_per_floor":[78,78,80,80,80,80,80,77,77,77,77,68,67,51,75,0,0],"gold":412,"neow_bonus":"THREE_ENEMY_KILL","is_daily":false,"chose_seed":false,"campfire_upgraded":2,"win_rate":0.0,"timestamp":1613275882,"path_taken":["M","?","?","?","$","R","E","M","T","R","?","?","M","M","R","BOSS"],"items_purchased_type":["Card"],"build_version":"2020-12-22","purchased_purges":0,"victory":false,"max_hp_per_floor":[80,80,80,80,80,80,80,80,80,80,80,80,80,80,80,80,80],"card_choices":[{"not_picked":["Life Link","True Grit"],"picked":"ReplayTheSpireMod:Stacked","floor":1},{"not_picked":["Thunderclap","Anger"],"picked":"Massacre","floor":3},{"not_picked":["ReplayTheSpireMod:Strike From Hell","Havoc"],"picked":"Twin Strike","floor":7},{"not_picked":["Life Link","Replay:Undeath\u0027s Touch"],"picked":"Body Slam","floor":8},{"not_picked":["Sever Soul","Headbutt"],"picked":"Entrench","floor":12},{"not_picked":["Massacre","Defy Death"],"picked":"Cleave","floor":13},{"not_picked":["Heavy Blade","Havoc"],"picked":"Bloodletting","floor":14}],"player_experience":61762,"relics_obtained":[{"floor":7,"key":"Blood Vial"},{"floor":9,"key":"Replay:Bottled Flurry"}],"event_choices":[{"damage_healed":0,"gold_gain":0,"player_choice":"2 cards matched","damage_taken":0,"max_hp_gain":0,"max_hp_loss":0,"event_name":"Match and Keep!","floor":2,"gold_loss":0,"cards_obtained":["Barricade","Infernal Blade"]},{"damage_healed":0,"gold_gain":0,"player_choice":"Grow","damage_taken":0,"max_hp_gain":0,"max_hp_loss":0,"event_name":"Living Wall","floor":4,"gold_loss":0,"cards_upgraded":["Barricade"]},{"damage_healed":0,"gold_gain":275,"player_choice":"Desecrate","damage_taken":0,"max_hp_gain":0,"max_hp_loss":0,"event_name":"Golden Shrine","floor":11,"gold_loss":0,"cards_obtained":["Regret"]}],"is_beta":false,"boss_relics":[],"items_purged_floors":[],"is_endless":false,"potions_floor_spawned":[7,12,14],"killed_by":"Hexaghost","ascension_level":10}}