{"host":"dpbezu80jg8zk7un","time":1613326877,"event":{"mods":["BaseMod","Colored Map","Colored Powertips","Custom Start","DeckTracker","Minty Spire (QoL Compilation)","Quick Restart","StSLib","SuperFastMode"],"gold_per_floor":[141,156,175,195,210,210,210,210,210,224,224,241,266,191,191,269,269,282,296,336,236,236,236,236,236],"floor_reached":24,"language":"KOR","playtime":720,"items_purged":["Strike_P","Strike_P"],"score":500,"play_id":"c6f9a01b-54f9-40b5-b70d-ea458c4e1760","local_time":"20210215032117","is_ascension_mode":true,"campfire_choices":[{"data":"Eruption","floor":6.0,"key":"SMITH"},{"data":"CrushJoints","floor":8.0,"key":"SMITH"},{"data":"MentalFortress","floor":11.0,"key":"SMITH"},{"floor":15.0,"key":"RECALL"},{"data":"Vault","floor":23.0,"key":"SMITH"}],"circlet_count":0,"master_deck":["AscendersBane","Strike_P","Defend_P","Defend_P","Eruption+1","Vigilance","Wish+1","Fasting2+1","Conclude+1","CrushJoints+1","MentalFortress+1","EmptyFist","Vault+1","Halt","Decay"],"relics":["Astrolabe","Kunai","Pear","VioletLotus"],"acts_visited":["Exordium","TheCity"],"potions_floor_usage":[24],"damage_taken":[{"damage":6.0,"enemies":"2 Louse","floor":1.0,"turns":3.0},{"damage":0.0,"enemies":"Cultist","floor":2.0,"turns":2.0},{"damage":0.0,"enemies":"Small Slimes","floor":3.0,"turns":2.0},{"damage":5.0,"enemies":"Exordium Thugs","floor":4.0,"turns":3.0},{"damage":9.0,"enemies":"Looter","floor":5.0,"turns":3.0},{"damage":13.0,"enemies":"Lots of Slimes","floor":10.0,"turns":2.0},{"damage":13.0,"enemies":"Large Slime","floor":12.0,"turns":3.0},{"damage":2.0,"enemies":"Gremlin Nob","floor":13.0,"turns":3.0},{"damage":0.0,"enemies":"Slime Boss","floor":16.0,"turns":7.0},{"damage":0.0,"enemies":"3 Byrds","floor":18.0,"turns":4.0},{"damage":26.0,"enemies":"2 Thieves","floor":19.0,"turns":5.0},{"damage":15.0,"enemies":"Centurion and Healer","floor":20.0,"turns":6.0},{"damage":40,"enemies":"Slavers","floor":24,"turns":2}],"seed_played":"-552876449629892501","potions_obtained":[{"floor":5.0,"key":"Energy Potion"},{"floor":12.0,"key":"PowerPotion"},{"floor":13.0,"key":"SkillPotion"},{"floor":16.0,"key":"EssenceOfSteel"},{"floor":19.0,"key":"Ancient Potion"},{"floor":20.0,"key":"AttackPotion"}],"is_trial":false,"path_per_floor":["M","M","M","M","M","R","?","R","T","M","R","M","E","$","R","B",null,"M","M","M","$","?","R","E"],"character_chosen":"WATCHER","items_purchased":[],"campfire_rested":0,"item_purchase_floors":[],"current_hp_per_floor":[55,55,55,50,41,41,41,41,41,28,28,15,23,23,23,23,64,64,38,23,23,23,23,0,0],"gold":236,"neow_bonus":"BOSS_RELIC","is_daily":false,"chose_seed":false,"campfire_upgraded":4,"win_rate":0.0,"timestamp":1613326877,"path_taken":["M","M","M","M","M","R","?","R","T","M","R","M","E","$","R","BOSS","M","M","M","$","?","R","E"],"items_purchased_type":[],"build_version":"2020-12-22","purchased_purges":2,"victory":false,"max_hp_per_floor":[68,68,68,68,68,68,68,68,68,68,68,68,78,78,78,78,78,78,78,78,78,78,78,78,78],"card_choices":[{"not_picked":["Consecrate","EmptyBody"],"picked":"CrushJoints","floor":1.0},{"not_picked":["CutThroughFate","FlurryOfBlows","ThirdEye"],"picked":"SKIP","floor":2.0},{"not_picked":["WreathOfFlame","CutThroughFate","ReachHeaven"],"picked":"SKIP","floor":3.0},{"not_picked":["FollowUp","FlyingSleeves"],"picked":"MentalFortress","floor":4.0},{"not_picked":["FlurryOfBlows","Consecrate","EmptyBody"],"picked":"SKIP","floor":5.0},{"not_picked":["Vengeance","SignatureMove","Establishment"],"picked":"SKIP","floor":10.0},{"not_picked":["WaveOfTheHand","ClearTheMind","Vengeance"],"picked":"SKIP","floor":12.0},{"not_picked":["Prostrate","MentalFortress"],"picked":"EmptyFist","floor":13.0},{"not_picked":["Omniscience","Devotion"],"picked":"Vault","floor":16.0},{"not_picked":["ReachHeaven+1","JustLucky","ClearTheMind"],"picked":"SKIP","floor":18.0},{"not_picked":["BowlingBash","Wireheading+1"],"picked":"Halt","floor":19.0},{"not_picked":["ThirdEye","CrushJoints","Wireheading"],"picked":"SKIP","floor":20.0}],"player_experience":2966738,"relics_obtained":[{"floor":13.0,"key":"Pear"}],"event_choices":[{"damage_healed":0.0,"max_hp_gain":0.0,"max_hp_loss":0.0,"gold_gain":0.0,"event_name":"WeMeetAgain","player_choice":"Gave Potion","floor":7.0,"gold_loss":0.0,"damage_taken":0.0,"relics_obtained":["Kunai"]},{"damage_healed":0.0,"max_hp_gain":0.0,"max_hp_loss":0.0,"gold_gain":0.0,"event_name":"Wheel of Change","player_choice":"Cursed","floor":22.0,"gold_loss":0.0,"damage_taken":0.0,"cards_obtained":["Decay"]}],"is_beta":false,"boss_relics":[{"not_picked":["Sozu","Tiny House"],"picked":"VioletLotus"}],"items_purged_floors":[14,21],"is_endless":false,"potions_floor_spawned":[5,12,13,16,19,20],"killed_by":"Slavers","ascension_level":20}}