{"host":"ibgtsljv18d2rnte","time":1613342371,"event":{"mods":["AchievementEnabler","BaseMod","Better Match","Hermit","Koishi","Marisa????????","Minty Spire (QoL Compilation)","Prisma Mod","StSLib","The Marked","The Servant 0.9.4","Waifu the Spire","Yakumo Yukari mod","everything is the same but u backflip on backflip","slay the spire mod where everything is the same but ironclad has a cowboy hat"],"gold_per_floor":[110,110,123,141,160,190,190,216,216,245,245,245,255,268,268,366,366,386,386,397,86,102,137,150,150,150,150,150,169,183,193,193,298,298,318,332,350,29,47,47,77,77,146,196,208,208,208,224,224,224,224],"floor_reached":50,"language":"ENG","playtime":2680,"items_purged":["Strike_G+1","Strike_G"],"score":595,"play_id":"591fa631-7f3d-4f03-9cb5-8afa99ac08bf","local_time":"20210214153930","is_ascension_mode":true,"campfire_choices":[{"floor":7,"key":"REST"},{"floor":12,"key":"REST"},{"floor":15,"key":"REST"},{"data":"Envenom","floor":25,"key":"SMITH"},{"data":"Infinite Blades","floor":27,"key":"SMITH"},{"data":"Cloak And Dagger","floor":32,"key":"SMITH"},{"floor":40,"key":"RECALL"},{"floor":42,"key":"REST"},{"floor":46,"key":"REST"},{"data":"Accuracy","floor":49,"key":"SMITH"}],"circlet_count":0,"master_deck":["Strike_G","Defend_G","Defend_G+1","Defend_G","Defend_G","Defend_G","Survivor","Neutralize","Accuracy+1","Blade Dance","PiercingWail","Quick Slash","Dash","Underhanded Strike","Envenom+1","Cloak And Dagger+1","Sucker Punch+1","Finisher+1","Die Die Die+1","Deflect","Backflip","Infinite Blades+1","Bane+1","Blade Dance+1","Poisoned Stab+1","Backflip","Noxious Fumes+1","Corpse Explosion","CurseOfTheBell","Sucker Punch+1","All Out Attack+1","Die Die Die+1","Leg Sweep","Catalyst+1","Infinite Blades","Dodge and Roll","PiercingWail+1"],"relics":["Ring of the Serpent","MealTicket","FossilizedHelix","Mummified Hand","Molten Egg 2","Ginger","White Beast Statue","Calling Bell","Vajra","Darkstone Periapt","Lizard Tail","Omamori","Incense Burner","Bottled Flame"],"acts_visited":["Exordium","TheCity","TheBeyond"],"potions_floor_usage":[6,10,13,14,16,20,22,23,24,31,33,33,35,39,41,41,41,44,48,48,48,50,50,50],"damage_taken":[{"damage":3,"enemies":"Jaw Worm","floor":1,"turns":5},{"damage":6,"enemies":"Small Slimes","floor":3,"turns":2},{"damage":0,"enemies":"Cultist","floor":4,"turns":3},{"damage":1,"enemies":"Blue Slaver","floor":5,"turns":3},{"damage":9,"enemies":"Lagavulin","floor":6,"turns":7},{"damage":18,"enemies":"Gremlin Nob","floor":8,"turns":5},{"damage":29,"enemies":"Lagavulin","floor":10,"turns":7},{"damage":8,"enemies":"Gremlin Gang","floor":13,"turns":5},{"damage":14,"enemies":"Exordium Wildlife","floor":14,"turns":3},{"damage":11,"enemies":"Hexaghost","floor":16,"turns":12},{"damage":16,"enemies":"2 Thieves","floor":18,"turns":4},{"damage":1,"enemies":"Shell Parasite","floor":20,"turns":4},{"damage":14,"enemies":"Centurion and Healer","floor":22,"turns":5},{"damage":0,"enemies":"Slavers","floor":23,"turns":3},{"damage":0,"enemies":"3 Cultists","floor":24,"turns":4},{"damage":3,"enemies":"Snecko","floor":29,"turns":5},{"damage":3,"enemies":"Cultist and Chosen","floor":30,"turns":3},{"damage":5,"enemies":"Centurion and Healer","floor":31,"turns":3},{"damage":13,"enemies":"Collector","floor":33,"turns":6},{"damage":0,"enemies":"3 Shapes","floor":35,"turns":2},{"damage":13,"enemies":"Orb Walker","floor":36,"turns":3},{"damage":6,"enemies":"Transient","floor":37,"turns":5},{"damage":20,"enemies":"3 Darklings","floor":39,"turns":3},{"damage":29,"enemies":"Reptomancer","floor":41,"turns":5},{"damage":6,"enemies":"Mind Bloom Boss Battle","floor":44,"turns":7},{"damage":43,"enemies":"Writhing Mass","floor":45,"turns":6},{"damage":0,"enemies":"Maw","floor":48,"turns":7},{"damage":98,"enemies":"Awakened One","floor":50,"turns":9}],"seed_played":"3684456756072234253","potions_obtained":[{"floor":3,"key":"Block Potion"},{"floor":4,"key":"CultistPotion"},{"floor":8,"key":"SkillPotion"},{"floor":13,"key":"Strength Potion"},{"floor":14,"key":"Swift Potion"},{"floor":18,"key":"ColorlessPotion"},{"floor":23,"key":"CunningPotion"},{"floor":29,"key":"SkillPotion"},{"floor":30,"key":"Weak Potion"},{"floor":31,"key":"ColorlessPotion"},{"floor":33,"key":"AttackPotion"},{"floor":35,"key":"Swift Potion"},{"floor":36,"key":"SkillPotion"},{"floor":37,"key":"Weak Potion"},{"floor":39,"key":"DuplicationPotion"},{"floor":41,"key":"Fruit Juice"},{"floor":44,"key":"Ancient Potion"},{"floor":45,"key":"EntropicBrew"},{"floor":48,"key":"BlessingOfTheForge"}],"is_trial":false,"path_per_floor":["M","?","M","M","M","E","R","E","T","E","?","R","M","M","R","B",null,"M","?","M","$","M","E","M","R","T","R","?","M","M","M","R","B",null,"M","M","M","$","M","R","E","R","T","?","M","R","T","M","R","B"],"character_chosen":"THE_SILENT","items_purchased":["Infinite Blades","Fruit Juice","GhostInAJar","Die Die Die+1","Leg Sweep"],"campfire_rested":5,"item_purchase_floors":[21,21,21,38,38],"current_hp_per_floor":[67,53,47,47,46,37,58,40,40,11,4,25,17,3,24,13,70,54,54,53,68,59,59,59,59,59,59,75,72,69,64,64,51,75,75,62,56,71,51,51,22,44,44,43,40,64,64,64,64,0,0],"gold":224,"neow_bonus":"TRANSFORM_CARD","is_daily":false,"chose_seed":false,"campfire_upgraded":4,"win_rate":0.0,"timestamp":1613342370,"path_taken":["M","?","M","M","M","E","R","E","T","E","?","R","M","M","R","BOSS","M","?","M","$","M","E","?","R","T","R","?","M","M","M","R","BOSS","M","?","M","$","M","R","E","R","T","?","M","R","?","M","R","BOSS"],"items_purchased_type":["Card","Potion","Potion","Card","Card"],"build_version":"2020-12-22","purchased_purges":2,"victory":false,"max_hp_per_floor":[70,70,70,70,70,70,70,70,70,70,70,70,70,70,70,70,70,70,70,70,70,75,75,75,75,75,75,75,75,75,75,75,75,75,75,75,75,75,75,75,75,75,75,80,80,80,80,80,80,80,80],"card_choices":[{"not_picked":["Prepared","Distraction"],"picked":"Blade Dance","floor":1},{"not_picked":["Dagger Throw","Poisoned Stab"],"picked":"PiercingWail","floor":3},{"not_picked":["Dagger Throw","Flying Knee"],"picked":"Quick Slash","floor":4},{"not_picked":["Deflect","Backflip"],"picked":"Dash","floor":5},{"not_picked":["Endless Agony","Skewer"],"picked":"Underhanded Strike","floor":6},{"not_picked":["Slice","Sucker Punch"],"picked":"Envenom","floor":8},{"not_picked":["Caltrops","Deflect"],"picked":"Cloak And Dagger","floor":10},{"not_picked":["Malaise","Well Laid Plans"],"picked":"Sucker Punch+1","floor":13},{"not_picked":["Flechettes+1","Reflex"],"picked":"Finisher+1","floor":14},{"not_picked":["Glass Knife+1","Night Terror"],"picked":"Die Die Die+1","floor":16},{"not_picked":["Flying Knee+1","Slice+1"],"picked":"Deflect","floor":18},{"not_picked":["Slice+1","Quick Slash+1"],"picked":"Backflip","floor":20},{"not_picked":["Deflect","Prepared"],"picked":"Bane+1","floor":22},{"not_picked":["Sucker Punch+1","Acrobatics"],"picked":"Blade Dance+1","floor":23},{"not_picked":["Flying Knee+1","Bullet Time"],"picked":"Calculated Gamble","floor":24},{"not_picked":["Skewer+1","Slice+1"],"picked":"Poisoned Stab+1","floor":29},{"not_picked":["Calculated Gamble","Endless Agony+1"],"picked":"Backflip","floor":30},{"not_picked":["Dagger Throw+1","All Out Attack+1"],"picked":"Noxious Fumes+1","floor":31},{"not_picked":["Burst","Bullet Time"],"picked":"Corpse Explosion","floor":33},{"not_picked":["Blur","Acrobatics+1","Quick Slash+1"],"picked":"SKIP","floor":35},{"not_picked":["Heel Hook+1","Deadly Poison"],"picked":"Sucker Punch+1","floor":36},{"not_picked":["Blur","Well Laid Plans"],"picked":"All Out Attack+1","floor":37},{"not_picked":["Sucker Punch+1","Acrobatics+1"],"picked":"Catalyst+1","floor":39},{"not_picked":["Poisoned Stab+1","Flechettes+1"],"picked":"Infinite Blades","floor":41},{"not_picked":["Outmaneuver+1","Quick Slash+1"],"picked":"Dodge and Roll","floor":45},{"not_picked":["Slice+1","Deadly Poison"],"picked":"PiercingWail+1","floor":48}],"player_experience":115746,"relics_obtained":[{"floor":6,"key":"MealTicket"},{"floor":8,"key":"FossilizedHelix"},{"floor":9,"key":"Mummified Hand"},{"floor":10,"key":"Molten Egg 2"},{"floor":23,"key":"Ginger"},{"floor":26,"key":"White Beast Statue"},{"floor":34,"key":"Vajra"},{"floor":34,"key":"Darkstone Periapt"},{"floor":34,"key":"Lizard Tail"},{"floor":41,"key":"Omamori"},{"floor":44,"key":"Incense Burner"},{"floor":47,"key":"Bottled Flame"}],"event_choices":[{"damage_healed":0,"gold_gain":0,"player_choice":"Entered Light","damage_taken":14,"max_hp_gain":0,"max_hp_loss":0,"event_name":"Shining Light","floor":2,"gold_loss":0,"cards_upgraded":["Strike_G","Defend_G"]},{"damage_healed":0,"gold_gain":0,"player_choice":"Fled","damage_taken":7,"max_hp_gain":0,"max_hp_loss":0,"event_name":"Scrap Ooze","floor":11,"gold_loss":0},{"cards_removed":["Strike_G"],"damage_healed":0,"gold_gain":0,"player_choice":"Purged","damage_taken":0,"max_hp_gain":0,"max_hp_loss":0,"event_name":"Purifier","floor":19,"gold_loss":0},{"cards_removed":["Calculated Gamble"],"damage_healed":16,"gold_gain":0,"player_choice":"Offered Uncommon","damage_taken":0,"max_hp_gain":0,"max_hp_loss":0,"event_name":"Bonfire Elementals","floor":28,"gold_loss":0},{"damage_healed":0,"gold_gain":0,"player_choice":"Fight","damage_taken":0,"max_hp_gain":0,"max_hp_loss":0,"event_name":"MindBloom","floor":44,"gold_loss":0}],"is_beta":false,"boss_relics":[{"not_picked":["Ectoplasm","Fusion Hammer"],"picked":"Ring of the Serpent"},{"not_picked":["Runic Pyramid","Tiny House"],"picked":"Calling Bell"}],"items_purged_floors":[21,38],"is_endless":false,"potions_floor_spawned":[3,4,8,13,14,18,23,29,30,31,33,35,36,37,39,41,44,45,48],"killed_by":"Awakened One","ascension_level":1}}