{"host":"1a9bbjeis3rg03b1","time":1613291433,"event":{"mods":["Act Like it!","BaseMod","Gensokyo","Googly Eyes","Hermit","Mimic Mod","Minty Spire (QoL Compilation)","Morshu Shopkeeper","Reliquary","Replay The Spire","StSLib","The Administrix","The Jungle","The Poker Player","The Servant 0.9.4","Wide Potions","everything is the same but u backflip on backflip"],"gold_per_floor":[113,113,113,113,128,128,128,161,161,176,176,214,243,265,265,302,302,302,302,302],"floor_reached":18,"language":"ENG","playtime":1506,"items_purged":[],"score":168,"play_id":"3ec6ea22-b7d9-4cb9-ad67-47770c41db54","local_time":"20210214013033","is_ascension_mode":true,"metric_token":1106,"campfire_choices":[{"data":"PokerPlayerMod:Mulligan","floor":9,"key":"SMITH"},{"data":"PokerPlayerMod:TrumpStrike","floor":15,"key":"SMITH"},{"floor":17,"key":"REST"}],"circlet_count":0,"master_deck":["PokerPlayerMod:Diamond1","PokerPlayerMod:Diamond2","PokerPlayerMod:Diamond3","PokerPlayerMod:Diamond4","PokerPlayerMod:Diamond5","PokerPlayerMod:Spade1","PokerPlayerMod:Spade2","PokerPlayerMod:Spade3","PokerPlayerMod:Spade4","PokerPlayerMod:Club1","PokerPlayerMod:Club2","PokerPlayerMod:Heart2","PokerPlayerMod:TrumpStrike+1","PokerPlayerMod:BadJoker","PokerPlayerMod:Mulligan+1","PokerPlayerMod:Diamond3","PokerPlayerMod:Diamond5","PokerPlayerMod:FillThePot","PokerPlayerMod:Diamond3","PokerPlayerMod:Club1","PokerPlayerMod:Diamond5","PokerPlayerMod:Spade4"],"relics":["PokerPlayerMod:DeckCase","NeowsBlessing","Gensokyo:CelestialsFlawlessClothing","Mercury Hourglass","CeramicFish","reliquary:WeakTea","reliquary:PrincelyHelmet"],"acts_visited":["Exordium"],"potions_floor_usage":[18],"damage_taken":[{"damage":0,"enemies":"Gensokyo:3_Fairies","floor":1,"turns":1},{"damage":0,"enemies":"Gensokyo:Gryphon","floor":5,"turns":1},{"damage":0,"enemies":"Gensokyo:Cirno","floor":8,"turns":2},{"damage":0,"enemies":"Gensokyo:2_Kodama","floor":10,"turns":1},{"damage":18,"enemies":"Gensokyo:Mamizou","floor":12,"turns":5},{"damage":8,"enemies":"Gensokyo:CorruptedTreant","floor":13,"turns":1},{"damage":0,"enemies":"Gensokyo:2_Rabbits","floor":14,"turns":3},{"damage":18,"enemies":"Gensokyo:Aya","floor":16,"turns":3},{"damage":13,"enemies":"Gensokyo:Reimu","floor":18,"turns":8}],"seed_played":"-5860186825096948161","potions_obtained":[{"floor":10,"key":"SteroidPotion"},{"floor":12,"key":"ColorlessPotion"}],"is_trial":false,"path_per_floor":["M","?","?","?","M","PTL","PTL","E","R","M","T","E","M","M","R","E","R","B"],"character_chosen":"THE_POKER_PLAYER","items_purchased":[],"campfire_rested":1,"item_purchase_floors":[],"current_hp_per_floor":[52,39,44,44,44,44,44,46,46,46,46,33,25,30,30,14,31,21,21,21],"gold":302,"neow_bonus":"THREE_ENEMY_KILL","is_daily":false,"chose_seed":false,"campfire_upgraded":2,"win_rate":0.0,"timestamp":1613291433,"path_taken":["M","?","?","?","?","PTL","PTL","E","R","M","T","E","M","M","R","E","R","BOSS"],"items_purchased_type":[],"build_version":"2020-12-22","purchased_purges":0,"victory":false,"max_hp_per_floor":[52,52,57,57,57,57,57,57,57,57,57,57,57,57,57,57,57,57,57,57],"card_choices":[{"not_picked":["PokerPlayerMod:Configure","PokerPlayerMod:Diamond4"],"picked":"PokerPlayerMod:CloakAndDiamond","floor":1},{"not_picked":["PokerPlayerMod:Spade8","PokerPlayerMod:FlyingCard"],"picked":"PokerPlayerMod:Diamond3","floor":5},{"not_picked":["PokerPlayerMod:Spade4","PokerPlayerMod:Spade2"],"picked":"PokerPlayerMod:Diamond5","floor":8},{"not_picked":["PokerPlayerMod:DiamondStrike","PokerPlayerMod:Harden"],"picked":"PokerPlayerMod:FillThePot","floor":10},{"not_picked":["PokerPlayerMod:Diamond2","PokerPlayerMod:Spade4"],"picked":"PokerPlayerMod:Diamond3","floor":12},{"not_picked":["PokerPlayerMod:ClubShade","PokerPlayerMod:CardBurn"],"picked":"PokerPlayerMod:Club1","floor":13},{"not_picked":["PokerPlayerMod:DartThrow","PokerPlayerMod:CloakAndDiamond"],"picked":"PokerPlayerMod:Diamond5","floor":14},{"not_picked":["PokerPlayerMod:FlyingCard","PokerPlayerMod:Diamond4"],"picked":"PokerPlayerMod:Spade4","floor":16}],"player_experience":690084,"relics_obtained":[{"floor":8,"key":"Mercury Hourglass"},{"floor":11,"key":"CeramicFish"},{"floor":12,"key":"reliquary:WeakTea"},{"floor":16,"key":"reliquary:PrincelyHelmet"}],"event_choices":[],"is_beta":false,"boss_relics":[],"items_purged_floors":[],"is_endless":false,"potions_floor_spawned":[10,12,16],"killed_by":"Gensokyo:Reimu","ascension_level":2}}