{"host":"rqwnmhn71fwyjegj","time":1613323752,"event":{"mods":["AchievementEnabler","BaseMod","Minty Spire (QoL Compilation)"],"gold_per_floor":[114,124,49,68,81,113,113,148,148,164,164,164,232,282,282,384,384,396,411,461,426,52,52,82,82,158,184,199,199,214,58,58,155,155,170,220,270,98,17,17,17,17],"floor_reached":41,"language":"ENG","playtime":1580,"items_purged":["Strike_G"],"score":615,"play_id":"00149698-687b-487f-befd-295089b0ec55","local_time":"20210214172912","is_ascension_mode":true,"campfire_choices":[{"floor":7,"key":"REST"},{"floor":11,"key":"REST"},{"floor":15,"key":"REST"},{"data":"Venomology","floor":23,"key":"SMITH"},{"floor":25,"key":"REST"},{"floor":29,"key":"REST"},{"data":"Deadly Poison","floor":32,"key":"SMITH"},{"data":"Dash","floor":40,"key":"SMITH"}],"circlet_count":0,"master_deck":["Strike_G","Strike_G","Strike_G","Strike_G","Defend_G","Defend_G","Defend_G","Defend_G","Defend_G","Survivor","Neutralize","Slice","Deflect","Bouncing Flask","Die Die Die","Backflip","Poisoned Stab","Venomology+1","Poisoned Stab+1","Bane","Injury","Deadly Poison+1","Envenom","Noxious Fumes","Dash+1"],"relics":["Ring of the Snake","MealTicket","Regal Pillow","Nunchaku","SsserpentHead","Cursed Key","Pear","TwistedFunnel","Vajra","Bottled Lightning","Bottled Flame","Snake Skull","Blood Vial","Busted Crown","Juzu Bracelet"],"acts_visited":["Exordium","TheCity","TheBeyond"],"potions_floor_usage":[6,8,10,16,19,24,24,27,30,33,33,35,41],"damage_taken":[{"damage":0,"enemies":"Cultist","floor":1,"turns":5},{"damage":3,"enemies":"2 Louse","floor":2,"turns":3},{"damage":0,"enemies":"Jaw Worm","floor":4,"turns":3},{"damage":7,"enemies":"3 Louse","floor":5,"turns":3},{"damage":32,"enemies":"Gremlin Nob","floor":6,"turns":4},{"damage":35,"enemies":"Lagavulin","floor":8,"turns":6},{"damage":0,"enemies":"Looter","floor":10,"turns":3},{"damage":12,"enemies":"Large Slime","floor":13,"turns":6},{"damage":57,"enemies":"Hexaghost","floor":16,"turns":12},{"damage":0,"enemies":"Chosen","floor":18,"turns":4},{"damage":22,"enemies":"2 Thieves","floor":19,"turns":4},{"damage":13,"enemies":"Gremlin Leader","floor":24,"turns":5},{"damage":34,"enemies":"Book of Stabbing","floor":27,"turns":5},{"damage":15,"enemies":"3 Cultists","floor":28,"turns":5},{"damage":0,"enemies":"Snecko","floor":30,"turns":3},{"damage":72,"enemies":"Collector","floor":33,"turns":8},{"damage":4,"enemies":"Orb Walker","floor":35,"turns":3},{"damage":97,"enemies":"Giant Head","floor":41,"turns":7}],"seed_played":"-3177631686732825758","potions_obtained":[{"floor":4,"key":"Energy Potion"},{"floor":5,"key":"FearPotion"},{"floor":6,"key":"Poison Potion"},{"floor":13,"key":"Strength Potion"},{"floor":19,"key":"Dexterity Potion"},{"floor":28,"key":"Weak Potion"},{"floor":35,"key":"ColorlessPotion"}],"is_trial":false,"path_per_floor":["M","M","$","M","M","E","R","E","T","M","R","?","M","?","R","B",null,"M","M","?","?","$","R","E","R","T","E","M","R","M","$","R","B",null,"M","?","?","$","$","R","E"],"character_chosen":"THE_SILENT","items_purchased":["Die Die Die","TwistedFunnel","Vajra","Blood Vial","Juzu Bracelet","Noxious Fumes","Dash"],"campfire_rested":5,"item_purchase_floors":[3,22,22,31,38,38,39],"current_hp_per_floor":[63,60,60,60,53,21,42,7,7,7,43,43,31,31,67,10,55,55,33,33,43,58,58,45,80,80,46,31,70,70,80,80,8,62,60,60,60,75,80,80,0,0],"gold":17,"neow_bonus":"THREE_CARDS","is_daily":false,"chose_seed":false,"campfire_upgraded":3,"win_rate":0.0,"timestamp":1613323752,"path_taken":["M","M","$","M","?","E","R","E","T","M","R","?","?","?","R","BOSS","M","M","?","?","$","R","E","R","T","E","M","R","M","$","R","BOSS","M","?","?","?","$","R","E"],"items_purchased_type":["Card","Relic","Relic","Relic","Relic","Card","Card"],"build_version":"2020-12-22","purchased_purges":1,"victory":false,"max_hp_per_floor":[70,70,70,70,70,70,70,70,70,70,70,70,70,70,70,70,70,70,70,70,80,80,80,80,80,80,80,80,80,80,80,80,80,80,80,80,80,80,80,80,80,80],"card_choices":[{"not_picked":["Underhanded Strike","Bane"],"picked":"Slice","floor":0},{"not_picked":["Backflip","Predator"],"picked":"Deflect","floor":1},{"not_picked":["Slice","PiercingWail"],"picked":"Bouncing Flask","floor":2},{"not_picked":["Quick Slash","All Out Attack","Outmaneuver"],"picked":"SKIP","floor":4},{"not_picked":["Accuracy","Prepared"],"picked":"Backflip","floor":5},{"not_picked":["Well Laid Plans","Predator"],"picked":"Poisoned Stab","floor":6},{"not_picked":["Bouncing Flask","Tactician","PiercingWail"],"picked":"SKIP","floor":8},{"not_picked":["Quick Slash","Cloak And Dagger","Riddle With Holes"],"picked":"SKIP","floor":10},{"not_picked":["Backflip","Quick Slash","Bouncing Flask"],"picked":"SKIP","floor":13},{"not_picked":["Wraith Form v2","Adrenaline"],"picked":"Venomology","floor":16},{"not_picked":["Quick Slash","Dodge and Roll"],"picked":"Poisoned Stab+1","floor":18},{"not_picked":["All Out Attack","Accuracy"],"picked":"Bane","floor":19},{"not_picked":["Underhanded Strike","PiercingWail+1","Dodge and Roll"],"picked":"SKIP","floor":24},{"not_picked":["Well Laid Plans","Cloak And Dagger","Bane"],"picked":"SKIP","floor":27},{"not_picked":["Masterful Stab","Setup"],"picked":"Deadly Poison","floor":28},{"not_picked":["Heel Hook","Cloak And Dagger","Skewer"],"picked":"SKIP","floor":30},{"not_picked":["Adrenaline","Wraith Form v2"],"picked":"Envenom","floor":33},{"not_picked":["Reflex"],"picked":"SKIP","floor":35}],"player_experience":337907,"relics_obtained":[{"floor":6,"key":"MealTicket"},{"floor":8,"key":"Regal Pillow"},{"floor":9,"key":"Nunchaku"},{"floor":24,"key":"Bottled Lightning"},{"floor":26,"key":"Bottled Flame"},{"floor":27,"key":"Snake Skull"}],"event_choices":[{"damage_healed":0,"gold_gain":0,"player_choice":"Trade","damage_taken":0,"relics_obtained":["SsserpentHead"],"max_hp_gain":0,"max_hp_loss":0,"event_name":"FaceTrader","floor":12,"gold_loss":0},{"damage_healed":0,"gold_gain":0,"player_choice":"Ignored","damage_taken":0,"max_hp_gain":0,"max_hp_loss":0,"event_name":"Shining Light","floor":14,"gold_loss":0},{"damage_healed":0,"gold_gain":0,"player_choice":"Ignored","damage_taken":0,"max_hp_gain":0,"max_hp_loss":0,"event_name":"Cursed Tome","floor":20,"gold_loss":0},{"damage_healed":0,"gold_gain":0,"player_choice":"Obtained Relic","damage_taken":0,"relics_obtained":["Pear"],"max_hp_gain":0,"max_hp_loss":0,"event_name":"Addict","floor":21,"gold_loss":85},{"damage_healed":0,"gold_gain":0,"player_choice":"Ignored","damage_taken":0,"max_hp_gain":0,"max_hp_loss":0,"event_name":"Mysterious Sphere","floor":36,"gold_loss":0},{"damage_healed":0,"gold_gain":0,"player_choice":"Ignored","damage_taken":0,"max_hp_gain":0,"max_hp_loss":0,"event_name":"Tomb of Lord Red Mask","floor":37,"gold_loss":0}],"is_beta":false,"boss_relics":[{"not_picked":["Philosopher\u0027s Stone","Coffee Dripper"],"picked":"Cursed Key"},{"not_picked":["Ring of the Serpent","Black Star"],"picked":"Busted Crown"}],"items_purged_floors":[22],"is_endless":false,"potions_floor_spawned":[4,5,6,13,19,28,30,35],"killed_by":"Giant Head","ascension_level":7}}