{"host":"f9ntswufr8mq3t4y","time":1613322023,"event":{"mods":["AchievementEnabler","BaseMod","Best Route Mod","Block Reminder","Colored Map","Colored Powertips","Curses Come First","DeckTracker","Displayed Cursed Tome","Highlight Path","Minty Spire (QoL Compilation)","Permanent Neow","Quick Restart","Slay-I","StSLib"],"gold_per_floor":[17,17,34,46,61,61,78,108,108,133,133,144,158,158,158,261,261,271,285,298,298,258,258,293,293,293,304,304,323,335,360,360,360,360],"floor_reached":33,"language":"ENG","playtime":1316,"items_purged":[],"score":391,"play_id":"c43033c2-741a-4972-b9de-ef67426fa08c","local_time":"20210214200023","is_ascension_mode":true,"campfire_choices":[{"data":"Offering","floor":6.0,"key":"SMITH"},{"data":"Combust","floor":11.0,"key":"SMITH"},{"data":"Metallicize","floor":15.0,"key":"SMITH"},{"floor":23,"key":"REST"},{"data":"Infernal Blade","floor":25,"key":"SMITH"},{"data":"Power Through","floor":28,"key":"SMITH"},{"floor":32,"key":"REST"}],"circlet_count":0,"master_deck":["Strike_R","Strike_R","Strike_R","Strike_R","Defend_R","Defend_R","Bash","Power Through+1","Pommel Strike","Combust+1","Offering+1","Metallicize+1","Cleave","Spot Weakness+1","Blood for Blood","Berserk+1","Power Through","Infernal Blade+1","Armaments+1","Spot Weakness+1","Shrug It Off+1","Sever Soul"],"relics":["Black Blood","Ancient Tea Set","Darkstone Periapt","Ornamental Fan","Singing Bowl","Eternal Feather","Dead Branch"],"acts_visited":["Exordium","TheCity"],"potions_floor_usage":[16,24,30,31],"damage_taken":[{"damage":0.0,"enemies":"Small Slimes","floor":1.0,"turns":3.0},{"damage":6.0,"enemies":"Jaw Worm","floor":3.0,"turns":2.0},{"damage":6.0,"enemies":"Cultist","floor":4.0,"turns":2.0},{"damage":6.0,"enemies":"Large Slime","floor":5.0,"turns":3.0},{"damage":6.0,"enemies":"Lots of Slimes","floor":7.0,"turns":2.0},{"damage":14.0,"enemies":"Gremlin Nob","floor":8.0,"turns":3.0},{"damage":22.0,"enemies":"3 Sentries","floor":10.0,"turns":4.0},{"damage":0.0,"enemies":"2 Fungi Beasts","floor":12.0,"turns":2.0},{"damage":6.0,"enemies":"Exordium Wildlife","floor":13.0,"turns":2.0},{"damage":41,"enemies":"Hexaghost","floor":16,"turns":6},{"damage":20,"enemies":"Spheric Guardian","floor":18,"turns":4},{"damage":11,"enemies":"3 Byrds","floor":19,"turns":3},{"damage":15,"enemies":"Sentry and Sphere","floor":20,"turns":4},{"damage":25,"enemies":"Slavers","floor":24,"turns":3},{"damage":8,"enemies":"Cultist and Chosen","floor":27,"turns":3},{"damage":24,"enemies":"Shelled Parasite and Fungi","floor":29,"turns":4},{"damage":20,"enemies":"Sentry and Sphere","floor":30,"turns":4},{"damage":23,"enemies":"Book of Stabbing","floor":31,"turns":5},{"damage":88,"enemies":"Champ","floor":33,"turns":6}],"seed_played":"5132501884446746317","potions_obtained":[{"floor":1.0,"key":"SteroidPotion"},{"floor":3.0,"key":"SkillPotion"},{"floor":7.0,"key":"FearPotion"},{"floor":12.0,"key":"HeartOfIron"},{"floor":20,"key":"Block Potion"},{"floor":29,"key":"ColorlessPotion"},{"floor":30,"key":"SneckoOil"}],"is_trial":false,"path_per_floor":["M","?","M","M","M","R","M","E","T","E","R","M","M","?","R","B",null,"M","M","M","?","?","R","E","R","T","M","R","M","M","E","R","B"],"character_chosen":"IRONCLAD","items_purchased":[],"campfire_rested":2,"item_purchase_floors":[],"current_hp_per_floor":[78,78,78,78,78,78,78,70,70,54,54,60,60,60,60,25,66,58,59,56,41,41,66,53,53,53,59,71,59,53,42,80,0,0],"gold":360,"neow_bonus":"TRANSFORM_TWO_CARDS","is_daily":false,"chose_seed":false,"campfire_upgraded":5,"win_rate":0.0,"timestamp":1613322023,"path_taken":["M","?","M","M","M","R","M","E","T","E","R","M","M","?","R","BOSS","M","M","M","?","?","R","E","R","T","?","R","M","M","E","R","BOSS"],"items_purchased_type":[],"build_version":"2020-12-22","purchased_purges":0,"victory":false,"max_hp_per_floor":[80,80,80,80,80,80,80,80,80,80,80,80,80,80,80,80,80,80,80,80,85,85,85,85,85,85,87,87,87,89,89,89,89,89],"card_choices":[{"not_picked":["Sentinel","Wild Strike"],"picked":"Combust","floor":1.0},{"not_picked":["Disarm","Intimidate","Havoc"],"picked":"SKIP","floor":3.0},{"not_picked":["Searing Blow","Disarm"],"picked":"Metallicize","floor":4.0},{"not_picked":["Headbutt","Warcry"],"picked":"Cleave","floor":5.0},{"not_picked":["True Grit","Feel No Pain"],"picked":"Spot Weakness","floor":7.0},{"not_picked":["Flex","Perfected Strike","Disarm"],"picked":"SKIP","floor":8.0},{"not_picked":["Twin Strike","Rage"],"picked":"Blood for Blood","floor":10.0},{"not_picked":["Twin Strike","Body Slam","Brutality"],"picked":"SKIP","floor":12.0},{"not_picked":["Armaments","Flex","Dual Wield"],"picked":"SKIP","floor":13.0},{"not_picked":["Juggernaut","Reaper"],"picked":"Berserk","floor":16},{"not_picked":["Rage","Clash"],"picked":"Power Through","floor":18},{"not_picked":["Cleave","Heavy Blade+1"],"picked":"Infernal Blade","floor":19},{"not_picked":["Havoc+1","Heavy Blade"],"picked":"Armaments+1","floor":20},{"not_picked":["Combust","Hemokinesis"],"picked":"Spot Weakness+1","floor":24},{"not_picked":["Twin Strike","Clothesline+1","Headbutt"],"picked":"Singing Bowl","floor":27},{"not_picked":["Evolve","Clothesline"],"picked":"Shrug It Off+1","floor":29},{"not_picked":["Battle Trance","Twin Strike+1","Dropkick"],"picked":"Singing Bowl","floor":30},{"not_picked":["Disarm","Carnage"],"picked":"Sever Soul","floor":31}],"player_experience":438076,"relics_obtained":[{"floor":8.0,"key":"Ancient Tea Set"},{"floor":9.0,"key":"Darkstone Periapt"},{"floor":10.0,"key":"Ornamental Fan"},{"floor":24,"key":"Singing Bowl"},{"floor":26,"key":"Eternal Feather"},{"floor":31,"key":"Dead Branch"}],"event_choices":[{"damage_healed":0.0,"max_hp_gain":0.0,"max_hp_loss":0.0,"gold_gain":0.0,"cards_transformed":["Defend_R"],"event_name":"Living Wall","player_choice":"Change","floor":2.0,"gold_loss":0.0,"damage_taken":0.0,"cards_obtained":["Offering"]},{"damage_healed":0.0,"max_hp_gain":0.0,"max_hp_loss":0.0,"gold_gain":0.0,"event_name":"Upgrade Shrine","player_choice":"Upgraded","floor":14.0,"gold_loss":0.0,"damage_taken":0.0,"cards_upgraded":["Spot Weakness"]},{"damage_healed":0,"gold_gain":0,"player_choice":"Shed Blood","damage_taken":20,"max_hp_gain":5,"max_hp_loss":0,"event_name":"Forgotten Altar","floor":21,"gold_loss":0},{"damage_healed":0,"gold_gain":0,"player_choice":"Upgrade","damage_taken":0,"max_hp_gain":0,"max_hp_loss":0,"event_name":"Designer","floor":22,"gold_loss":40,"cards_upgraded":["Berserk"]}],"is_beta":false,"boss_relics":[{"not_picked":["Pandora\u0027s Box","Busted Crown"],"picked":"Black Blood"}],"items_purged_floors":[],"is_endless":false,"potions_floor_spawned":[1,3,7,12,13,20,29,30],"killed_by":"Champ","ascension_level":6}}