{"host":"8d3fefv2347kqkpz","time":1613335595,"event":{"mods":["AchievementEnabler","Act Like it!","BaseMod","Better Vampires","Colored Map","Colored Powertips","Downfall","GifTheSpireLib","Highlight Path","Minty Spire (QoL Compilation)","Quick Restart","Rare Cards Sparkle","Relic Stats","Replay The Spire","Spicy Shops","StSLib","Waifu the Spire"],"gold_per_floor":[0,17,27,27,27,44,94,111,111,155,80,99,119,137,161,270,270,270,293,393,411,426,426,452,452,455,455,455],"floor_reached":26,"language":"ZHS","playtime":1274,"items_purged":["Slimebound:CorrosiveSpit"],"score":212,"play_id":"6cd525eb-7c8c-41ca-8a49-5d08651452aa","local_time":"20210215044635","is_ascension_mode":false,"campfire_choices":[{"data":"Slimebound:Split","floor":1.0,"key":"SMITH"},{"data":"Slimebound:SplitSpecialist","floor":9,"key":"SMITH"},{"data":"Slimebound:WasteNot","floor":18,"key":"SMITH"},{"data":"Slimebound:SplitSpecialist","floor":23,"key":"SMITH"},{"floor":25,"key":"REST"}],"circlet_count":0,"master_deck":["Slimebound:Strike_Slimebound","Slimebound:Strike_Slimebound","Slimebound:Defend_Slimebound","Slimebound:Defend_Slimebound","Slimebound:Defend_Slimebound","Slimebound:Split+1","Slimebound:SplitSpecialist+1","Slimebound:SplitLeeching","Slimebound:SplitBruiser","Slimebound:SplitSpecialist+1","Slimebound:SplitSpecialist","Slimebound:WasteNot+1","Slimebound:RejuvenatingLick+1"],"relics":["Slimebound:AbsorbEndCombat","Replay:Bandana","Durian","Replay:Grab Bag","SlaversCollar","Runic Dome","Runic Pyramid","Tiny Chest"],"acts_visited":["Exordium","TheCity"],"potions_floor_usage":[15],"damage_taken":[{"damage":4.0,"enemies":"2 Louse","floor":2.0,"turns":3.0},{"damage":6.0,"enemies":"Jaw Worm","floor":3.0,"turns":4.0},{"damage":0.0,"enemies":"Cultist","floor":6.0,"turns":4.0},{"damage":20,"enemies":"Gremlin Gang","floor":8,"turns":6},{"damage":5,"enemies":"Gremlin Nob","floor":10,"turns":6},{"damage":0,"enemies":"downfall:FleeingMerchant","floor":11,"turns":4},{"damage":2,"enemies":"Blue Slaver","floor":12,"turns":4},{"damage":7,"enemies":"3 Louse","floor":13,"turns":4},{"damage":16,"enemies":"Exordium Thugs","floor":14,"turns":4},{"damage":3,"enemies":"Gremlin Gang","floor":15,"turns":5},{"damage":3,"enemies":"WA_ARCHETYPE_RETAIN","floor":16,"turns":16},{"damage":11,"enemies":"Shell Parasite","floor":19,"turns":11},{"damage":6,"enemies":"Spheric Guardian","floor":21,"turns":6},{"damage":16,"enemies":"Centurion and Healer","floor":22,"turns":15},{"damage":77,"enemies":"Slavers","floor":26,"turns":4}],"seed_played":"-8630412962319026452","potions_obtained":[{"floor":6.0,"key":"Energy Potion"},{"floor":10,"key":"BlessingOfTheForge"},{"floor":13,"key":"Fire Potion"}],"is_trial":false,"path_per_floor":["R","M","M","?","?","M","T","M","R","E","$","M","M","M","M","B",null,"R","M","?","M","M","R","T","R","E"],"character_chosen":"SLIMEBOUND","items_purchased":[],"campfire_rested":1,"item_purchase_floors":[],"current_hp_per_floor":[65,65,63,68,68,70,70,56,56,58,58,56,49,33,30,27,75,75,64,64,58,46,46,46,68,0,0,0],"gold":455,"neow_bonus":"REMOVE_TWO","is_daily":false,"chose_seed":false,"campfire_upgraded":4,"win_rate":0.0,"timestamp":1613335595,"path_taken":["R","M","M","?","?","?","T","M","R","E","$","?","M","M","M","BOSS","R","M","?","M","M","R","T","R","E"],"items_purchased_type":[],"build_version":"2020-12-22","purchased_purges":1,"victory":false,"max_hp_per_floor":[65,65,65,70,70,70,70,70,70,75,75,75,75,75,75,75,75,75,75,75,75,75,75,75,75,75,75,75],"relic_stats":{"counters":[15,92],"Tiny Chest":0,"obtain_stats":[{"SlaversCollar":17,"Runic Dome":17,"Replay:Bandana":7,"Replay:Grab Bag":17,"Tiny Chest":24,"Slimebound:AbsorbEndCombat":0,"Durian":10,"Runic Pyramid":17},{"SlaversCollar":11,"Runic Dome":11,"Replay:Bandana":3,"Replay:Grab Bag":11,"Tiny Chest":14,"Slimebound:AbsorbEndCombat":0,"Durian":5,"Runic Pyramid":11},{"SlaversCollar":56,"Runic Dome":56,"Replay:Bandana":11,"Replay:Grab Bag":56,"Tiny Chest":88,"Slimebound:AbsorbEndCombat":0,"Durian":22,"Runic Pyramid":56}]},"card_choices":[{"not_picked":["Slimebound:RollThrough","Slimebound:BestDefense","Slimebound:MegaLick"],"picked":"SKIP","floor":2.0},{"not_picked":["Slimebound:BestDefense","Slimebound:ItLooksTasty","Slimebound:LeechEnergy"],"picked":"SKIP","floor":3.0},{"not_picked":["Slimebound:LeechingTouch","Slimebound:FinishingTackle","Slimebound:PressTheAttack"],"picked":"SKIP","floor":6.0},{"not_picked":["Slimebound:ViciousTackle","Slimebound:ItLooksTasty"],"picked":"Slimebound:SplitSpecialist","floor":8},{"not_picked":["Slimebound:SlimeBrawl","Slimebound:RejuvenatingLick"],"picked":"Slimebound:SplitLeeching","floor":10},{"not_picked":["Slimebound:ServeAndProtect","Slimebound:FinishingTackle"],"picked":"Slimebound:SplitBruiser","floor":11},{"not_picked":["Slimebound:PressTheAttack","Slimebound:MassFeed","Slimebound:Schlurp"],"picked":"SKIP","floor":12},{"not_picked":["Slimebound:Prepare","Slimebound:Nibble"],"picked":"Slimebound:SplitSpecialist","floor":13},{"not_picked":["Slimebound:FormOfPuddle","Slimebound:AcidTongue"],"picked":"Slimebound:SplitSpecialist","floor":14},{"not_picked":["Slimebound:Dissolve","Slimebound:SplitBruiser","Slimebound:PressTheAttack"],"picked":"SKIP","floor":15},{"not_picked":["Slimebound:DouseInSlime","Slimebound:SlimeSlap"],"picked":"Slimebound:WasteNot","floor":16},{"not_picked":["Slimebound:ViciousTackle","Slimebound:DivideAndConquer","Slimebound:Schlurp"],"picked":"SKIP","floor":19},{"not_picked":["Slimebound:RejuvenatingLick+1","Slimebound:Prepare","Slimebound:PressTheAttack"],"picked":"SKIP","floor":21},{"not_picked":["Slimebound:Prepare","Slimebound:PressTheAttack"],"picked":"Slimebound:RejuvenatingLick+1","floor":21},{"not_picked":["Slimebound:RollThrough","Slimebound:Grow","Slimebound:Schlurp+1"],"picked":"SKIP","floor":22}],"player_experience":372742,"relics_obtained":[{"floor":7.0,"key":"Replay:Bandana"},{"floor":10,"key":"Durian"},{"floor":24,"key":"Tiny Chest"}],"event_choices":[{"damage_healed":0.0,"max_hp_gain":5.0,"max_hp_loss":0.0,"gold_gain":0.0,"event_name":"Big Fish","player_choice":"Donut","floor":4.0,"gold_loss":0.0,"damage_taken":0.0}],"is_beta":false,"boss_relics":[{"not_picked":["Replay:Wanted Poster","Snecko Eye"],"picked":"Replay:Grab Bag"},{"not_picked":["Fusion Hammer","ChewingGum"],"picked":"SlaversCollar"},{"not_picked":["Velvet Choker","Busted Crown"],"picked":"Runic Dome"},{"not_picked":["Snecko Heart","Pandora\u0027s Box"],"picked":"Runic Pyramid"}],"items_purged_floors":[11],"is_endless":false,"potions_floor_spawned":[6,10,13,14],"killed_by":"Slavers","ascension_level":0}}