{"host":"xb2tau8pgi8aflss","time":1613306324,"event":{"mods":["AchievementEnabler","BaseMod","Hermit","Minty Spire (QoL Compilation)","StSLib","SuperFastMode"],"gold_per_floor":[109,184,72,72,72,104,104,130,130,130,142,142,175,185,185,281,281,293,26,26,26,39,39,59,76,99,110,129,140,65,84,84,181,181,195,195,211,221,221,252,252,252,252,252,266,266,281,38,38,38],"floor_reached":51,"language":"KOR","playtime":1655,"items_purged":["Strike_R"],"score":1136,"play_id":"da2775a8-af6d-4e4a-a4db-ac5637966933","local_time":"20210214213844","is_ascension_mode":true,"campfire_choices":[{"data":"Body Slam","floor":7.0,"key":"SMITH"},{"data":"Power Through","floor":12.0,"key":"SMITH"},{"data":"Feed","floor":15.0,"key":"SMITH"},{"data":"Armaments","floor":23.0,"key":"SMITH"},{"floor":32.0,"key":"REST"},{"floor":42.0,"key":"REST"},{"floor":46.0,"key":"REST"},{"floor":49.0,"key":"REST"}],"circlet_count":0,"master_deck":["Strike_R+1","Defend_R","Defend_R","Defend_R","Defend_R","Bash+1","Body Slam+1","Fire Breathing","Power Through+1","Double Tap","Pommel Strike","Feed+1","Shrug It Off","Armaments+1","Feed","Ghostly Armor+1","Evolve","Barricade","Second Wind","Offering","Dark Embrace"],"relics":["Burning Blood","NeowsBlessing","Happy Flower","Smiling Mask","Singing Bowl","Orichalcum","Mark of Pain","Paper Frog","Enchiridion","Dream Catcher","Philosopher\u0027s Stone","Torii","Blood Vial","ClockworkSouvenir"],"acts_visited":["Exordium","TheCity","TheBeyond"],"potions_floor_usage":[50,50],"damage_taken":[{"damage":0.0,"enemies":"2 Louse","floor":1.0,"turns":1.0},{"damage":0.0,"enemies":"3 Sentries","floor":6.0,"turns":2.0},{"damage":0.0,"enemies":"Gremlin Nob","floor":8.0,"turns":1.0},{"damage":7.0,"enemies":"Small Slimes","floor":11.0,"turns":4.0},{"damage":35.0,"enemies":"Lagavulin","floor":13.0,"turns":6.0},{"damage":6.0,"enemies":"Jaw Worm","floor":14.0,"turns":3.0},{"damage":12.0,"enemies":"Slime Boss","floor":16.0,"turns":8.0},{"damage":22.0,"enemies":"Spheric Guardian","floor":18.0,"turns":4.0},{"damage":7.0,"enemies":"3 Byrds","floor":22.0,"turns":5.0},{"damage":10.0,"enemies":"Snecko","floor":24.0,"turns":6.0},{"damage":38.0,"enemies":"3 Cultists","floor":25.0,"turns":6.0},{"damage":15.0,"enemies":"Centurion and Healer","floor":27.0,"turns":7.0},{"damage":14.0,"enemies":"Snecko","floor":28.0,"turns":4.0},{"damage":20.0,"enemies":"Cultist and Chosen","floor":29.0,"turns":6.0},{"damage":0.0,"enemies":"Sentry and Sphere","floor":31.0,"turns":3.0},{"damage":55.0,"enemies":"Champ","floor":33.0,"turns":8.0},{"damage":16.0,"enemies":"3 Shapes","floor":35.0,"turns":3.0},{"damage":67.0,"enemies":"3 Darklings","floor":37.0,"turns":8.0},{"damage":3.0,"enemies":"4 Shapes","floor":38.0,"turns":5.0},{"damage":46.0,"enemies":"Giant Head","floor":40.0,"turns":9.0},{"damage":35.0,"enemies":"Writhing Mass","floor":45.0,"turns":6.0},{"damage":17.0,"enemies":"Maw","floor":47.0,"turns":7.0},{"damage":71,"enemies":"Time Eater","floor":50,"turns":8}],"seed_played":"5439412746962023726","potions_obtained":[{"floor":8.0,"key":"Strength Potion"},{"floor":11.0,"key":"Ancient Potion"},{"floor":13.0,"key":"LiquidMemories"},{"floor":22.0,"key":"Ancient Potion"},{"floor":25.0,"key":"PowerPotion"},{"floor":27.0,"key":"FairyPotion"},{"floor":28.0,"key":"DistilledChaos"},{"floor":33.0,"key":"BlessingOfTheForge"},{"floor":37.0,"key":"LiquidMemories"},{"floor":38.0,"key":"FearPotion"},{"floor":47.0,"key":"Swift Potion"}],"is_trial":false,"path_per_floor":["M","?","$","?","?","E","R","E","T","?","M","R","E","M","R","B",null,"M","$","?","?","M","R","M","M","T","M","M","M","?","M","R","B",null,"M","?","M","M","?","E","?","R","T","?","M","R","M","$","R","B",null],"character_chosen":"IRONCLAD","items_purchased":["Fire Breathing","Power Through","Armaments","Paper Frog","ClockworkSouvenir","BloodPotion"],"campfire_rested":4,"item_purchase_floors":[3,3,19,19,48,48],"current_hp_per_floor":[78,67,67,72,55,61,61,67,67,67,68,68,39,44,44,38,79,63,63,47,47,56,56,57,30,30,27,19,43,43,49,87,38,101,98,98,42,54,56,16,16,59,59,59,34,76,69,69,114,80],"gold":38,"neow_bonus":"THREE_ENEMY_KILL","is_daily":false,"chose_seed":false,"campfire_upgraded":4,"win_rate":0.0,"timestamp":1613306324,"path_taken":["M","?","$","?","?","E","R","E","T","?","?","R","E","M","R","BOSS","M","?","?","?","M","R","M","M","T","?","M","M","?","M","R","BOSS","M","?","M","M","?","E","?","R","T","?","?","R","M","$","R","BOSS"],"items_purchased_type":["Card","Card","Card","Relic","Relic","Potion"],"build_version":"2020-12-22","purchased_purges":1,"victory":true,"max_hp_per_floor":[80,80,80,85,85,85,85,85,85,85,87,87,87,92,92,92,92,92,92,92,92,102,102,107,112,112,118,118,120,120,120,122,122,122,129,129,134,143,145,145,138,140,140,140,142,142,144,144,146,146],"card_choices":[{"not_picked":["Twin Strike","Wild Strike"],"picked":"Body Slam","floor":1.0},{"not_picked":["Bloodletting","Heavy Blade"],"picked":"Double Tap","floor":6.0},{"not_picked":["Heavy Blade","Whirlwind"],"picked":"Pommel Strike","floor":8.0},{"not_picked":["Intimidate","Iron Wave","Twin Strike"],"picked":"Singing Bowl","floor":11.0},{"not_picked":["Shockwave","Hemokinesis"],"picked":"Feed","floor":13.0},{"not_picked":["Combust","Twin Strike","Flex"],"picked":"Singing Bowl","floor":14.0},{"not_picked":["Limit Break","Exhume"],"picked":"Juggernaut","floor":16.0},{"not_picked":["Dual Wield+1","Wild Strike+1"],"picked":"Shrug It Off","floor":18.0},{"not_picked":["Clothesline+1","Heavy Blade","Flame Barrier"],"picked":"Singing Bowl","floor":22.0},{"not_picked":["Wild Strike","Headbutt","Blood for Blood"],"picked":"Singing Bowl","floor":24.0},{"not_picked":["Twin Strike+1","Searing Blow+1","Flame Barrier"],"picked":"Singing Bowl","floor":25.0},{"not_picked":["Disarm+1","Armaments","Dual Wield"],"picked":"Singing Bowl","floor":27.0},{"not_picked":["Infernal Blade+1","Thunderclap"],"picked":"Ghostly Armor+1","floor":28.0},{"not_picked":["Havoc+1","True Grit","Shrug It Off"],"picked":"Singing Bowl","floor":29.0},{"not_picked":["Armaments","Entrench"],"picked":"Evolve","floor":31.0},{"not_picked":["Shrug It Off","Heavy Blade","Flex+1"],"picked":"Singing Bowl","floor":32.0},{"not_picked":["Limit Break","Corruption"],"picked":"Barricade","floor":33.0},{"not_picked":["True Grit","Twin Strike"],"picked":"Second Wind","floor":35.0},{"not_picked":["Thunderclap","Havoc","Infernal Blade+1"],"picked":"Singing Bowl","floor":37.0},{"not_picked":["Disarm+1","Thunderclap+1","Cleave+1"],"picked":"Singing Bowl","floor":38.0},{"not_picked":["Dramatic Entrance","Discovery","Finesse"],"picked":"Singing Bowl","floor":39.0},{"not_picked":["Perfected Strike","Havoc+1"],"picked":"Offering","floor":40.0},{"not_picked":["Heavy Blade+1","Battle Trance+1","Carnage+1"],"picked":"Singing Bowl","floor":42.0},{"not_picked":["Body Slam+1","Shockwave","Whirlwind+1"],"picked":"Singing Bowl","floor":45.0},{"not_picked":["Heavy Blade","Anger+1"],"picked":"Dark Embrace","floor":46.0},{"not_picked":["Armaments","Brutality","Anger"],"picked":"Singing Bowl","floor":47.0},{"not_picked":["Uppercut","Flex","Wild Strike"],"picked":"Singing Bowl","floor":49.0}],"player_experience":836022,"relics_obtained":[{"floor":6.0,"key":"Happy Flower"},{"floor":8.0,"key":"Smiling Mask"},{"floor":9.0,"key":"Singing Bowl"},{"floor":13.0,"key":"Orichalcum"},{"floor":20.0,"key":"Enchiridion"},{"floor":26.0,"key":"Dream Catcher"},{"floor":40.0,"key":"Torii"},{"floor":43.0,"key":"Blood Vial"}],"event_choices":[{"damage_healed":0.0,"max_hp_gain":0.0,"max_hp_loss":0.0,"gold_gain":75.0,"event_name":"World of Goop","player_choice":"Gather Gold","floor":2.0,"gold_loss":0.0,"damage_taken":11.0},{"damage_healed":0.0,"max_hp_gain":5.0,"max_hp_loss":0.0,"gold_gain":0.0,"event_name":"Big Fish","player_choice":"Donut","floor":4.0,"gold_loss":0.0,"damage_taken":0.0},{"damage_healed":0.0,"max_hp_gain":0.0,"max_hp_loss":0.0,"gold_gain":0.0,"event_name":"Shining Light","player_choice":"Entered Light","floor":5.0,"gold_loss":0.0,"damage_taken":17.0,"cards_upgraded":["Bash","Strike_R"]},{"cards_removed":["Strike_R"],"damage_healed":0.0,"max_hp_gain":0.0,"max_hp_loss":0.0,"gold_gain":0.0,"event_name":"Living Wall","player_choice":"Forget","floor":10.0,"gold_loss":0.0,"damage_taken":0.0},{"damage_healed":0.0,"max_hp_gain":0.0,"max_hp_loss":0.0,"gold_gain":0.0,"event_name":"Cursed Tome","player_choice":"Obtained Book","floor":20.0,"gold_loss":0.0,"damage_taken":16.0},{"damage_healed":0.0,"max_hp_gain":0.0,"max_hp_loss":0.0,"gold_gain":0.0,"cards_transformed":["Strike_R"],"event_name":"Transmorgrifier","player_choice":"Transformed","floor":21.0,"gold_loss":0.0,"damage_taken":0.0,"cards_obtained":["Feed"]},{"cards_removed":["Strike_R"],"damage_healed":0.0,"max_hp_gain":0.0,"max_hp_loss":0.0,"gold_gain":0.0,"event_name":"Beggar","player_choice":"Gave Gold","floor":30.0,"gold_loss":75.0,"damage_taken":0.0},{"cards_removed":["Juggernaut"],"damage_healed":0.0,"max_hp_gain":0.0,"max_hp_loss":0.0,"gold_gain":0.0,"event_name":"Falling","player_choice":"Removed Power","floor":36.0,"gold_loss":0.0,"damage_taken":0.0},{"damage_healed":0.0,"max_hp_gain":0.0,"max_hp_loss":0.0,"gold_gain":0.0,"event_name":"SensoryStone","player_choice":"Memory 1","floor":39.0,"gold_loss":0.0,"damage_taken":0.0},{"damage_healed":0.0,"max_hp_gain":0.0,"max_hp_loss":7.0,"gold_gain":0.0,"event_name":"Winding Halls","player_choice":"Max HP","floor":41.0,"gold_loss":0.0,"damage_taken":0.0},{"damage_healed":0.0,"max_hp_gain":0.0,"max_hp_loss":0.0,"gold_gain":0.0,"event_name":"SecretPortal","player_choice":"Ignored","floor":44.0,"gold_loss":0.0,"damage_taken":0.0}],"is_beta":false,"boss_relics":[{"not_picked":["Astrolabe","Velvet Choker"],"picked":"Mark of Pain"},{"not_picked":["Busted Crown","Runic Cube"],"picked":"Philosopher\u0027s Stone"}],"items_purged_floors":[48],"is_endless":false,"potions_floor_spawned":[8,11,13,22,25,27,28,33,37,38,47],"ascension_level":8}}