{"host":"29mhc2ja7u6lu5r0","time":1613305641,"event":{"mods":["AchievementEnabler","BaseMod","Block Reminder","Colored Map","Colored Powertips","Highlight Path","Minty Spire (QoL Compilation)","Quick Restart","SuperFastMode","slay the spire mod where everything is the same but ironclad has a cowboy hat"],"gold_per_floor":[110,110,110,110,110,110,123,123,168,182,196,209,209,252,252,346,346,369,143,164,178,178,178,1,21,71,71,89,109,109,152,152,251,251,272,328,53,84,134,134,149,149,149,149,167,183,206,14,14,14],"floor_reached":51,"language":"ENG","playtime":2562,"items_purged":["Strike_R","Power Through","Second Wind"],"score":1198,"play_id":"607bf19d-b08a-48ac-bf33-620a3ce2db24","local_time":"20210214152721","is_ascension_mode":true,"campfire_choices":[{"data":"Seeing Red","floor":6.0,"key":"SMITH"},{"data":"Intimidate","floor":8.0,"key":"SMITH"},{"data":"Whirlwind","floor":15.0,"key":"SMITH"},{"data":"Armaments","floor":23.0,"key":"SMITH"},{"data":"Inflame","floor":27.0,"key":"SMITH"},{"data":"Shockwave","floor":32,"key":"SMITH"},{"data":"Searing Blow","floor":40,"key":"SMITH"},{"data":"Searing Blow+1","floor":42,"key":"SMITH"},{"data":"Searing Blow+2","floor":44,"key":"SMITH"},{"floor":49,"key":"REST"}],"circlet_count":0,"master_deck":["AscendersBane","Bash","Impervious","Seeing Red+1","Intimidate+1","Whirlwind+1","Armaments+1","Iron Wave","Shockwave+1","Bludgeon","Flex","Rage","Inflame+1","Battle Trance","Demon Form","Searing Blow+3","Shockwave","Anger","Rampage","Limit Break","Sword Boomerang+1","Heavy Blade","Twin Strike","Limit Break"],"relics":["Burning Blood","Golden Idol","Toy Ornithopter","Spirit Poop","Bag of Marbles","InkBottle","Mark of Pain","Brimstone","MutagenicStrength","Strawberry","Vajra","Pandora\u0027s Box","CaptainsWheel","Membership Card","Potion Belt","Mango","Self Forming Clay","DollysMirror"],"acts_visited":["Exordium","TheCity","TheBeyond"],"potions_floor_usage":[31,31,46,46,50,50,50,50],"damage_taken":[{"damage":12.0,"enemies":"Jaw Worm","floor":1.0,"turns":7.0},{"damage":0.0,"enemies":"Small Slimes","floor":7.0,"turns":5.0},{"damage":4.0,"enemies":"2 Louse","floor":10.0,"turns":3.0},{"damage":0.0,"enemies":"Gremlin Gang","floor":11.0,"turns":2.0},{"damage":4.0,"enemies":"Looter","floor":12.0,"turns":4.0},{"damage":15.0,"enemies":"Lagavulin","floor":14.0,"turns":5.0},{"damage":56.0,"enemies":"The Guardian","floor":16.0,"turns":15.0},{"damage":17.0,"enemies":"Shell Parasite","floor":18.0,"turns":4.0},{"damage":8.0,"enemies":"2 Thieves","floor":20.0,"turns":4.0},{"damage":7.0,"enemies":"3 Cultists","floor":21.0,"turns":5.0},{"damage":0.0,"enemies":"Shelled Parasite and Fungi","floor":25.0,"turns":3.0},{"damage":0.0,"enemies":"Chosen and Byrds","floor":28.0,"turns":3.0},{"damage":3.0,"enemies":"Centurion and Healer","floor":29.0,"turns":4.0},{"damage":13,"enemies":"Book of Stabbing","floor":31,"turns":3},{"damage":74,"enemies":"Automaton","floor":33,"turns":9},{"damage":6,"enemies":"Orb Walker","floor":35,"turns":2},{"damage":24,"enemies":"2 Orb Walkers","floor":36,"turns":2},{"damage":0,"enemies":"Mind Bloom Boss Battle","floor":38,"turns":2},{"damage":24,"enemies":"3 Shapes","floor":41,"turns":1},{"damage":24,"enemies":"Maw","floor":45,"turns":6},{"damage":8,"enemies":"Spire Growth","floor":46,"turns":2},{"damage":0,"enemies":"Transient","floor":47,"turns":5},{"damage":31,"enemies":"Donu and Deca","floor":50,"turns":5}],"seed_played":"5882109223378372730","potions_obtained":[{"floor":1.0,"key":"AttackPotion"},{"floor":10.0,"key":"Regen Potion"},{"floor":14.0,"key":"Dexterity Potion"},{"floor":16.0,"key":"BlessingOfTheForge"},{"floor":18.0,"key":"ColorlessPotion"},{"floor":28.0,"key":"Strength Potion"},{"floor":33,"key":"EntropicBrew"},{"floor":35,"key":"BlessingOfTheForge"},{"floor":36,"key":"DistilledChaos"}],"is_trial":false,"path_per_floor":["M","?","?","?","?","R","M","R","T","M","M","M","?","E","R","B",null,"M","$","M","M","?","R","$","M","T","R","M","M","?","E","R","B",null,"M","?","$","?","?","R","M","R","T","R","M","M","M","$","R","B",null],"character_chosen":"IRONCLAD","items_purchased":["Brimstone","Inflame","Fruit Juice","Membership Card","Potion Belt","Twin Strike","Regen Potion","DollysMirror"],"campfire_rested":1,"item_purchase_floors":[19,24,24,37,37,48,48,48],"current_hp_per_floor":[62,39,39,28,28,28,34,34,34,36,42,44,37,33,33,8,58,47,47,45,44,44,44,54,60,67,67,73,76,76,79,79,11,68,68,50,50,70,70,70,52,52,52,52,34,42,48,48,78,82],"gold":14,"neow_bonus":"ONE_RANDOM_RARE_CARD","is_daily":false,"chose_seed":false,"campfire_upgraded":9,"win_rate":0.0,"timestamp":1613305641,"path_taken":["M","?","?","?","?","R","?","R","T","M","M","M","?","E","R","BOSS","M","$","M","M","?","R","$","M","T","R","M","M","?","E","R","BOSS","M","?","$","?","?","R","?","R","T","R","M","M","M","$","R","BOSS"],"items_purchased_type":["Relic","Card","Potion","Relic","Relic","Card","Potion","Relic"],"build_version":"2020-12-22","purchased_purges":3,"victory":true,"max_hp_per_floor":[75,75,75,75,75,75,75,75,75,75,75,75,75,75,75,75,75,75,75,75,75,75,75,80,80,87,87,87,87,87,87,87,87,87,87,87,87,101,101,101,101,101,101,101,101,101,101,101,101,101],"card_choices":[{"not_picked":["Pommel Strike","Carnage"],"picked":"Seeing Red","floor":1.0},{"not_picked":["Havoc","Wild Strike"],"picked":"Intimidate","floor":7.0},{"not_picked":["Clothesline","Spot Weakness"],"picked":"Whirlwind","floor":10.0},{"not_picked":["Feel No Pain","Clothesline"],"picked":"Armaments","floor":11.0},{"not_picked":["Pommel Strike","Anger"],"picked":"Iron Wave","floor":12.0},{"not_picked":["Bloodletting","Heavy Blade"],"picked":"Shockwave","floor":14.0},{"not_picked":["Corruption","Exhume"],"picked":"Bludgeon","floor":16.0},{"not_picked":["Armaments","Warcry+1","Thunderclap"],"picked":"SKIP","floor":18.0},{"not_picked":["Body Slam","Carnage"],"picked":"Flex","floor":20.0},{"not_picked":["Metallicize","Dual Wield"],"picked":"Rage","floor":21.0},{"not_picked":["Shrug It Off","Second Wind","Headbutt"],"picked":"SKIP","floor":25.0},{"not_picked":["Iron Wave","Metallicize","Headbutt"],"picked":"SKIP","floor":28.0},{"not_picked":["Flex","Sentinel","Rupture"],"picked":"SKIP","floor":29.0},{"not_picked":["Searing Blow","Evolve"],"picked":"Battle Trance","floor":31},{"not_picked":["Berserk","Brutality"],"picked":"Demon Form","floor":33},{"not_picked":["Hemokinesis+1","Havoc","Headbutt"],"picked":"SKIP","floor":35},{"not_picked":["Flex+1","Battle Trance+1"],"picked":"Sword Boomerang+1","floor":36},{"not_picked":["Carnage+1","Rupture","Flame Barrier"],"picked":"SKIP","floor":41},{"not_picked":["Sword Boomerang","Thunderclap"],"picked":"Heavy Blade","floor":45},{"not_picked":["Second Wind+1","Flex+1","Clothesline"],"picked":"SKIP","floor":46},{"not_picked":["Combust","Reckless Charge","Blood for Blood+1"],"picked":"SKIP","floor":47}],"player_experience":987402,"relics_obtained":[{"floor":9.0,"key":"Bag of Marbles"},{"floor":14.0,"key":"InkBottle"},{"floor":26.0,"key":"Strawberry"},{"floor":31,"key":"Vajra"},{"floor":36,"key":"CaptainsWheel"},{"floor":38,"key":"Mango"},{"floor":43,"key":"Self Forming Clay"}],"event_choices":[{"damage_healed":0.0,"max_hp_gain":0.0,"max_hp_loss":0.0,"gold_gain":0.0,"event_name":"Shining Light","player_choice":"Entered Light","floor":2.0,"gold_loss":0.0,"damage_taken":23.0,"cards_upgraded":["Strike_R","Defend_R"]},{"damage_healed":0.0,"max_hp_gain":0.0,"max_hp_loss":0.0,"gold_gain":0.0,"event_name":"Golden Idol","player_choice":"Take Wound","floor":3.0,"gold_loss":0.0,"damage_taken":0.0,"relics_obtained":["Golden Idol"],"cards_obtained":["Injury"]},{"damage_healed":0.0,"max_hp_gain":0.0,"max_hp_loss":0.0,"gold_gain":0.0,"event_name":"Scrap Ooze","player_choice":"Success","floor":4.0,"gold_loss":0.0,"damage_taken":11.0,"relics_obtained":["Toy Ornithopter"]},{"cards_removed":["Injury"],"damage_healed":0.0,"max_hp_gain":0.0,"max_hp_loss":0.0,"gold_gain":0.0,"event_name":"Bonfire Elementals","player_choice":"Offered Curse","floor":5.0,"gold_loss":0.0,"damage_taken":0.0,"relics_obtained":["Spirit Poop"]},{"cards_removed":["Strike_R"],"damage_healed":0.0,"max_hp_gain":0.0,"max_hp_loss":0.0,"gold_gain":0.0,"event_name":"Golden Wing","player_choice":"Card Removal","floor":13.0,"gold_loss":0.0,"damage_taken":7.0},{"damage_healed":0.0,"max_hp_gain":0.0,"max_hp_loss":0.0,"gold_gain":0.0,"event_name":"Drug Dealer","player_choice":"Inject Mutagens","floor":22.0,"gold_loss":0.0,"damage_taken":0.0,"relics_obtained":["MutagenicStrength"]},{"damage_healed":0.0,"max_hp_gain":0.0,"max_hp_loss":0.0,"gold_gain":0.0,"event_name":"The Mausoleum","player_choice":"Ignored","floor":30.0,"gold_loss":0.0,"damage_taken":0.0},{"damage_healed":0,"gold_gain":0,"player_choice":"Fight","damage_taken":0,"max_hp_gain":0,"max_hp_loss":0,"event_name":"Mysterious Sphere","floor":36,"gold_loss":0},{"damage_healed":0,"gold_gain":0,"player_choice":"Fight","damage_taken":0,"max_hp_gain":0,"max_hp_loss":0,"event_name":"MindBloom","floor":38,"gold_loss":0},{"damage_healed":0,"gold_gain":50,"player_choice":"Pray","damage_taken":0,"max_hp_gain":0,"max_hp_loss":0,"event_name":"Golden Shrine","floor":39,"gold_loss":0}],"is_beta":false,"boss_relics":[{"not_picked":["Tiny House","Fusion Hammer"],"picked":"Mark of Pain"},{"not_picked":["Astrolabe","Empty Cage"],"picked":"Pandora\u0027s Box"}],"items_purged_floors":[19,37,48],"is_endless":false,"potions_floor_spawned":[1,10,11,14,16,18,20,28,33,35,36],"ascension_level":15}}