{"host":"sum4dy402bbv9y4o","time":1613328569,"event":{"mods":["Aspiration","BaseMod","Conspire","Highlight Path","Minty Spire (QoL Compilation)","StSLib"],"gold_per_floor":[116,24,24,41,51,84,99,110,110,110,124,124,124,124,124,200,200,219,219,19,37,57,89,89,117,192,206,206,13,27,44,44,119,169,189,199,213,230,248,248,278,278,302,302,76,86,102,102,102],"floor_reached":48,"language":"ENG","playtime":2058,"items_purged":["conspire:GhostlyStrike","conspire:GhostlyDefend","conspire:GhostlyStrike"],"score":1041,"play_id":"0942886d-6f27-4251-bffe-01642cd9872a","local_time":"20210214214929","is_ascension_mode":true,"campfire_choices":[{"floor":10,"key":"REST"},{"data":"TalkToTheHand","floor":12,"key":"SMITH"},{"data":"Eruption","floor":15,"key":"SMITH"},{"floor":24,"key":"REST"},{"floor":28,"key":"REST"},{"floor":32,"key":"REST"},{"floor":40,"key":"REST"},{"floor":42,"key":"REST"},{"floor":44,"key":"REST"}],"circlet_count":0,"master_deck":["AscendersBane","conspire:GhostlyStrike","conspire:GhostlyDefend","conspire:GhostlyDefend","conspire:GhostlyDefend","Eruption+1","Vigilance+1","JustLucky","TalkToTheHand+1","FollowUp","EmptyFist","Tantrum","SandsOfTime","EmptyFist","FearNoEvil","Conclude","BowlingBash+1","MentalFortress","Weave+1","Halt","Tantrum","TalkToTheHand","EmptyFist+1","LikeWater","Halt","Consecrate","MentalFortress","FlurryOfBlows","EmptyBody+1","EmptyBody","FlurryOfBlows","LikeWater","CutThroughFate","SashWhip","TalkToTheHand"],"relics":["PureWater","Pantograph","Mercury Hourglass","aspiration:SecretTechniqueScroll","TungstenRod","Orichalcum","conspire:BottledYoYo","Tiny House","conspire:TopHat","Anchor"],"acts_visited":["Exordium","TheCity","TheBeyond"],"potions_floor_usage":[7,16,18,25,30,33,37,39,41,41,47,48],"damage_taken":[{"damage":0,"enemies":"Jaw Worm","floor":1,"turns":3},{"damage":0,"enemies":"2 Louse","floor":4,"turns":1},{"damage":0,"enemies":"Cultist","floor":5,"turns":4},{"damage":47,"enemies":"3 Sentries","floor":6,"turns":7},{"damage":5,"enemies":"Gremlin Gang","floor":7,"turns":3},{"damage":5,"enemies":"3 Louse","floor":8,"turns":4},{"damage":14,"enemies":"Exordium Thugs","floor":11,"turns":3},{"damage":28,"enemies":"The Guardian","floor":16,"turns":6},{"damage":1,"enemies":"2 Thieves","floor":18,"turns":3},{"damage":12,"enemies":"Shell Parasite","floor":21,"turns":3},{"damage":0,"enemies":"Snecko","floor":22,"turns":3},{"damage":7,"enemies":"Book of Stabbing","floor":23,"turns":4},{"damage":42,"enemies":"Gremlin Leader","floor":25,"turns":4},{"damage":0,"enemies":"3 Cultists","floor":27,"turns":3},{"damage":11,"enemies":"Centurion and Healer","floor":30,"turns":2},{"damage":0,"enemies":"Sentry and Sphere","floor":31,"turns":4},{"damage":12,"enemies":"Champ","floor":33,"turns":11},{"damage":10,"enemies":"Orb Walker","floor":35,"turns":3},{"damage":14,"enemies":"3 Shapes","floor":36,"turns":4},{"damage":0,"enemies":"Transient","floor":37,"turns":6},{"damage":6,"enemies":"3 Darklings","floor":38,"turns":5},{"damage":24,"enemies":"4 Shapes","floor":39,"turns":4},{"damage":41,"enemies":"Nemesis","floor":41,"turns":7},{"damage":6,"enemies":"Jaw Worm Horde","floor":46,"turns":5},{"damage":27,"enemies":"Transient","floor":47,"turns":6},{"damage":68,"enemies":"Giant Head","floor":48,"turns":5}],"seed_played":"-3262802310157539276","potions_obtained":[{"floor":6,"key":"Swift Potion"},{"floor":8,"key":"AttackPotion"},{"floor":11,"key":"SneckoOil"},{"floor":16,"key":"BlessingOfTheForge"},{"floor":18,"key":"SpeedPotion"},{"floor":21,"key":"SpeedPotion"},{"floor":27,"key":"Energy Potion"},{"floor":31,"key":"FairyPotion"},{"floor":34,"key":"Strength Potion"},{"floor":37,"key":"BottledMiracle"},{"floor":38,"key":"SkillPotion"},{"floor":39,"key":"SkillPotion"},{"floor":46,"key":"conspire:TimeTravelPotion"},{"floor":47,"key":"Energy Potion"}],"is_trial":false,"path_per_floor":["M","$","?","M","M","E","M","M","T","R","M","R","?","?","R","B",null,"M","?","$","M","M","E","R","E","T","M","R","$","M","M","R","B",null,"M","M","M","M","M","R","E","R","T","R","$","M","M","E"],"character_chosen":"WATCHER","items_purchased":["TalkToTheHand","FollowUp","MentalFortress","Weave","LikeWater","Halt","LikeWater","CutThroughFate"],"campfire_rested":7,"item_purchase_floors":[2,2,20,20,29,29,45,45],"current_hp_per_floor":[67,67,67,67,67,20,15,10,10,32,18,18,14,7,7,4,57,56,56,56,44,44,37,59,17,17,17,39,39,28,28,50,62,76,66,52,52,46,22,45,4,27,27,50,50,44,43,0,0],"gold":102,"neow_bonus":"TEN_PERCENT_HP_BONUS","is_daily":false,"chose_seed":false,"campfire_upgraded":2,"win_rate":0.0,"timestamp":1613328569,"path_taken":["M","$","?","M","M","E","M","M","T","R","M","R","?","?","R","BOSS","M","?","$","M","M","E","R","E","T","M","R","$","M","M","R","BOSS","M","?","?","M","M","R","E","R","T","R","$","M","M","E"],"items_purchased_type":["Card","Card","Card","Card","Card","Card","Card","Card"],"build_version":"2020-12-22","purchased_purges":3,"victory":false,"max_hp_per_floor":[74,74,74,74,74,74,74,74,74,74,74,74,74,74,74,74,74,74,74,74,74,74,74,74,74,74,74,74,74,74,74,74,74,79,79,79,79,79,79,79,79,79,79,79,79,79,79,79,79],"card_choices":[{"not_picked":["FlyingSleeves","Evaluate"],"picked":"JustLucky","floor":1},{"not_picked":["Protect","Study"],"picked":"EmptyFist","floor":4},{"not_picked":["EmptyBody","BowlingBash"],"picked":"Tantrum","floor":5},{"not_picked":["Ragnarok","InnerPeace"],"picked":"SandsOfTime","floor":6},{"not_picked":["BowlingBash","CarveReality"],"picked":"EmptyFist","floor":7},{"not_picked":["Evaluate","JustLucky"],"picked":"FearNoEvil","floor":8},{"not_picked":["EmptyFist","Evaluate"],"picked":"Conclude","floor":11},{"not_picked":["Collect","CutThroughFate"],"picked":"BowlingBash+1","floor":18},{"not_picked":["CrushJoints","SashWhip"],"picked":"Halt","floor":21},{"not_picked":["CutThroughFate","Worship","Fasting2"],"picked":"SKIP","floor":22},{"not_picked":["CrushJoints","EmptyBody"],"picked":"Tantrum","floor":23},{"not_picked":["Adaptation","DeusExMachina"],"picked":"TalkToTheHand","floor":25},{"not_picked":["Crescendo","BowlingBash"],"picked":"EmptyFist+1","floor":27},{"not_picked":["ClearTheMind","Tantrum"],"picked":"Consecrate","floor":30},{"not_picked":["Consecrate","Prostrate"],"picked":"MentalFortress","floor":31},{"not_picked":["PathToVictory","Pray","ThirdEye"],"picked":"SKIP","floor":35},{"not_picked":["CrushJoints+1","LikeWater"],"picked":"FlurryOfBlows","floor":36},{"not_picked":["Protect","Prostrate"],"picked":"EmptyBody+1","floor":37},{"not_picked":["ClearTheMind","Judgement","Swivel"],"picked":"SKIP","floor":38},{"not_picked":["Crescendo","CutThroughFate"],"picked":"EmptyBody","floor":39},{"not_picked":["Meditate","CutThroughFate"],"picked":"FlurryOfBlows","floor":41},{"not_picked":["ClearTheMind","EmptyFist"],"picked":"SashWhip","floor":46},{"not_picked":["SashWhip","Brilliance"],"picked":"TalkToTheHand","floor":47}],"player_experience":3101989,"relics_obtained":[{"floor":6,"key":"Pantograph"},{"floor":9,"key":"Mercury Hourglass"},{"floor":23,"key":"TungstenRod"},{"floor":25,"key":"Orichalcum"},{"floor":26,"key":"conspire:BottledYoYo"},{"floor":41,"key":"conspire:TopHat"},{"floor":43,"key":"Anchor"}],"event_choices":[{"damage_healed":0,"gold_gain":0,"player_choice":"Agree","damage_taken":0,"max_hp_gain":0,"max_hp_loss":0,"event_name":"conspire:LoneGhost","floor":3,"gold_loss":0},{"damage_healed":0,"gold_gain":0,"player_choice":"Leave","damage_taken":0,"max_hp_gain":0,"max_hp_loss":0,"event_name":"conspire:Investor","floor":13,"gold_loss":0},{"cards_removed":["conspire:GhostlyStrike"],"damage_healed":0,"gold_gain":0,"player_choice":"Card Removal","damage_taken":7,"max_hp_gain":0,"max_hp_loss":0,"event_name":"Golden Wing","floor":14,"gold_loss":0},{"damage_healed":0,"gold_gain":0,"player_choice":"Upgraded","damage_taken":0,"max_hp_gain":0,"max_hp_loss":0,"event_name":"Upgrade Shrine","floor":19,"gold_loss":0,"cards_upgraded":["Vigilance"]}],"is_beta":false,"boss_relics":[{"not_picked":["Snecko Eye","Runic Pyramid"],"picked":"aspiration:SecretTechniqueScroll"},{"not_picked":["aspiration:RandomNobGenerator","Sozu"],"picked":"Tiny House"}],"items_purged_floors":[20,29,45],"is_endless":false,"potions_floor_spawned":[6,8,11,16,18,21,27,31,37,38,39,46,47],"killed_by":"Giant Head","ascension_level":20}}