{"host":"3y2rtlgteqp2nuo3","time":1613302818,"event":{"mods":["2.2 Compatiblity","AchievementEnabler","BaseMod","Colored Map","DeckTracker","Highlight Path","Keyboard Shortcuts","Minty Spire (QoL Compilation)","Permanent Neow","Quick Restart","StSLib","SuperFastMode","everything is the same but u backflip on backflip"],"gold_per_floor":[114,133,148,165,181,181,181,181],"floor_reached":7,"language":"KOR","playtime":103,"items_purged":[],"score":74,"play_id":"48c1853b-96e3-415f-9643-64d4811ef98e","local_time":"20210214204018","is_ascension_mode":true,"campfire_choices":[{"data":"Offering","floor":6,"key":"SMITH"}],"circlet_count":0,"master_deck":["AscendersBane","Strike_R","Strike_R","Strike_R","Strike_R","Strike_R","Defend_R","Defend_R","Defend_R","Defend_R","Bash","Offering+1","Heavy Blade","Thunderclap","Shockwave","Evolve","Whirlwind"],"relics":["Burning Blood"],"acts_visited":["Exordium"],"potions_floor_usage":[4],"damage_taken":[{"damage":9.0,"enemies":"2 Louse","floor":1.0,"turns":2.0},{"damage":6.0,"enemies":"Small Slimes","floor":2.0,"turns":2.0},{"damage":10.0,"enemies":"Jaw Worm","floor":3.0,"turns":3.0},{"damage":27,"enemies":"Gremlin Gang","floor":4,"turns":3},{"damage":27,"enemies":"Blue Slaver","floor":5,"turns":4},{"damage":25,"enemies":"3 Sentries","floor":7,"turns":2}],"seed_played":"-209580916513551377","potions_obtained":[{"floor":1.0,"key":"Fire Potion"}],"is_trial":false,"path_per_floor":["M","M","M","M","M","R","E"],"character_chosen":"IRONCLAD","items_purchased":[],"campfire_rested":0,"item_purchase_floors":[],"current_hp_per_floor":[69,69,65,44,23,23,0,0],"gold":181,"neow_bonus":"ONE_RANDOM_RARE_CARD","is_daily":false,"chose_seed":false,"campfire_upgraded":1,"win_rate":0.0,"timestamp":1613302818,"path_taken":["M","M","M","M","M","R","E"],"items_purchased_type":[],"build_version":"2020-12-22","purchased_purges":0,"victory":false,"max_hp_per_floor":[80,80,80,80,80,80,80,80],"card_choices":[{"not_picked":["Searing Blow","Cleave"],"picked":"Heavy Blade","floor":1.0},{"not_picked":["Iron Wave","Clothesline"],"picked":"Thunderclap","floor":2.0},{"not_picked":["Flex","Infernal Blade"],"picked":"Shockwave","floor":3.0},{"not_picked":["Seeing Red","Warcry"],"picked":"Evolve","floor":4},{"not_picked":["Shockwave","Iron Wave"],"picked":"Whirlwind","floor":5}],"player_experience":787265,"relics_obtained":[],"event_choices":[],"is_beta":false,"boss_relics":[],"items_purged_floors":[],"is_endless":false,"potions_floor_spawned":[1],"killed_by":"3 Sentries","ascension_level":13}}