{"host":"8ztb9kwpjc2zof9s","time":1613296302,"event":{"mods":["BaseMod","Block Reminder","Curses Come First","Minty Spire (QoL Compilation)","Relic Stats","StSLib"],"gold_per_floor":[115,126,142,154,168,199,217,217,286,286,286],"floor_reached":10,"language":"ENG","playtime":392,"items_purged":[],"score":112,"play_id":"f29089b1-8149-450c-8f0a-4bd9a89047a1","local_time":"20210214015142","is_ascension_mode":true,"campfire_choices":[{"data":"1","floor":8,"key":"LIFT"}],"circlet_count":0,"master_deck":["AscendersBane","Strike_G","Strike_G","Strike_G","Strike_G","Strike_G","Defend_G","Defend_G","Defend_G","Defend_G","Defend_G","Survivor","Neutralize","Escape Plan","Dagger Spray","Escape Plan","Cloak And Dagger","Adrenaline","Blade Dance"],"relics":["Ring of the Snake","NeowsBlessing","Girya","Darkstone Periapt"],"acts_visited":["Exordium"],"potions_floor_usage":[5,5,6,6,10],"damage_taken":[{"damage":0,"enemies":"Jaw Worm","floor":1,"turns":1},{"damage":0,"enemies":"2 Louse","floor":2,"turns":1},{"damage":0,"enemies":"Small Slimes","floor":3,"turns":1},{"damage":2,"enemies":"2 Fungi Beasts","floor":4,"turns":4},{"damage":0,"enemies":"3 Louse","floor":5,"turns":3},{"damage":26,"enemies":"3 Sentries","floor":6,"turns":11},{"damage":4,"enemies":"Large Slime","floor":7,"turns":8},{"damage":31,"enemies":"Lagavulin","floor":10,"turns":6}],"seed_played":"5547550954672812912","potions_obtained":[{"floor":1,"key":"DistilledChaos"},{"floor":3,"key":"EntropicBrew"},{"floor":7,"key":"Poison Potion"}],"is_trial":false,"path_per_floor":["M","M","M","M","M","E","M","R","T","E"],"character_chosen":"THE_SILENT","items_purchased":[],"campfire_rested":0,"item_purchase_floors":[],"current_hp_per_floor":[63,63,63,61,61,35,31,31,31,0,0],"gold":286,"neow_bonus":"THREE_ENEMY_KILL","is_daily":false,"chose_seed":false,"campfire_upgraded":0,"win_rate":0.0,"timestamp":1613296302,"path_taken":["M","M","M","M","M","E","M","R","T","E"],"items_purchased_type":[],"build_version":"2020-12-22","purchased_purges":0,"victory":false,"max_hp_per_floor":[70,70,70,70,70,70,70,70,70,70,70],"relic_stats":{"Darkstone Periapt":0,"counters":[8,35],"obtain_stats":[{"Darkstone Periapt":9,"Girya":6,"NeowsBlessing":0,"Ring of the Snake":0},{"Darkstone Periapt":7,"Girya":6,"NeowsBlessing":0,"Ring of the Snake":0},{"Darkstone Periapt":29,"Girya":21,"NeowsBlessing":0,"Ring of the Snake":0}],"Ring of the Snake":[16]},"card_choices":[{"not_picked":["Calculated Gamble","Heel Hook"],"picked":"Escape Plan","floor":1},{"not_picked":["All Out Attack","Deflect"],"picked":"Dagger Spray","floor":2},{"not_picked":["Expertise","Bane"],"picked":"Escape Plan","floor":3},{"not_picked":["Eviscerate","Flying Knee"],"picked":"Cloak And Dagger","floor":4},{"not_picked":["Bane","Deflect","Calculated Gamble"],"picked":"SKIP","floor":5},{"not_picked":["Quick Slash","Riddle With Holes"],"picked":"Adrenaline","floor":6},{"not_picked":["Acrobatics","Endless Agony"],"picked":"Blade Dance","floor":7}],"player_experience":335196,"relics_obtained":[{"floor":6,"key":"Girya"},{"floor":9,"key":"Darkstone Periapt"}],"event_choices":[],"is_beta":false,"boss_relics":[],"items_purged_floors":[],"is_endless":false,"potions_floor_spawned":[1,3,7],"killed_by":"Lagavulin","ascension_level":11}}