{"host":"0unxf5n5bucfuoy7","time":1613276965,"event":{"mods":["Act Like it!","AlwaysNeverKeys","Aspiration","Astrologer","BaseMod","Better Altar","Better Match","Better Note","Better Sensory Stone","Better Third Choice","Better Vampires","Conspire","Custom Start","DeckTracker","Downfall","Elementarium","Friendly Minions","GifTheSpireLib","Hallownest","Hubris","Infinite Spire","Minty Spire (QoL Compilation)","Permanent Neow","Potionbrewer","Quick Restart","Random Character Button","Replay The Spire","Spikes Relics","StSLib","The Bug Knight","The Death Knight","The Exalted","The Hierophant","The Spell Scribe","Transform Curses","Virulent Crown","Wandering Minibosses"],"gold_per_floor":[118,135,135,145,165,165,181,181,181,181,201,218,218,218],"floor_reached":13,"language":"ENG","playtime":742,"items_purged":[],"score":79,"play_id":"ed209dfc-87cf-45d2-a416-8fe17dab19c5","local_time":"20210213232925","is_ascension_mode":false,"campfire_choices":[{"data":"DeathKnight:RuneStrike","floor":6,"key":"SMITH"}],"circlet_count":0,"master_deck":["DeathKnight:Strike_DeathKnight","DeathKnight:Strike_DeathKnight","DeathKnight:Strike_DeathKnight","DeathKnight:Strike_DeathKnight","DeathKnight:Defend_DeathKnight","DeathKnight:Defend_DeathKnight","DeathKnight:Defend_DeathKnight","DeathKnight:Defend_DeathKnight","DeathKnight:Defend_DeathKnight","DeathKnight:RuneTap","DeathKnight:RuneStrike+1","DeathKnight:Rot","DeathKnight:Hemostasis","DeathKnight:BoneShield","DeathKnight:BludPresence","DeathKnight:PlagueStrike","DeathKnight:UnholyFrenzy","DeathKnight:Culling"],"relics":["DeathKnight:BrokenRuneblade","aspiration:Nostalgia","Iron Core","hubris:SphereOfDissonance"],"acts_visited":["Exordium"],"potions_floor_usage":[5,13],"damage_taken":[{"damage":0,"enemies":"2 Louse","floor":1,"turns":3},{"damage":5,"enemies":"Cultist","floor":2,"turns":4},{"damage":14,"enemies":"Small Slimes","floor":4,"turns":5},{"damage":12,"enemies":"Gremlin Gang","floor":5,"turns":7},{"damage":31,"enemies":"Large Slime","floor":7,"turns":8},{"damage":16,"enemies":"3 Louse","floor":11,"turns":5},{"damage":8,"enemies":"Lots of Slimes","floor":12,"turns":5},{"damage":17,"enemies":"3 Sentries","floor":13,"turns":6}],"seed_played":"-1722909721407096986","potions_obtained":[{"floor":2,"key":"SkillPotion"},{"floor":7,"key":"potionbrewer:InfectionPotion"},{"floor":11,"key":"DistilledChaos"}],"is_trial":false,"path_per_floor":["M","M","?","M","M","R","M","?","T","?","M","M","E"],"character_chosen":"DEATH_KNIGHT","items_purchased":[],"campfire_rested":0,"item_purchase_floors":[],"current_hp_per_floor":[75,70,70,56,44,44,13,13,13,85,69,61,44,44],"gold":218,"neow_bonus":"NOSTALGIA","is_daily":false,"chose_seed":false,"campfire_upgraded":1,"win_rate":0.0,"timestamp":1613276965,"path_taken":["M","M","?","?","M","R","M","?","T","?","?","M","E"],"items_purchased_type":[],"build_version":"2020-12-22","purchased_purges":0,"victory":false,"max_hp_per_floor":[75,75,75,75,75,75,75,75,75,85,85,85,85,85],"card_choices":[{"not_picked":["Warcry","ReplayReversal"],"picked":"DeathKnight:Rot","floor":1},{"not_picked":["DeathKnight:IceboundArmor","Hologram"],"picked":"DeathKnight:Hemostasis","floor":2},{"not_picked":["DeathKnight:DeathGrip","DeathKnight:DeathCoil"],"picked":"DeathKnight:BoneShield","floor":4},{"not_picked":["DeathKnight:UnholyPresence","Iron Wave"],"picked":"DeathKnight:BludPresence","floor":5},{"not_picked":["ReplayReversal","DeathKnight:BloodBoil"],"picked":"DeathKnight:PlagueStrike","floor":7},{"not_picked":["DeathKnight:Ossuary","DeathKnight:BludPresence"],"picked":"DeathKnight:UnholyFrenzy","floor":11},{"not_picked":["ReplayTheSpireMod:Muscle Training","Limit Break"],"picked":"DeathKnight:Culling","floor":12}],"player_experience":129002,"relics_obtained":[{"floor":9,"key":"hubris:SphereOfDissonance"}],"event_choices":[{"damage_healed":0,"gold_gain":0,"player_choice":"Bought 0 Potions","damage_taken":0,"max_hp_gain":0,"max_hp_loss":0,"event_name":"The Woman in Blue","floor":3,"gold_loss":0},{"damage_healed":0,"gold_gain":0,"cards_transformed":["DeathKnight:Strike_DeathKnight"],"player_choice":"Change","damage_taken":0,"max_hp_gain":0,"max_hp_loss":0,"event_name":"Living Wall","floor":8,"gold_loss":0,"cards_obtained":["Barricade"]},{"cards_removed":["Barricade"],"damage_healed":62,"gold_gain":0,"player_choice":"Offered Rare","damage_taken":0,"max_hp_gain":10,"max_hp_loss":0,"event_name":"Bonfire Elementals","floor":10,"gold_loss":0}],"is_beta":false,"boss_relics":[],"items_purged_floors":[],"is_endless":false,"potions_floor_spawned":[2,7,11],"killed_by":"3 Sentries","ascension_level":0}}