{"host":"epo9t9qajflxsfbx","time":1613275113,"event":{"mods":["Act Like it!","BaseMod","Better Altar","Better Match","Better Note","Better Sensory Stone","Better Skull","Better Third Choice","Better Vampires","BetterRewards","Clockwork Mod","Defuse TimeMaze Blight","Displayed Cursed Tome","Elementarium","Hermit","Highlight Path","Hubris","Infinite Spire","Minty Spire (QoL Compilation)","Quick Restart","Relic Stats","Reliquary","Replay The Spire","Shade Mod","Shop Mod","Somnambulant","StSLib","The Bladedancer","The Cursed","The Hierophant","The Jungle","The Servant 0.9.4","everything is the same but u backflip on backflip"],"gold_per_floor":[116,69,124,136,148,160,212,307,319,354,366,398,410,47,47,172,172,312,95,95,95,95,131,131,207,234,279,279,349,52,125,125,306,306,321,321,177,227,258,294,382,420,420,449,474,515,231,231,231,485,485,503,528,534,534,534,544,624,684,684,712,462,481,554,574,624,704,704,734,754,754,163,163,209,240,328,405,454,554,554],"floor_reached":79,"language":"ENG","playtime":7107,"items_purged":["Purity"],"score":1948,"play_id":"f7382aaa-4f1b-4706-a0c2-76ee4741614a","local_time":"20210213195833","daily_mods":["Heirloom","Flight","DeadlyEvents"],"is_ascension_mode":false,"campfire_choices":[{"floor":6.0,"key":"REST"},{"floor":11.0,"key":"REST"},{"data":"hermit:Gestalt","floor":13.0,"key":"SMITH"},{"floor":15.0,"key":"DIG"},{"floor":24.0,"key":"REST"},{"floor":28.0,"key":"REST"},{"floor":32.0,"key":"DIG"},{"data":"hermit:CalledShot","floor":66,"key":"PURGE"}],"circlet_count":0,"master_deck":["hermit:Strike_Hermit+1","hermit:Strike_Hermit+1","hermit:Strike_Hermit+1","hermit:Strike_Hermit+1","hermit:Defend_Hermit+1","hermit:Defend_Hermit+1","hermit:Defend_Hermit+1","hermit:Defend_Hermit+1","hermit:Snapshot","hermit:Covet","hermit:Quickdraw+1","Injury","hermit:Headshot","hermit:SprayPray","hermit:Deadeye","hermit:Gestalt+1","Panache+1","ReplayTheSpireMod:Uncanny Aura","hermit:DeadOrAlive","hermit:Manifest+1","ReplayTheSpireMod:Private Reserves","hermit:Determination","Shame","hermit:Scavenge","hermit:Spite","infinitespire:FutureSight+1","hermit:HighCaliber+1","hermit:Snipe+1","hermit:Reprieve+1","hermit:BigShot+1","Writhe","hermit:Manifest+1","hermit:BigShot+1","hermit:Determination+1","hermit:SprayPray","hermit:Shortfuse","hermit:GoldenBullet","Sadistic Nature+1","Dramatic Entrance","hermit:Headshot","hermit:HighNoon+1","Injury","hubris:Greed","Spreading Infection","hermit:OverwhelmingPower+1","infinitespire:Starlight","hermit:Desperado","hermit:GoldenBullet","infinitespire:SealOfDarkness+","hermit:BodyArmor","hermit:GhostlyPresence","Replay:Dark Deal","hermit:Glare","hermit:Gestalt","hermit:Coalescence","hermit:Dissolve+1","CurseOfTheBell","hermit:Glare+1","hermit:NoHoldsBarred+1","hubris:Greed","hermit:LowProfile","hubris:Greed","hermit:TakeCover","hubris:Greed","hubris:Greed","hermit:Feint","hermit:TakeCover"],"relics":["hermit:Momento","infinitespire:Golems Mask","betterThird:SlimedRelic","ReplayTheSpireMod:Ring of Challenge","Ring of Misfortune","Golden Idol","reliquary:PurpleTingedLeaf","Eternal Feather","ReplayTheSpireMod:ShopPack","hubris:MobiusCoin","Blood Vial","Fusion Hammer","reliquary:Bookmark","MerchantsRug","Enchiridion","PreservedInsect","Nunchaku","hermit:RyeStalk","Pen Nib","Bottled Flame","hubris:EmptyBottle","Pet Ghost","Question Card","Frozen Egg 2","Coffee Dripper","Bronze Scales","Regal Pillow","Gremlin Horn","ReplayTheSpireMod:Lightbulb","reliquary:PorcupineQuills","Orichalcum","BargainBundle","Replay:Ancient Bell","Toy Ornithopter","hubris:TinFlute","reliquary:OuijaBoard","Ring of Chaos","Potion Belt","Omamori","Meat on the Bone","reliquary:RoseTintedGlasses","reliquary:TuningFork","reliquary:ExpiredCoupon","reliquary:Buckler","ReplayTheSpireMod:CursedCoin","reliquary:TridentHead","infinitespire:Satchel","Calling Bell","infinitespire:Bottled Soul","Omamori","hubris:CuriousFeather","hubris:64BitClover","Guide Book","reliquary:Knoch","TheAbacus","Sozu","Quantum Egg","Replay:Bottled Steam","Replay:PocketPolymizer","reliquary:FerryPass","hubris:BottledRain","Letter Opener"],"acts_visited":["Exordium","TheCity","TheBeyond","Exordium","TheCity"],"potions_floor_usage":[],"damage_taken":[{"damage":6.0,"enemies":"2 Louse","floor":1.0,"turns":2.0},{"damage":4.0,"enemies":"3 Sentries","floor":7.0,"turns":8.0},{"damage":61.0,"enemies":"Lagavulin","floor":8.0,"turns":10.0},{"damage":0.0,"enemies":"Jaw Worm","floor":10.0,"turns":2.0},{"damage":3.0,"enemies":"Small Slimes","floor":12.0,"turns":2.0},{"damage":10.0,"enemies":"Fading Forest","floor":16.0,"turns":11.0},{"damage":4.0,"enemies":"3 Byrds","floor":18.0,"turns":5.0},{"damage":45.0,"enemies":"Gremlin Leader","floor":23.0,"turns":5.0},{"damage":2.0,"enemies":"Slavers","floor":25.0,"turns":4.0},{"damage":1.0,"enemies":"Nightmare","floor":27.0,"turns":5.0},{"damage":8.0,"enemies":"Chosen","floor":29.0,"turns":4.0},{"damage":0.0,"enemies":"Slavers","floor":31.0,"turns":3.0},{"damage":0.0,"enemies":"Champ","floor":33.0,"turns":8.0},{"damage":16.0,"enemies":"3 Darklings","floor":35.0,"turns":4.0},{"damage":0.0,"enemies":"Orb Walker","floor":39.0,"turns":1.0},{"damage":0.0,"enemies":"R_Hoarder","floor":40.0,"turns":8.0},{"damage":7.0,"enemies":"Nightmare","floor":41.0,"turns":6.0},{"damage":0.0,"enemies":"Nemesis","floor":42.0,"turns":3.0},{"damage":3.0,"enemies":"Jaw Worm Horde","floor":44.0,"turns":3.0},{"damage":0.0,"enemies":"R_Hoarder","floor":46.0,"turns":6.0},{"damage":20.0,"enemies":"Awakened One","floor":50.0,"turns":6.0},{"damage":0.0,"enemies":"2 Louse","floor":52.0,"turns":2.0},{"damage":0,"enemies":"Small Slimes","floor":54,"turns":2},{"damage":0,"enemies":"3 Sentries","floor":57,"turns":3},{"damage":0,"enemies":"Gremlin Nob","floor":58,"turns":2},{"damage":36,"enemies":"Nightmare","floor":59,"turns":4},{"damage":0,"enemies":"3 Sentries","floor":61,"turns":2},{"damage":0,"enemies":"Jaw Worm","floor":63,"turns":2},{"damage":0,"enemies":"Gremlin Nob","floor":64,"turns":2},{"damage":0,"enemies":"Blue Slaver","floor":65,"turns":2},{"damage":0,"enemies":"Fading Forest","floor":67,"turns":7},{"damage":0,"enemies":"3 Byrds","floor":69,"turns":2},{"damage":0,"enemies":"Chosen","floor":70,"turns":2},{"damage":0,"enemies":"Nightmare","floor":74,"turns":1},{"damage":1,"enemies":"Book of Stabbing","floor":75,"turns":2},{"damage":2,"enemies":"Slavers","floor":76,"turns":3},{"damage":1,"enemies":"Gremlin Leader","floor":78,"turns":2}],"seed_played":"-4396092075524635974","potions_obtained":[{"floor":8.0,"key":"Fire Potion"},{"floor":12.0,"key":"Energy Potion"},{"floor":16.0,"key":"Swift Potion"},{"floor":29.0,"key":"EssenceOfSteel"},{"floor":31.0,"key":"Languid Potion"},{"floor":33.0,"key":"ColorlessPotion"},{"floor":35.0,"key":"FairyPotion"},{"floor":42.0,"key":"SpeedPotion"},{"floor":46.0,"key":"SteroidPotion"},{"floor":50.0,"key":"SkillPotion"},{"floor":54,"key":"Reflective Coating"},{"floor":63,"key":"Adrenaline Potion"},{"floor":64,"key":"Ancient Potion"}],"is_trial":true,"path_per_floor":["M","?","T","?","?","R","E","E","T","M","R","M","R","$","R","B",null,"M","$","?","?","?","E","R","E","T","NM","R","M","$","E","R","B",null,"M","?","$","?","M","E","NM","E","T","M","T","E","$","?","R","B",null,"M","T","M","AVR","?","E","E","NM","T","E","$","M","E","M","R","B",null,"M","M","?","$","AVR","NM","E","E","T","E","R"],"character_chosen":"HERMIT","items_purchased":["ReplayTheSpireMod:ShopPack","hubris:MobiusCoin","reliquary:Bookmark","MerchantsRug","ReplayTheSpireMod:Private Reserves","hubris:EmptyBottle","Pet Ghost","hermit:BigShot+1","Explosive Potion","Block Potion","BargainBundle","Sadistic Nature+1","Dramatic Entrance","ReplayTheSpireMod:CursedCoin","reliquary:TridentHead","Replay:Dark Deal","hubris:64BitClover","Guide Book","reliquary:Knoch"],"campfire_rested":4,"item_purchase_floors":[14,14,19,19,19,30,30,37,37,37,47,47,47,62,62,62,72,72,72],"current_hp_per_floor":[69,58,58,58,58,75,81,20,20,21,55,53,62,62,71,66,85,82,82,82,66,66,24,64,65,65,68,85,78,78,81,85,85,85,70,70,70,85,85,85,79,82,82,82,82,85,85,85,85,67,85,85,85,85,85,85,85,85,50,50,53,53,72,74,77,85,85,85,85,85,85,85,85,85,84,83,83,84,85,85],"gold":554,"neow_bonus":"","is_daily":false,"chose_seed":false,"campfire_upgraded":1,"win_rate":0.0,"timestamp":1613275113,"path_taken":["M","?","?","?","?","R","?","E","T","?","R","?","R","?","R","BOSS","M","$","?","?","?","E","R","?","T","NM","R","?","$","E","R","BOSS","M","?","$","?","M","E","NM","E","T","?","?","?","$","?","R","BOSS","M","?","?","AVR","?","E","E","NM","T","?","?","?","?","M","R","BOSS","M","M","?","?","AVR","NM","?","E","T","E","R"],"items_purchased_type":["Relic","Relic","Relic","Relic","Card","Relic","Relic","Card","Potion","Potion","Relic","Card","Card","Relic","Relic","Card","Relic","Relic","Relic"],"build_version":"2020-12-22","purchased_purges":1,"victory":false,"max_hp_per_floor":[75,75,75,75,75,75,85,85,85,85,85,85,85,85,85,85,85,85,85,85,85,85,85,85,85,85,85,85,85,85,85,85,85,85,85,85,85,85,85,85,85,85,85,85,85,85,85,85,85,85,85,85,85,85,85,85,85,85,85,85,85,85,85,85,85,85,85,85,85,85,85,85,85,85,85,85,85,85,85,85],"relic_stats":{"Regal Pillow":0,"Gremlin Horn":[21,22],"counters":[37,146],"Golden Idol":450,"Eternal Feather":70,"PreservedInsect":1013,"Pen Nib":[30],"Letter Opener":[0],"Orichalcum":[24],"Question Card":44,"Blood Vial":27,"Sozu":1,"Nunchaku":[30],"TheAbacus":[0],"Bronze Scales":[135],"obtain_stats":[{"reliquary:OuijaBoard":51,"Gremlin Horn":42,"reliquary:FerryPass":76,"Blood Vial":15,"Sozu":73,"hermit:RyeStalk":25,"infinitespire:Golems Mask":0,"Fusion Hammer":17,"hubris:TinFlute":51,"Replay:Bottled Steam":75,"hubris:MobiusCoin":14,"MerchantsRug":19,"Pear":7,"ReplayTheSpireMod:CursedCoin":62,"Eternal Feather":9,"Ring of Chaos":0,"Pen Nib":26,"Replay:Ancient Bell":51,"Letter Opener":78,"Question Card":31,"reliquary:Bookmark":19,"Bottled Flame":27,"reliquary:PorcupineQuills":45,"Bronze Scales":40,"reliquary:Knoch":72,"hermit:Momento":0,"Meat on the Bone":57,"Regal Pillow":41,"Replay:PocketPolymizer":76,"Enchiridion":21,"hubris:EmptyBottle":30,"Pet Ghost":30,"reliquary:TridentHead":62,"Nunchaku":23,"TheAbacus":73,"infinitespire:Bottled Soul":68,"reliquary:Buckler":61,"reliquary:RoseTintedGlasses":58,"hubris:CuriousFeather":68,"Potion Belt":53,"BargainBundle":47,"Golden Idol":5,"hubris:64BitClover":72,"Guide Book":72,"Quantum Egg":74,"PreservedInsect":22,"Omamori":55,"Frozen Egg 2":32,"Orichalcum":46,"MawBank":3,"Calling Bell":68,"reliquary:ExpiredCoupon":60,"betterThird:SlimedRelic":2,"Ring of Misfortune":4,"infinitespire:Satchel":64,"Coffee Dripper":34,"reliquary:TuningFork":59,"ReplayTheSpireMod:Ring of Challenge":4,"ReplayTheSpireMod:Lightbulb":43,"reliquary:PurpleTingedLeaf":8,"Toy Ornithopter":51,"ReplayTheSpireMod:ShopPack":14,"hubris:BottledRain":77},{"reliquary:OuijaBoard":21,"Gremlin Horn":18,"reliquary:FerryPass":36,"Blood Vial":5,"Sozu":33,"hermit:RyeStalk":9,"infinitespire:Golems Mask":0,"Fusion Hammer":6,"hubris:TinFlute":21,"Replay:Bottled Steam":35,"hubris:MobiusCoin":5,"MerchantsRug":7,"Pear":2,"ReplayTheSpireMod:CursedCoin":27,"Eternal Feather":3,"Ring of Chaos":0,"Pen Nib":9,"Replay:Ancient Bell":21,"Letter Opener":37,"Question Card":12,"reliquary:Bookmark":7,"Bottled Flame":10,"reliquary:PorcupineQuills":19,"Bronze Scales":16,"reliquary:Knoch":33,"hermit:Momento":0,"Meat on the Bone":24,"Regal Pillow":17,"Replay:PocketPolymizer":36,"Enchiridion":7,"hubris:EmptyBottle":11,"Pet Ghost":11,"reliquary:TridentHead":27,"Nunchaku":8,"TheAbacus":33,"infinitespire:Bottled Soul":31,"reliquary:Buckler":27,"reliquary:RoseTintedGlasses":25,"hubris:CuriousFeather":31,"Potion Belt":22,"BargainBundle":20,"Golden Idol":1,"hubris:64BitClover":33,"Guide Book":33,"Quantum Egg":34,"PreservedInsect":7,"Omamori":23,"Frozen Egg 2":12,"Orichalcum":20,"MawBank":1,"Calling Bell":31,"reliquary:ExpiredCoupon":26,"betterThird:SlimedRelic":1,"Ring of Misfortune":1,"infinitespire:Satchel":29,"Coffee Dripper":13,"reliquary:TuningFork":26,"ReplayTheSpireMod:Ring of Challenge":1,"ReplayTheSpireMod:Lightbulb":18,"reliquary:PurpleTingedLeaf":3,"Toy Ornithopter":21,"ReplayTheSpireMod:ShopPack":5,"hubris:BottledRain":36},{"reliquary:OuijaBoard":106,"Gremlin Horn":91,"reliquary:FerryPass":144,"Blood Vial":24,"Sozu":138,"hermit:RyeStalk":49,"infinitespire:Golems Mask":0,"Fusion Hammer":35,"hubris:TinFlute":106,"Replay:Bottled Steam":141,"hubris:MobiusCoin":24,"MerchantsRug":40,"Pear":10,"ReplayTheSpireMod:CursedCoin":121,"Eternal Feather":20,"Ring of Chaos":0,"Pen Nib":49,"Replay:Ancient Bell":106,"Letter Opener":146,"Question Card":61,"reliquary:Bookmark":40,"Bottled Flame":54,"reliquary:PorcupineQuills":94,"Bronze Scales":82,"reliquary:Knoch":138,"hermit:Momento":0,"Meat on the Bone":113,"Regal Pillow":88,"Replay:PocketPolymizer":144,"Enchiridion":40,"hubris:EmptyBottle":58,"Pet Ghost":58,"reliquary:TridentHead":121,"Nunchaku":45,"TheAbacus":138,"infinitespire:Bottled Soul":134,"reliquary:Buckler":121,"reliquary:RoseTintedGlasses":115,"hubris:CuriousFeather":134,"Potion Belt":108,"BargainBundle":100,"Golden Idol":2,"hubris:64BitClover":138,"Guide Book":138,"Quantum Egg":139,"PreservedInsect":40,"Omamori":110,"Frozen Egg 2":61,"Orichalcum":100,"MawBank":2,"Calling Bell":134,"reliquary:ExpiredCoupon":119,"betterThird:SlimedRelic":2,"Ring of Misfortune":2,"infinitespire:Satchel":125,"Coffee Dripper":69,"reliquary:TuningFork":119,"ReplayTheSpireMod:Ring of Challenge":2,"ReplayTheSpireMod:Lightbulb":91,"reliquary:PurpleTingedLeaf":20,"Toy Ornithopter":106,"ReplayTheSpireMod:ShopPack":24,"hubris:BottledRain":144}],"Toy Ornithopter":0,"Meat on the Bone":0},"card_choices":[{"not_picked":["hermit:Desperado","hermit:WideOpen"],"picked":"hermit:Quickdraw","floor":1.0},{"not_picked":["hermit:PistolWhip","hermit:Showdown"],"picked":"hermit:Headshot","floor":7.0},{"not_picked":["hermit:Adapt","hermit:Roulette"],"picked":"hermit:SprayPray","floor":8.0},{"not_picked":["hermit:ShadowCloak","hermit:Coalescence"],"picked":"hermit:Deadeye","floor":10.0},{"not_picked":["hermit:Misfire","hermit:BlackWind"],"picked":"hermit:Gestalt","floor":12.0},{"not_picked":["Chrysalis","Thinking Ahead"],"picked":"Panache","floor":14.0},{"not_picked":["Magnetism","Enlightenment"],"picked":"ReplayTheSpireMod:Uncanny Aura","floor":14.0},{"not_picked":["Impatience","ReplayTheSpireMod:Trickstab"],"picked":"Purity","floor":14.0},{"not_picked":["hermit:FinalCanter","hermit:Magnum"],"picked":"hermit:DeadOrAlive","floor":16.0},{"not_picked":["hermit:Dive","hermit:Feint"],"picked":"hermit:Manifest+1","floor":18.0},{"not_picked":["hermit:Midnight+1","hermit:Deadeye"],"picked":"hermit:Scavenge","floor":23.0},{"not_picked":["hermit:Misfire","hermit:HighCaliber"],"picked":"hermit:Spite","floor":25.0},{"not_picked":["infinitespire:SealOfDarkness+","Replay:Fractal Strike"],"picked":"infinitespire:FutureSight","floor":27.0},{"not_picked":["hermit:NoHoldsBarred","hermit:ItchyTrigger"],"picked":"hermit:HighCaliber+1","floor":27.0},{"not_picked":["hermit:RoundhouseKick","hermit:TrackingShot"],"picked":"hermit:Snipe+1","floor":29.0},{"not_picked":["hermit:Horror","hermit:Adapt"],"picked":"hermit:CalledShot","floor":31.0},{"not_picked":["hermit:Roughhouse","hermit:HeroicBravado","hermit:EternalForm+1"],"picked":"hermit:Reprieve","floor":33.0},{"not_picked":["hermit:TrackingShot+1","hermit:Snipe","hermit:BodyArmor"],"picked":"hermit:LuckOfTheDraw","floor":35.0},{"not_picked":["hermit:SprayPray","hermit:Virtue+1","hermit:HoleUp+1"],"picked":"hermit:Manifest+1","floor":39.0},{"not_picked":["hermit:Maintenance+1","hermit:Misfire+1","hermit:ItchyTrigger+1"],"picked":"hermit:BigShot+1","floor":40.0},{"not_picked":["hermit:Malice","hermit:Manifest+1","hermit:Misfire+1"],"picked":"hermit:Determination+1","floor":41.0},{"not_picked":["hermit:Roulette+1","hermit:Midnight+1","hermit:FlashPowder+1"],"picked":"hermit:SprayPray","floor":42.0},{"not_picked":["hermit:Spite","hermit:DeadMansHand","hermit:Vantage+1"],"picked":"hermit:Shortfuse","floor":44.0},{"not_picked":["hermit:Dive","hermit:FlashPowder","hermit:Glare"],"picked":"hermit:GoldenBullet","floor":46.0},{"not_picked":["hermit:OverwhelmingPower+1","hermit:HeroicBravado","hermit:EternalForm+1"],"picked":"hermit:HighNoon+1","floor":50.0},{"not_picked":["hubris:Despair","Replay:Hysterical Blindness","Amnesia"],"picked":"Injury","floor":51.0},{"not_picked":["CurseOfTheBell","Delirium","hubris:Despair"],"picked":"hubris:Greed","floor":51.0},{"not_picked":["Regret","ReplayTheSpireMod:Doomed","Looming Evil"],"picked":"Spreading Infection","floor":51.0},{"not_picked":["hermit:WideOpen","hermit:Ricochet","hermit:SprayPray","hermit:PistolWhip"],"picked":"SKIP","floor":52},{"not_picked":["hermit:Glare","hermit:Manifest","hermit:Headshot"],"picked":"hermit:OverwhelmingPower+1","floor":54},{"not_picked":["hermit:Vantage","hermit:GoldenBullet","hermit:Horror"],"picked":"hermit:Desperado","floor":57},{"not_picked":["hermit:Desperado","hermit:BodyArmor","hermit:Showdown"],"picked":"hermit:GoldenBullet","floor":58},{"not_picked":["infinitespire:SevenWalls","ReplayTheSpireMod:Chaos Vortex"],"picked":"infinitespire:SealOfDarkness+","floor":59},{"not_picked":["hermit:FlashPowder","hermit:Scavenge","hermit:HeroicBravado"],"picked":"hermit:BodyArmor","floor":59},{"not_picked":["hermit:LuckOfTheDraw","hermit:FlashPowder","hermit:Maintenance"],"picked":"hermit:GhostlyPresence","floor":61},{"not_picked":["hermit:Ricochet","hermit:Vantage","hermit:GoldenBullet"],"picked":"hermit:Glare","floor":63},{"not_picked":["hermit:Brawl+1","hermit:Coalescence","hermit:Horror"],"picked":"hermit:Gestalt","floor":64},{"not_picked":["hermit:WideOpen","hermit:CalledShot","hermit:FullyLoaded"],"picked":"hermit:Coalescence","floor":65},{"not_picked":["hermit:HighNoon+1","hermit:DeadOrAlive","hermit:Reprieve"],"picked":"hermit:Dissolve","floor":67},{"not_picked":["hermit:LowProfile","hermit:SprayPray","hermit:CalledShot"],"picked":"hermit:Glare+1","floor":69},{"not_picked":["hermit:HoleUp+1","hermit:TrackingShot","hermit:TakeAim+1"],"picked":"hermit:NoHoldsBarred+1","floor":70},{"not_picked":["hermit:HighNoon+1","hermit:HeroicBravado","hermit:Desperado+1"],"picked":"hermit:LowProfile","floor":74},{"not_picked":["hermit:Misfire","hermit:Showdown","hermit:DeadMansHand+1"],"picked":"hermit:TakeCover","floor":75},{"not_picked":["hermit:Determination+1","hermit:BodyArmor","hermit:DeadMansHand","hermit:Horror"],"picked":"SKIP","floor":76},{"not_picked":["hermit:Misfire","hermit:Brawl+1","hermit:Ricochet"],"picked":"hermit:Feint","floor":78}],"player_experience":293377,"relics_obtained":[{"floor":3.0,"key":"MawBank"},{"floor":4.0,"key":"ReplayTheSpireMod:Ring of Challenge"},{"floor":4.0,"key":"Ring of Misfortune"},{"floor":7.0,"key":"Pear"},{"floor":8.0,"key":"reliquary:PurpleTingedLeaf"},{"floor":9.0,"key":"Eternal Feather"},{"floor":15.0,"key":"Blood Vial"},{"floor":23.0,"key":"Nunchaku"},{"floor":25.0,"key":"hermit:RyeStalk"},{"floor":26.0,"key":"Pen Nib"},{"floor":27.0,"key":"Bottled Flame"},{"floor":31.0,"key":"Question Card"},{"floor":32.0,"key":"Frozen Egg 2"},{"floor":40.0,"key":"Bronze Scales"},{"floor":41.0,"key":"Regal Pillow"},{"floor":42.0,"key":"Gremlin Horn"},{"floor":43.0,"key":"ReplayTheSpireMod:Lightbulb"},{"floor":45.0,"key":"reliquary:PorcupineQuills"},{"floor":46.0,"key":"Orichalcum"},{"floor":53,"key":"Potion Belt"},{"floor":57,"key":"Meat on the Bone"},{"floor":58,"key":"reliquary:RoseTintedGlasses"},{"floor":59,"key":"reliquary:TuningFork"},{"floor":60,"key":"reliquary:ExpiredCoupon"},{"floor":61,"key":"reliquary:Buckler"},{"floor":64,"key":"infinitespire:Satchel"},{"floor":68,"key":"infinitespire:Bottled Soul"},{"floor":68,"key":"Omamori"},{"floor":68,"key":"hubris:CuriousFeather"},{"floor":74,"key":"Quantum Egg"},{"floor":75,"key":"Replay:Bottled Steam"},{"floor":76,"key":"Replay:PocketPolymizer"},{"floor":76,"key":"reliquary:FerryPass"},{"floor":77,"key":"hubris:BottledRain"},{"floor":78,"key":"Letter Opener"}],"event_choices":[{"damage_healed":0.0,"max_hp_gain":0.0,"max_hp_loss":0.0,"gold_gain":0.0,"event_name":"betterThird:BetterGoop","player_choice":"Slimed","floor":2.0,"gold_loss":47.0,"damage_taken":11.0},{"damage_healed":0.0,"max_hp_gain":0.0,"max_hp_loss":0.0,"gold_gain":0.0,"event_name":"Golden Idol","player_choice":"Take Wound","floor":5.0,"gold_loss":0.0,"damage_taken":0.0,"relics_obtained":["Golden Idol"],"cards_obtained":["Injury"]},{"cards_removed":["ReplayTheSpireMod:Uncanny Aura"],"damage_healed":0.0,"max_hp_gain":0.0,"max_hp_loss":0.0,"gold_gain":0.0,"event_name":"betterNote:BetterNote","player_choice":"Take \u0026 Give","floor":20.0,"gold_loss":0.0,"damage_taken":0.0,"cards_obtained":["hermit:Determination"]},{"damage_healed":0.0,"max_hp_gain":0.0,"max_hp_loss":0.0,"gold_gain":0.0,"event_name":"Cursed Tome","player_choice":"Obtained Book","floor":21.0,"gold_loss":0.0,"damage_taken":16.0},{"damage_healed":0.0,"max_hp_gain":0.0,"max_hp_loss":0.0,"gold_gain":0.0,"event_name":"Addict","player_choice":"Stole Relic","floor":22.0,"gold_loss":0.0,"damage_taken":0.0,"relics_obtained":["PreservedInsect"],"cards_obtained":["Shame"]},{"damage_healed":21.0,"max_hp_gain":0.0,"max_hp_loss":0.0,"gold_gain":0.0,"event_name":"Winding Halls","player_choice":"Writhe","floor":38.0,"gold_loss":0.0,"damage_taken":0.0,"cards_obtained":["Writhe"]},{"damage_healed":0.0,"max_hp_gain":0.0,"max_hp_loss":0.0,"gold_gain":0.0,"event_name":"Duplicator","player_choice":"Copied","floor":48.0,"gold_loss":0.0,"damage_taken":0.0,"cards_obtained":["hermit:Headshot"]},{"damage_healed":0,"gold_gain":0,"player_choice":"Simplicity","damage_taken":0,"max_hp_gain":0,"max_hp_loss":7,"event_name":"betterThird:BetterWriting","floor":71,"gold_loss":0}],"is_beta":false,"boss_relics":[{"not_picked":["hermit:DentedPlate","Painkiller Herb"],"picked":"Fusion Hammer"},{"not_picked":["reliquary:Ember","SlaversCollar"],"picked":"Coffee Dripper"},{"not_picked":["Philosopher\u0027s Stone","Runic Dome"],"picked":"Replay:Ancient Bell"},{"not_picked":["CeramicFish","infinitespire:PuzzleCube"],"picked":"Toy Ornithopter"},{"not_picked":["reliquary:Firecrackers","Mercury Hourglass"],"picked":"hubris:TinFlute"},{"not_picked":["Turnip","Thread and Needle"],"picked":"reliquary:OuijaBoard"},{"not_picked":["Kintsugi","hubris:RunicObelisk"],"picked":"Calling Bell"}],"items_purged_floors":[47],"is_endless":true,"potions_floor_spawned":[8,12,16,29,31,33,35,42,46,50,52,54,63,64,67,69,74],"ascension_level":0}}