{"host":"soaz6px0nzwfajlp","time":1613305038,"event":{"mods":["2.2 Compatiblity","AchievementEnabler","Act Like it!","BaseMod","BetterRewards","Downfall","Minty Spire (QoL Compilation)","StSLib","The Bug Knight","[IsaacMod]????"],"gold_per_floor":[111,61,161,161,172,172,189,189,189,189,207,207,207,242,242,342,392,392],"floor_reached":17,"language":"ENG","playtime":502,"items_purged":[],"score":161,"play_id":"52f232e2-d0ea-4bf1-8dfd-30b814ab4758","local_time":"20210214131718","is_ascension_mode":true,"campfire_choices":[{"data":"HollowMod:SlysStrikes","floor":6.0,"key":"SMITH"},{"data":"EpicFetus","floor":8.0,"key":"SMITH"},{"data":"HollowMod:FocusHealStart","floor":10.0,"key":"SMITH"},{"data":"HollowMod:SlysStrikes","floor":15.0,"key":"SMITH"}],"circlet_count":0,"master_deck":["HollowMod:NailStrikeStart+1","HollowMod:NailStrikeStart","HollowMod:NailStrikeStart","HollowMod:QuickDashStart","HollowMod:QuickDashStart","HollowMod:FocusHealStart+1","HollowMod:PogoStrike","EpicFetus+1","HollowMod:ShapeofUnn","HollowMod:CloakDash","HollowMod:SlysStrikes+1","Bomb","HollowMod:InfectedAttack+1","HollowMod:SlysStrikes+1","HollowMod:SlysStrikes","HollowMod:GoodIntentions"],"relics":["HollowMod:VesselMask","HushsDoor","DeathBook","NeowsBlessing","Smiling Mask","Bag of Marbles","Tiny House"],"acts_visited":["Exordium","TheCity"],"potions_floor_usage":[16],"damage_taken":[{"damage":0.0,"enemies":"2 Louse","floor":1.0,"turns":1.0},{"damage":0.0,"enemies":"Small Slimes","floor":5.0,"turns":1.0},{"damage":0.0,"enemies":"Cultist","floor":7.0,"turns":2.0},{"damage":18.0,"enemies":"Red Slaver","floor":11.0,"turns":6.0},{"damage":3.0,"enemies":"Gremlin Nob","floor":14.0,"turns":2.0},{"damage":37,"enemies":"The Guardian","floor":16,"turns":7}],"seed_played":"-7210443204601384165","potions_obtained":[{"floor":1.0,"key":"Slimebound:ThreeZeroPotion"},{"floor":5.0,"key":"PowerPotion"},{"floor":11.0,"key":"sneckomod:MuddlingPotion"},{"floor":17,"key":"Guardian:BlockOnCardUsePotion"}],"is_trial":false,"path_per_floor":["M","?","?","?","M","R","M","R","T","R","M","?","?","E","R","B",null],"character_chosen":"THE_BUGKNIGHT","items_purchased":[],"campfire_rested":0,"item_purchase_floors":[],"current_hp_per_floor":[75,75,75,75,75,75,75,75,75,75,67,67,67,70,70,33,80,80],"gold":392,"neow_bonus":"THREE_ENEMY_KILL","is_daily":false,"chose_seed":false,"campfire_upgraded":4,"win_rate":0.0,"timestamp":1613305038,"path_taken":["M","?","?","?","M","R","M","R","T","R","?","?","?","E","R","BOSS"],"items_purchased_type":[],"build_version":"2020-12-22","purchased_purges":0,"victory":false,"max_hp_per_floor":[75,75,75,75,75,75,75,75,75,75,75,75,75,75,75,75,80,80],"card_choices":[{"not_picked":[],"picked":"EpicFetus","floor":0.0},{"not_picked":["HollowMod:CornifersMapStart","HollowMod:WraithStrike"],"picked":"HollowMod:ShapeofUnn","floor":1.0},{"not_picked":["HollowMod:NewLittleFool","HollowMod:WraithStrike"],"picked":"HollowMod:SlysStrikes","floor":5.0},{"not_picked":["HollowMod:MantisMark","HollowMod:CornifersMapStart"],"picked":"Bomb","floor":7.0},{"not_picked":["HollowMod:DoubleDash","HollowMod:HowlingWraiths"],"picked":"HollowMod:InfectedAttack","floor":11.0},{"not_picked":["HollowMod:MawleksShell","HollowMod:SharpenedShadows"],"picked":"HollowMod:SlysStrikes","floor":14.0},{"not_picked":["HollowMod:VoidDash","HollowMod:ZotesMagnificence"],"picked":"HollowMod:SlysStrikes","floor":16},{"not_picked":["HollowMod:SharpenedShadows","HollowMod:BrokenVessel"],"picked":"HollowMod:GoodIntentions","floor":17}],"player_experience":269236,"relics_obtained":[{"floor":9.0,"key":"Smiling Mask"},{"floor":14.0,"key":"Bag of Marbles"}],"event_choices":[{"cards_removed":["HollowMod:QuickDashStart"],"damage_healed":0.0,"max_hp_gain":0.0,"max_hp_loss":0.0,"gold_gain":0.0,"event_name":"The Cleric","player_choice":"Card Removal","floor":2.0,"gold_loss":50.0,"damage_taken":0.0},{"damage_healed":0.0,"max_hp_gain":0.0,"max_hp_loss":0.0,"gold_gain":0.0,"cards_transformed":["HollowMod:NailStrikeStart"],"event_name":"Transmorgrifier","player_choice":"Transformed","floor":4.0,"gold_loss":0.0,"damage_taken":0.0,"cards_obtained":["HollowMod:CloakDash"]},{"damage_healed":0.0,"max_hp_gain":0.0,"max_hp_loss":0.0,"gold_gain":0.0,"event_name":"Living Wall","player_choice":"Grow","floor":13.0,"gold_loss":0.0,"damage_taken":0.0,"cards_upgraded":["HollowMod:InfectedAttack"]}],"is_beta":false,"boss_relics":[{"not_picked":["bronze:MakeshiftBattery","Empty Cage"],"picked":"Tiny House"},{"not_picked":[]}],"items_purged_floors":[],"is_endless":false,"potions_floor_spawned":[1,5,11],"ascension_level":1}}