{"host":"lg1lbglystyxcosi","time":1613306386,"event":{"mods":["AchievementEnabler","BaseMod","Better Third Choice","BetterRewards","Colored Powertips","Downfall","Minty Spire (QoL Compilation)","Quick Restart","Shop Mod","StSLib","¡¾ÒÅÎï¿¨ÅÆ¡¿REMEMod"],"gold_per_floor":[99,116,133,133,133,143,143,158,66,77,62,77,62,76,90,190,190,190,190],"floor_reached":17,"language":"ZHS","playtime":1291,"items_purged":[],"score":176,"play_id":"be488bfd-9b0c-4b8d-9ba6-9cc7e6b1c0b4","local_time":"20210214203946","is_ascension_mode":false,"campfire_choices":[{"data":"champ:LastStand","floor":1.0,"key":"SMITH"}],"circlet_count":0,"master_deck":["Slimebound:Strike_Slimebound","Slimebound:Strike_Slimebound","Slimebound:Tackle","Slimebound:Defend_Slimebound","Slimebound:Defend_Slimebound","Slimebound:Defend_Slimebound","Slimebound:Split","Slimebound:CorrosiveSpit","champ:LastStand+1","Slimebound:PressTheAttack","Slimebound:SlimeTap","Slimebound:Schlurp","Slimebound:ComboTackle","Slimebound:MassFeed","Slimebound:LeechLife","Slimebound:SplitBruiser","Slimebound:OneTwoCombo","Slimebound:MinionMaster"],"relics":["Slimebound:AbsorbEndCombat","REME_ComplimentaryCards","Gremlin Horn","Empty Cage"],"acts_visited":["Exordium","TheCity"],"potions_floor_usage":[16,16],"damage_taken":[{"damage":4.0,"enemies":"Cultist","floor":2.0,"turns":4.0},{"damage":7.0,"enemies":"Small Slimes","floor":3.0,"turns":3.0},{"damage":1.0,"enemies":"Jaw Worm","floor":6.0,"turns":3.0},{"damage":6.0,"enemies":"Blue Slaver","floor":8.0,"turns":3.0},{"damage":0.0,"enemies":"downfall:FleeingMerchant","floor":9.0,"turns":4.0},{"damage":3.0,"enemies":"3 Louse","floor":10.0,"turns":2.0},{"damage":10.0,"enemies":"downfall:FleeingMerchant","floor":11.0,"turns":4.0},{"damage":3.0,"enemies":"Exordium Wildlife","floor":12.0,"turns":3.0},{"damage":18.0,"enemies":"downfall:FleeingMerchant","floor":13.0,"turns":4.0},{"damage":31.0,"enemies":"Exordium Thugs","floor":14.0,"turns":5.0},{"damage":0.0,"enemies":"3 Louse","floor":15.0,"turns":3.0},{"damage":12,"enemies":"SI_SHIV_ARCHETYPE","floor":16,"turns":5}],"seed_played":"-2454384874461623934","potions_obtained":[{"floor":2.0,"key":"Dexterity Potion"},{"floor":3.0,"key":"SpeedPotion"},{"floor":12.0,"key":"SpeedPotion"},{"floor":14.0,"key":"SteroidPotion"}],"is_trial":false,"path_per_floor":["R","M","M","?","?","M","T","M","$","M","$","M","$","M","M","B",null],"character_chosen":"SLIMEBOUND","items_purchased":["Slimebound:MassFeed"],"campfire_rested":0,"item_purchase_floors":[9],"current_hp_per_floor":[71,69,64,64,69,74,74,72,76,82,74,76,64,35,39,31,85,85,85],"gold":190,"neow_bonus":"TEN_PERCENT_HP_BONUS","is_daily":false,"chose_seed":false,"campfire_upgraded":1,"win_rate":0.0,"timestamp":1613306386,"path_taken":["R","M","M","?","?","M","T","M","$","M","?","M","$","M","M","BOSS"],"items_purchased_type":["Card"],"build_version":"2020-12-22","purchased_purges":0,"victory":false,"max_hp_per_floor":[71,71,71,71,76,76,76,76,76,82,82,85,85,85,85,85,85,85,85],"card_choices":[{"not_picked":["Slimebound:ItLooksTasty","Slimebound:Schlurp"],"picked":"Slimebound:PressTheAttack","floor":2.0},{"not_picked":["Slimebound:SplitMire","Slimebound:PressTheAttack"],"picked":"Slimebound:SlimeTap","floor":3.0},{"not_picked":["Slimebound:LeechEnergy","Slimebound:Prepare"],"picked":"Slimebound:Schlurp","floor":6.0},{"not_picked":["Slimebound:SplitAcid","Slimebound:ProtectTheBoss"],"picked":"Slimebound:ComboTackle","floor":8.0},{"not_picked":["Slimebound:FinishingTackle","Slimebound:SlimeSpikes","Slimebound:Chomp"],"picked":"SKIP","floor":9.0},{"not_picked":["Slimebound:HauntingLick","Slimebound:LeechingTouch"],"picked":"Slimebound:LeechLife","floor":10.0},{"not_picked":["Slimebound:RejuvenatingLick","Slimebound:Prepare"],"picked":"Slimebound:SplitBruiser","floor":11.0},{"not_picked":["Slimebound:Prepare","Slimebound:TongueLash","Slimebound:LeechEnergy"],"picked":"SKIP","floor":12.0},{"not_picked":["Slimebound:SplitBruiser","Slimebound:FinishingTackle"],"picked":"Slimebound:OneTwoCombo","floor":13.0},{"not_picked":["Slimebound:SamplingLick","Slimebound:Prepare","Slimebound:SplitLeeching"],"picked":"SKIP","floor":14.0},{"not_picked":["Slimebound:SpikyOuterGoop","Slimebound:LeadByExample","Slimebound:RejuvenatingLick"],"picked":"SKIP","floor":15.0},{"not_picked":["Slimebound:Teamwork","Slimebound:OneTwoCombo"],"picked":"Slimebound:MinionMaster","floor":16}],"player_experience":253510,"relics_obtained":[{"floor":7.0,"key":"Gremlin Horn"}],"event_choices":[{"damage_healed":0.0,"max_hp_gain":5.0,"max_hp_loss":0.0,"gold_gain":0.0,"event_name":"Big Fish","player_choice":"Donut","floor":5.0,"gold_loss":0.0,"damage_taken":0.0}],"is_beta":false,"boss_relics":[{"not_picked":["Runic Pyramid","SacredBark"],"picked":"Empty Cage"}],"items_purged_floors":[],"is_endless":false,"potions_floor_spawned":[2,3,12,14],"ascension_level":0}}