{"host":"zjc1tzo4ovig5lll","time":1613296044,"event":{"mods":["AchievementEnabler","Aspiration","BaseMod","Beaked The Cultist","Better Altar","Better Match","Better Note","Better Sensory Stone","Colored Map","Colored Powertips","Conspire","Energized Spire","Friendly Minions","GifTheSpireLib","Halation","Hermit","Hubris","Minty Spire (QoL Compilation)","Rare Cards Sparkle","Reliquary","Replay The Spire","StSLib","The Blue Laboratory","The Bug Knight","The Construct","The Jungle","everything is the same but u backflip on backflip"],"gold_per_floor":[113,123,123,123,142,174,174,209,209,209,253,280,297,327,327,427,427,352,130,144,144,161,161,195,195,222,253,23,37,50,60,60,164,164,177,137,157,167,167,167,178,193,216,216,229,49,49,75,75,75,75,75,6,31,31],"floor_reached":56,"language":"ENG","playtime":3997,"items_purged":[],"score":1529,"play_id":"ae1c43db-68bd-471b-a1f3-5aab5a07be6e","local_time":"20210214114724","is_ascension_mode":true,"campfire_choices":[{"data":"beaked:Ceremony","floor":7.0,"key":"SMITH"},{"floor":10.0,"key":"RECALL"},{"floor":15.0,"key":"DIG"},{"data":"beaked:AwakenedForm","floor":23.0,"key":"SMITH"},{"data":"beaked:TuckingFeathers","floor":32,"key":"SMITH"},{"data":"beaked:TuckingFeathers","floor":40,"key":"SMITH"},{"data":"beaked:MaddeningMurmurs","floor":44,"key":"SMITH"},{"data":"beaked:Poke","floor":47,"key":"SMITH"},{"data":"beaked:Poke","floor":52,"key":"SMITH"}],"circlet_count":0,"master_deck":["beaked:Strike_Y","beaked:Strike_Y","beaked:Strike_Y","beaked:Strike_Y","beaked:Strike_Y","beaked:Defend_Y","beaked:Defend_Y","beaked:Defend_Y","beaked:Defend_Y","beaked:Ceremony","beaked:Ceremony","beaked:Ceremony+1","beaked:Insight","beaked:BloodForTheGods+1","beaked:MaddeningMurmurs+1","beaked:TuckingFeathers+1","beaked:BraceForImpact+1","beaked:AwakenedForm+1","beaked:MaddeningMurmurs+1","beaked:Insight","beaked:AwakenedForm+1","beaked:MaddeningMurmurs","beaked:TuckingFeathers+1","beaked:BloodForTheGods+1","beaked:TuckingFeathers+1","beaked:StickSmack+1","Mayhem+1","beaked:Insight","beaked:Poke+1","beaked:Poke+1","ReplayTheSpireMod:Prepare the Ceremony"],"relics":["beaked:MendingPlumage","halation:Toothbrush","Regal Pillow","reliquary:Knoch","ReplayTheSpireMod:Shallot","Nunchaku","aspiration:FutureDiary","Simple Rune","Pear","Blue Doll","conspire:DecoderRing","aspiration:KaomsHeart"],"acts_visited":["Exordium","TheCity","TheBeyond","TheEnding"],"potions_floor_usage":[27,27,50,55,55,55,55],"damage_taken":[{"damage":11.0,"enemies":"2 Louse","floor":1.0,"turns":4.0},{"damage":4.0,"enemies":"Small Slimes","floor":2.0,"turns":5.0},{"damage":32.0,"enemies":"Jaw Worm","floor":5.0,"turns":6.0},{"damage":104.0,"enemies":"3 Sentries","floor":6.0,"turns":10.0},{"damage":64.0,"enemies":"HollowMod:MossKnight","floor":8.0,"turns":9.0},{"damage":97.0,"enemies":"conspire:MimicChest","floor":11.0,"turns":12.0},{"damage":17.0,"enemies":"Replay:BlueRogue","floor":12.0,"turns":7.0},{"damage":15.0,"enemies":"Blue Slaver","floor":13.0,"turns":6.0},{"damage":48.0,"enemies":"HollowMod:MossKnight","floor":14.0,"turns":10.0},{"damage":107.0,"enemies":"Fading Forest","floor":16.0,"turns":11.0},{"damage":26.0,"enemies":"2 Thieves","floor":18.0,"turns":5.0},{"damage":0.0,"enemies":"conspire:FuzzyDice","floor":20.0,"turns":9.0},{"damage":68.0,"enemies":"Chosen and Byrds","floor":22.0,"turns":8.0},{"damage":88.0,"enemies":"Replay:Snechameleon","floor":24.0,"turns":8.0},{"damage":84,"enemies":"Slavers","floor":27,"turns":8},{"damage":45,"enemies":"Snake Plant","floor":29,"turns":6},{"damage":83,"enemies":"Centurion and Healer","floor":30,"turns":8},{"damage":74,"enemies":"Snecko","floor":31,"turns":9},{"damage":221,"enemies":"Collector","floor":33,"turns":14},{"damage":63,"enemies":"3 Darklings","floor":35,"turns":8},{"damage":117,"enemies":"3 Shapes","floor":37,"turns":10},{"damage":200,"enemies":"Writhing Mass","floor":38,"turns":9},{"damage":141,"enemies":"4 Shapes","floor":41,"turns":8},{"damage":138,"enemies":"Maw","floor":42,"turns":7},{"damage":165,"enemies":"Spire Growth","floor":45,"turns":8},{"damage":81,"enemies":"Giant Head","floor":48,"turns":6},{"damage":153,"enemies":"hubris:GrandSnecko","floor":50,"turns":10},{"damage":332,"enemies":"Shield and Spear","floor":54,"turns":8},{"damage":395,"enemies":"The Heart","floor":55,"turns":8}],"seed_played":"5529333012784845982","potions_obtained":[{"floor":5.0,"key":"LiquidBronze"},{"floor":6.0,"key":"Dexterity Potion"},{"floor":11.0,"key":"blueLaboratory:HorrorPotion"},{"floor":33,"key":"blueLaboratory:LouseDecoction"},{"floor":37,"key":"blueLaboratory:FruitPunch"},{"floor":38,"key":"blueLaboratory:FruitPunch"},{"floor":41,"key":"EntropicBrew"},{"floor":54,"key":"Elixir"}],"is_trial":false,"path_per_floor":["M","M","?","?","M","E","R","E","T","R","?","E","M","E","R_BF","B",null,"M","$","M","?","M","R","E","?","T","E","$","M","M","M","R","B",null,"M","?","M","M","?","R","M","M","T","R","M","$","R","E","R_BF","B",null,"R","$","E","B",null],"character_chosen":"BEAKED_THE_CULTIST","items_purchased":["Simple Rune","beaked:MaddeningMurmurs","aspiration:KaomsHeart","Mayhem+1","beaked:Insight","beaked:Poke","ReplayTheSpireMod:Prepare the Ceremony"],"campfire_rested":0,"item_purchase_floors":[19,19,28,46,46,46,53],"current_hp_per_floor":[49,55,55,44,55,55,55,49,49,49,55,51,53,55,55,30,49,41,41,55,58,47,47,68,68,68,68,168,168,168,152,152,168,168,168,168,152,168,168,168,163,168,168,168,168,168,168,168,168,170,170,170,170,170,126],"gold":31,"neow_bonus":"TEN_PERCENT_HP_BONUS","is_daily":false,"chose_seed":false,"campfire_upgraded":7,"win_rate":0.0,"timestamp":1613296044,"path_taken":["M","M","?","?","M","E","R","E","T","R","?","E","M","E","R_BF","BOSS","M","$","M","?","M","R","E","?","T","E","$","M","M","M","R","BOSS","M","?","?","M","?","R","M","?","T","R","M","$","R","E","R_BF","BOSS","R","$","E","BOSS"],"items_purchased_type":["Relic","Card","Relic","Card","Card","Card","Card"],"build_version":"2020-12-22","purchased_purges":0,"victory":true,"max_hp_per_floor":[55,55,55,55,55,55,55,55,55,55,55,55,55,55,55,55,55,55,55,55,58,58,58,68,68,68,68,168,168,168,168,168,168,168,168,168,168,168,168,168,168,168,168,168,168,168,168,168,168,170,170,170,170,170,170],"card_choices":[{"not_picked":["beaked:HuntressEssence","beaked:Brace"],"picked":"beaked:Insight","floor":1.0},{"not_picked":["beaked:Brace","ReplayTheSpireMod:Prepare the Ceremony"],"picked":"beaked:BloodForTheGods","floor":2.0},{"not_picked":["beaked:MimicWarrior","beaked:Brace","beaked:Molting"],"picked":"SKIP","floor":5.0},{"not_picked":["beaked:SurvivalInstinct","beaked:Cower"],"picked":"beaked:MaddeningMurmurs","floor":6.0},{"not_picked":["beaked:Caw","beaked:Redirect","beaked:BarbedWire"],"picked":"SKIP","floor":8.0},{"not_picked":["beaked:Tradeoff","beaked:HuntressEssence"],"picked":"beaked:TuckingFeathers","floor":12.0},{"not_picked":["beaked:DigDeep","beaked:Daydream","beaked:Evade"],"picked":"SKIP","floor":13.0},{"not_picked":["beaked:RuinSticks","beaked:Molting"],"picked":"beaked:BraceForImpact","floor":14.0},{"not_picked":["beaked:FakeOut","beaked:WildInstinct"],"picked":"beaked:AwakenedForm","floor":16.0},{"not_picked":["beaked:Overexert","beaked:Flinch","beaked:WarriorEssence+1"],"picked":"SKIP","floor":18.0},{"not_picked":["beaked:WarriorEssence","beaked:SurvivalInstinct","beaked:Poke+1"],"picked":"SKIP","floor":20.0},{"not_picked":["beaked:Tweet+1","beaked:BounceBack","beaked:HuntressEssence"],"picked":"SKIP","floor":22.0},{"not_picked":["beaked:HuntressEssence","beaked:Brainwash"],"picked":"beaked:Insight","floor":24.0},{"not_picked":["beaked:SacrificialDive+1","beaked:AwakenedForm","beaked:CrazyRituals"],"picked":"SKIP","floor":27},{"not_picked":["beaked:StunningBlow+1","beaked:Foresight"],"picked":"beaked:MaddeningMurmurs","floor":29},{"not_picked":["beaked:Replenish","beaked:WindBringer"],"picked":"beaked:TuckingFeathers","floor":30},{"not_picked":["beaked:DigDeep","beaked:Tweet","ReplayTheSpireMod:RavenHex"],"picked":"SKIP","floor":31},{"not_picked":["beaked:Devastation+1","beaked:MimicWarrior"],"picked":"beaked:BloodForTheGods+1","floor":35},{"not_picked":["beaked:Mantra","beaked:SacrificialAttack","beaked:MimicWarrior"],"picked":"SKIP","floor":37},{"not_picked":["beaked:MimicMachine+1","beaked:BloodRitual+1"],"picked":"beaked:TuckingFeathers+1","floor":38},{"not_picked":["beaked:Overexert","beaked:Cower+1","ReplayTheSpireMod:Wings of Steel"],"picked":"SKIP","floor":41},{"not_picked":["beaked:Overpower","beaked:Poke+1"],"picked":"beaked:StickSmack+1","floor":42},{"not_picked":["beaked:Redirect","beaked:BarbedWire","beaked:SurvivalInstinct+1"],"picked":"SKIP","floor":45},{"not_picked":["beaked:Mantra","beaked:Struggle+1"],"picked":"beaked:Poke","floor":48},{"not_picked":["beaked:BarbedWire","beaked:SurvivalInstinct","beaked:BloodRitual"],"picked":"SKIP","floor":54}],"player_experience":738392,"relics_obtained":[{"floor":6.0,"key":"halation:Toothbrush"},{"floor":8.0,"key":"Regal Pillow"},{"floor":11.0,"key":"reliquary:Knoch"},{"floor":12.0,"key":"ReplayTheSpireMod:Shallot"},{"floor":15.0,"key":"Nunchaku"},{"floor":24.0,"key":"Pear"},{"floor":26.0,"key":"Blue Doll"},{"floor":27,"key":"conspire:DecoderRing"},{"floor":54,"key":"aspiration:KMNothing"}],"event_choices":[{"damage_healed":0.0,"max_hp_gain":0.0,"max_hp_loss":0.0,"gold_gain":0.0,"event_name":"Living Wall","player_choice":"Grow","floor":3.0,"gold_loss":0.0,"damage_taken":0.0,"cards_upgraded":["beaked:BloodForTheGods"]},{"damage_healed":0.0,"max_hp_gain":0.0,"max_hp_loss":0.0,"gold_gain":0.0,"event_name":"Shining Light","player_choice":"Entered Light","floor":4.0,"gold_loss":0.0,"damage_taken":11.0,"cards_upgraded":["beaked:Strike_Y","beaked:Defend_Y"]},{"cards_removed":["beaked:Strike_Y"],"damage_healed":0.0,"max_hp_gain":0.0,"max_hp_loss":0.0,"gold_gain":0.0,"event_name":"Purifier","player_choice":"Purged","floor":21.0,"gold_loss":0.0,"damage_taken":0.0},{"cards_removed":["beaked:AwakenedForm"],"damage_healed":0.0,"max_hp_gain":0.0,"max_hp_loss":0.0,"gold_gain":0.0,"event_name":"betterNote:BetterNote","player_choice":"Take \u0026 Give","floor":25.0,"gold_loss":0.0,"damage_taken":0.0,"cards_obtained":["beaked:AwakenedForm"]},{"damage_healed":0,"gold_gain":0,"player_choice":"Upgraded Two","damage_taken":0,"max_hp_gain":0,"max_hp_loss":0,"event_name":"Designer","floor":36,"gold_loss":40,"cards_upgraded":["beaked:BraceForImpact","beaked:Strike_Y"]},{"damage_healed":0,"gold_gain":0,"player_choice":"Bought 0 Potions","damage_taken":0,"max_hp_gain":0,"max_hp_loss":0,"event_name":"The Woman in Blue","floor":39,"gold_loss":0}],"is_beta":false,"boss_relics":[{"not_picked":["Kintsugi","energizedSpire:SpiderWeb"],"picked":"aspiration:FutureDiary"},{"not_picked":["aspiration:KMNothing","aspiration:KMNothing","aspiration:KMNothing"]}],"items_purged_floors":[],"is_endless":false,"potions_floor_spawned":[5,6,8,11,13,16,27,29,30,33,37,38,41,45,54],"ascension_level":6}}