{"host":"ywa7jah0kefkv8nt","time":1613305666,"event":{"mods":["ATMod(阿瑾Mod)","Act Like it!","Arknights","BaseMod","Better Note","Better Third Choice","Hermit","Minty Spire (QoL Compilation)","MostiFishMod","Quarter Circle Forward PUNCH!","Reliquary","Replay The Spire","Spicy Shops","StSLib","【遗物卡牌】REMEMod","残留之物"],"gold_per_floor":[114,130,141,26,44,44,71,81,81,381,416,416,416,446,446,542,542,542,124,124,124],"floor_reached":20,"language":"ZHS","playtime":1265,"items_purged":[],"score":265,"play_id":"68448a7d-1685-44fe-8b22-032a3cc03561","local_time":"20210214062746","is_ascension_mode":false,"campfire_choices":[{"floor":6.0,"key":"RECALL"},{"data":"hermit:RoundhouseKick","floor":18,"key":"SMITH"}],"circlet_count":4,"master_deck":["hermit:Strike_Hermit","hermit:Strike_Hermit+1","hermit:Strike_Hermit","hermit:Strike_Hermit","hermit:Defend_Hermit","hermit:Defend_Hermit+1","hermit:Defend_Hermit+1","hermit:Defend_Hermit+1","hermit:Snapshot+1","hermit:Covet","hermit:Roulette+1","hermit:Enervate","hermit:Ricochet","hermit:CalledShot+1","hermit:FinalCanter+1","hermit:RoundhouseKick+1","hermit:Snipe","Languid","hermit:PistolWhip","hermit:FromBeyond"],"relics":["Circlet","DaveBox","NeowsBlessing","Meat on the Bone","Juzu Bracelet","Pear"],"acts_visited":["TheEnding"],"potions_floor_usage":[],"damage_taken":[{"damage":0.0,"enemies":"Cultist","floor":1.0,"turns":1.0},{"damage":0.0,"enemies":"Small Slimes","floor":2.0,"turns":1.0},{"damage":0.0,"enemies":"2 Louse","floor":3.0,"turns":1.0},{"damage":10.0,"enemies":"Looter","floor":5.0,"turns":2.0},{"damage":0.0,"enemies":"Gremlin Nob","floor":7.0,"turns":2.0},{"damage":0.0,"enemies":"Blue Slaver","floor":8.0,"turns":2.0},{"damage":0.0,"enemies":"Replay:BlueRogue","floor":11.0,"turns":4.0},{"damage":0.0,"enemies":"3 Sentries","floor":14.0,"turns":4.0},{"damage":44.0,"enemies":"The Guardian","floor":16.0,"turns":7.0},{"damage":50,"enemies":"Shield and Spear","floor":20,"turns":3}],"seed_played":"-6615096216883410129","potions_obtained":[{"floor":5.0,"key":"DistilledChaos"},{"floor":8.0,"key":"DemoMod:LeadSkinPotion"},{"floor":11.0,"key":"AttackPotion"},{"floor":16.0,"key":"Energy Potion"}],"is_trial":false,"path_per_floor":["M","M","M","$","M","R","E","M","T","?","E","?","?","E","R","B",null,"R","$","E"],"character_chosen":"HERMIT","items_purchased":["DemoMod:GnawedKey","Circlet"],"campfire_rested":0,"item_purchase_floors":[4,19],"current_hp_per_floor":[75,75,75,75,65,65,65,65,65,65,65,65,65,75,85,53,85,85,85,35,35],"gold":124,"neow_bonus":"THREE_ENEMY_KILL","is_daily":false,"chose_seed":false,"campfire_upgraded":1,"win_rate":0.0,"timestamp":1613305666,"path_taken":["M","M","?","$","?","R","E","M","T","?","E","?","?","E","R","BOSS","R","$","E"],"items_purchased_type":["Undefined","Undefined"],"build_version":"2020-12-22","purchased_purges":0,"victory":false,"max_hp_per_floor":[75,75,75,75,75,75,75,75,75,75,75,75,75,85,85,85,85,85,85,85,85],"card_choices":[{"not_picked":["hermit:Headshot","hermit:LowProfile"],"picked":"hermit:Roulette","floor":1.0},{"not_picked":["hermit:Deadeye","hermit:Desperado"],"picked":"hermit:Enervate","floor":2.0},{"not_picked":["hermit:Feint","hermit:WideOpen"],"picked":"hermit:Ricochet","floor":3.0},{"not_picked":["hermit:DeadMansHand","hermit:HighCaliber"],"picked":"hermit:CalledShot","floor":5.0},{"not_picked":["hermit:ShadowCloak","hermit:Glare"],"picked":"hermit:FinalCanter","floor":7.0},{"not_picked":["hermit:Vantage","hermit:Roulette","hermit:HoleUp"],"picked":"SKIP","floor":8.0},{"not_picked":["hermit:Roughhouse","hermit:FromBeyond"],"picked":"hermit:RoundhouseKick","floor":9.0},{"not_picked":["hermit:CursedWeapon","hermit:Dive"],"picked":"hermit:Snipe","floor":11.0},{"not_picked":["hermit:ShadowCloak","hermit:BlackWind"],"picked":"hermit:PistolWhip","floor":14.0},{"not_picked":["hermit:RoundhouseKick","hermit:Dissolve"],"picked":"hermit:FromBeyond","floor":16.0}],"player_experience":253879,"relics_obtained":[{"floor":7.0,"key":"DemoMod:SevenLeafClover"},{"floor":9.0,"key":"DemoMod:AgedBell"},{"floor":11.0,"key":"Meat on the Bone"},{"floor":14.0,"key":"Pear"}],"event_choices":[{"damage_healed":0.0,"max_hp_gain":0.0,"max_hp_loss":0.0,"gold_gain":300.0,"event_name":"恩洛斯的盘子","player_choice":"Sell","floor":10.0,"relics_lost":["hermit:Momento"],"gold_loss":0.0,"damage_taken":0.0},{"damage_healed":0.0,"max_hp_gain":0.0,"max_hp_loss":0.0,"gold_gain":0.0,"event_name":"给自己的盒子","player_choice":"Swap Relic","floor":12.0,"relics_lost":["DSteel32"],"gold_loss":0.0,"damage_taken":0.0,"relics_obtained":["Juzu Bracelet"]}],"is_beta":false,"boss_relics":[{"not_picked":["Pandora\u0027s Box","Replay:Ancient Bell"],"picked":"Circlet"}],"items_purged_floors":[],"is_endless":false,"potions_floor_spawned":[5,8,11,16],"killed_by":"Shield and Spear","ascension_level":0}}