{"host":"82qk6ob05uum3zoi","time":1613338028,"event":{"mods":["BaseMod","BetterRewards","Minty Spire (QoL Compilation)","Reliquary","StSLib","The Cursed"],"gold_per_floor":[117,82,82,42,61,61,86,100,100,100,100,112,112,129,129,234,234,249,249,98,0,0,26,26,44,44,44,63,81,99,99,99,99,99],"floor_reached":33,"language":"ENG","playtime":1146,"items_purged":[],"score":305,"play_id":"f9842dd5-3be6-419b-9049-a75cba3e239e","local_time":"20210215102708","is_ascension_mode":true,"campfire_choices":[{"floor":6,"key":"RECALL"},{"data":"Noxious Fumes","floor":11,"key":"SMITH"},{"data":"Dagger Spray","floor":13,"key":"SMITH"},{"data":"Survivor","floor":15,"key":"SMITH"},{"floor":24,"key":"REST"},{"floor":27,"key":"REST"},{"floor":32,"key":"REST"}],"circlet_count":0,"master_deck":["Strike_G","Strike_G","Strike_G","Strike_G","Strike_G","Defend_G+1","Defend_G","Defend_G","Defend_G","Defend_G","Survivor+1","Neutralize","Trip","Noxious Fumes+1","Tactician+1","Dagger Spray+1","Finisher","Bouncing Flask","Die Die Die","CurseOfTheBell","Dash+1","RitualDagger","Cloak And Dagger+1","Dagger Spray+1","Leg Sweep","Bane+1","Blade Dance+1"],"relics":["Ring of the Snake","Bird Faced Urn","Eternal Feather","Calling Bell","War Paint","White Beast Statue","reliquary:KillPill","Art of War","Paper Crane"],"acts_visited":["Exordium","TheCity"],"potions_floor_usage":[7,7,7,16,23,23,28,29,29,30,33,33],"damage_taken":[{"damage":9,"enemies":"2 Louse","floor":1,"turns":3},{"damage":1,"enemies":"Cultist","floor":5,"turns":4},{"damage":6,"enemies":"Lagavulin","floor":7,"turns":5},{"damage":6,"enemies":"Jaw Worm","floor":8,"turns":4},{"damage":2,"enemies":"3 Louse","floor":12,"turns":3},{"damage":4,"enemies":"2 Fungi Beasts","floor":14,"turns":3},{"damage":1,"enemies":"Slime Boss","floor":16,"turns":8},{"damage":5,"enemies":"Shell Parasite","floor":18,"turns":5},{"damage":64,"enemies":"Gremlin Leader","floor":23,"turns":6},{"damage":9,"enemies":"Chosen","floor":25,"turns":5},{"damage":21,"enemies":"Snecko","floor":28,"turns":6},{"damage":18,"enemies":"Centurion and Healer","floor":29,"turns":3},{"damage":16,"enemies":"3 Cultists","floor":30,"turns":4},{"damage":68,"enemies":"Collector","floor":33,"turns":7}],"seed_played":"-2859577166421207475","potions_obtained":[{"floor":4,"key":"BlessingOfTheForge"},{"floor":4,"key":"CultistPotion"},{"floor":4,"key":"EssenceOfSteel"},{"floor":12,"key":"PowerPotion"},{"floor":14,"key":"CultistPotion"},{"floor":16,"key":"Block Potion"},{"floor":18,"key":"SpeedPotion"},{"floor":23,"key":"EssenceOfSteel"},{"floor":25,"key":"BlessingOfTheForge"},{"floor":28,"key":"Block Potion"},{"floor":29,"key":"LiquidBronze"},{"floor":30,"key":"AttackPotion"}],"is_trial":false,"path_per_floor":["M","?","$","?","M","R","E","M","T","?","R","M","R","M","R","B",null,"M","?","$","?","?","E","R","M","T","R","M","M","M","$","R","B"],"character_chosen":"THE_SILENT","items_purchased":["Art of War"],"campfire_rested":3,"item_purchase_floors":[20],"current_hp_per_floor":[61,70,70,70,69,69,63,59,59,64,73,73,75,71,75,74,75,70,70,70,70,64,2,36,29,29,63,42,26,12,12,49,0,0],"gold":99,"neow_bonus":"RANDOM_COLORLESS","is_daily":false,"chose_seed":false,"campfire_upgraded":3,"win_rate":0.0,"timestamp":1613338028,"path_taken":["M","?","$","?","?","R","E","M","T","?","R","M","R","M","R","BOSS","M","?","$","?","?","E","R","M","T","R","M","M","?","$","R","BOSS"],"items_purchased_type":["Relic"],"build_version":"2020-12-22","purchased_purges":0,"victory":false,"max_hp_per_floor":[70,70,70,70,70,70,70,70,70,75,75,75,75,75,75,75,75,75,75,75,75,75,75,75,75,75,75,75,75,75,75,75,75,75],"card_choices":[{"not_picked":["Impatience","Deep Breath"],"picked":"Trip","floor":0},{"not_picked":["PiercingWail","Prepared"],"picked":"Noxious Fumes","floor":1},{"not_picked":["Escape Plan","Bane"],"picked":"Tactician","floor":5},{"not_picked":["Backflip","Dagger Throw"],"picked":"Dagger Spray","floor":7},{"not_picked":["Riddle With Holes","Cloak And Dagger"],"picked":"Finisher","floor":8},{"not_picked":["Slice","Underhanded Strike"],"picked":"Bouncing Flask","floor":12},{"not_picked":["Predator","Acrobatics","Skewer"],"picked":"SKIP","floor":14},{"not_picked":["Malaise","Phantasmal Killer"],"picked":"Die Die Die","floor":16},{"not_picked":["Outmaneuver","Backflip"],"picked":"Dash+1","floor":18},{"not_picked":["Blur","Accuracy"],"picked":"Cloak And Dagger+1","floor":23},{"not_picked":["Acrobatics","Noxious Fumes"],"picked":"Dagger Spray+1","floor":25},{"not_picked":["Dagger Throw","Outmaneuver"],"picked":"Leg Sweep","floor":28},{"not_picked":["Reflex","Quick Slash+1"],"picked":"Bane+1","floor":29},{"not_picked":["Sucker Punch","Backflip"],"picked":"Blade Dance+1","floor":30}],"player_experience":432340,"relics_obtained":[{"floor":7,"key":"Bird Faced Urn"},{"floor":9,"key":"Eternal Feather"},{"floor":17,"key":"War Paint"},{"floor":17,"key":"White Beast Statue"},{"floor":17,"key":"reliquary:KillPill"},{"floor":23,"key":"Paper Crane"}],"event_choices":[{"damage_healed":17,"gold_gain":0,"player_choice":"Healed","damage_taken":0,"max_hp_gain":0,"max_hp_loss":0,"event_name":"The Cleric","floor":2,"gold_loss":35},{"damage_healed":0,"gold_gain":0,"player_choice":"Bought 3 Potions","damage_taken":0,"max_hp_gain":0,"max_hp_loss":0,"event_name":"The Woman in Blue","floor":4,"gold_loss":0},{"damage_healed":0,"gold_gain":0,"player_choice":"Donut","damage_taken":0,"max_hp_gain":5,"max_hp_loss":0,"event_name":"Big Fish","floor":10,"gold_loss":0},{"damage_healed":0,"gold_gain":0,"player_choice":"Ignored","damage_taken":0,"max_hp_gain":0,"max_hp_loss":0,"event_name":"Vampires","floor":19,"gold_loss":0},{"damage_healed":0,"gold_gain":0,"player_choice":"Paid Fearfully","damage_taken":0,"max_hp_gain":0,"max_hp_loss":0,"event_name":"Masked Bandits","floor":21,"gold_loss":98},{"damage_healed":0,"gold_gain":0,"player_choice":"Joined the Cult","damage_taken":6,"max_hp_gain":0,"max_hp_loss":0,"event_name":"Nest","floor":22,"gold_loss":0,"cards_obtained":["RitualDagger"]}],"is_beta":false,"boss_relics":[{"not_picked":["reliquary:RedCape","Cursed Key"],"picked":"Calling Bell"}],"items_purged_floors":[],"is_endless":false,"potions_floor_spawned":[5,12,14,16,18,23,25,28,29,30],"killed_by":"Collector","ascension_level":3}}