{"host":"c64dsqyrqv0ei9yn","time":1613322640,"event":{"mods":["BaseMod","Bestiary","Colored Map","Duelist Mod","LagranYue(ùfäiòNÅEåé)","Minty Spire (QoL Compilation)","Prisma Mod","Random Character Button","StSLib","The Alterego","The Servant 0.9.4"],"gold_per_floor":[120,136,149,169,57,88,101,112,161,161,179,179,198,218,218,314,314,314,314,314,314,314,314,314,314,314,314,314,314,314,314,314,314,314,314,137,137,137,137,137,43,43,43,43,43,43,43,43,43,43,43],"floor_reached":50,"language":"ENG","playtime":4217,"items_purged":["alterego_mod:Strike","alterego_mod:TrashNCrash"],"score":539,"play_id":"a75bff5c-e96a-4b32-a140-aae969151ffe","local_time":"20210214171040","is_ascension_mode":false,"campfire_choices":[{"floor":10,"key":"REST"},{"floor":12,"key":"REST"},{"data":"alterego_mod:Impale","floor":15,"key":"SMITH"},{"floor":23,"key":"REST"},{"floor":25,"key":"REST"},{"floor":29,"key":"REST"},{"floor":32,"key":"REST"},{"floor":40,"key":"REST"},{"floor":42,"key":"REST"},{"data":"alterego_mod:BigMeatyClaws","floor":47,"key":"SMITH"},{"data":"alterego_mod:DiscoLights","floor":49,"key":"SMITH"}],"circlet_count":0,"master_deck":["alterego_mod:Strike","alterego_mod:Strike","alterego_mod:Defend","alterego_mod:Defend","alterego_mod:Defend","alterego_mod:Defend","alterego_mod:Impale+1","alterego_mod:BigMeatyClaws+1","alterego_mod:BrynhildrsRune","alterego_mod:Pet","alterego_mod:IndependentAction","alterego_mod:DeftHands","alterego_mod:ChallengeComplete","alterego_mod:Undulate","alterego_mod:Complex","alterego_mod:Bunnysuit","alterego_mod:DiscoLights+1","alterego_mod:Collar","alterego_mod:ClassAdvantage","alterego_mod:Pet","alterego_mod:Bunnysuit","alterego_mod:SakuraLabyrinth+1","alterego_mod:Mirror+1","alterego_mod:Clap+1","alterego_mod:RingBreak","alterego_mod:ChallengeComplete+1","alterego_mod:Exercise","Discovery+1","alterego_mod:Santa+1","alterego_mod:Support","alterego_mod:Jiggle+1","alterego_mod:GoddessCore+1","alterego_mod:Vow+1","alterego_mod:Schoolgirl+1"],"relics":["alterego_mod:MasochisticConstitution","NeowsBlessing","Gremlin Horn","Boot","Ectoplasm","PreservedInsect","Enchiridion","Mummified Hand","MawBank","Toxic Egg 2","Philosopher\u0027s Stone","Girya","Meat on the Bone","Anchor"],"acts_visited":["Exordium","TheCity","TheBeyond"],"potions_floor_usage":[16,16,27,50,50],"damage_taken":[{"damage":0,"enemies":"Cultist","floor":1,"turns":1},{"damage":0,"enemies":"Small Slimes","floor":2,"turns":1},{"damage":0,"enemies":"Jaw Worm","floor":3,"turns":1},{"damage":33,"enemies":"Exordium Thugs","floor":4,"turns":7},{"damage":28,"enemies":"Gremlin Nob","floor":6,"turns":6},{"damage":0,"enemies":"Exordium Wildlife","floor":7,"turns":5},{"damage":10,"enemies":"2 Fungi Beasts","floor":8,"turns":5},{"damage":0,"enemies":"Blue Slaver","floor":11,"turns":2},{"damage":2,"enemies":"3 Louse","floor":13,"turns":3},{"damage":3,"enemies":"Exordium Thugs","floor":14,"turns":4},{"damage":21,"enemies":"Hexaghost","floor":16,"turns":11},{"damage":5,"enemies":"Shell Parasite","floor":18,"turns":5},{"damage":17,"enemies":"Spheric Guardian","floor":21,"turns":13},{"damage":25,"enemies":"Shelled Parasite and Fungi","floor":22,"turns":9},{"damage":22,"enemies":"theDuelist:KaibaA2","floor":24,"turns":6},{"damage":9,"enemies":"Snake Plant","floor":27,"turns":3},{"damage":3,"enemies":"Cultist and Chosen","floor":30,"turns":6},{"damage":63,"enemies":"Book of Stabbing","floor":31,"turns":8},{"damage":40,"enemies":"Collector","floor":33,"turns":9},{"damage":34,"enemies":"3 Darklings","floor":35,"turns":6},{"damage":28,"enemies":"Mind Bloom Boss Battle","floor":38,"turns":9},{"damage":0,"enemies":"3 Shapes","floor":44,"turns":2},{"damage":15,"enemies":"Giant Head","floor":46,"turns":10},{"damage":0,"enemies":"Spire Growth","floor":48,"turns":5},{"damage":80,"enemies":"Donu and Deca","floor":50,"turns":7}],"seed_played":"3373144380213749466","potions_obtained":[{"floor":3,"key":"Weak Potion"},{"floor":7,"key":"Swift Potion"},{"floor":8,"key":"PowerPotion"},{"floor":18,"key":"SkillPotion"},{"floor":21,"key":"Dexterity Potion"},{"floor":30,"key":"FairyPotion"},{"floor":31,"key":"DuplicationPotion"},{"floor":44,"key":"LiquidBronze"}],"is_trial":false,"path_per_floor":["M","M","M","M","$","E","M","M","T","R","M","R","M","M","R","B",null,"M","T","?","M","M","R","E","R","T","M","?","R","M","E","R","B",null,"M","$","?","?","?","R","$","R","T","M","?","E","R","M","R","B"],"character_chosen":"The_Alterego","items_purchased":["alterego_mod:ChallengeComplete","alterego_mod:Exercise","alterego_mod:Support","alterego_mod:Jiggle+1"],"campfire_rested":8,"item_purchase_floors":[5,36,41,41],"current_hp_per_floor":[70,70,70,38,38,11,18,9,9,30,30,51,50,48,48,28,76,72,72,56,40,16,39,27,51,51,43,43,67,65,10,34,25,84,51,51,51,24,24,49,49,74,74,86,86,72,72,72,72,0,0],"gold":43,"neow_bonus":"THREE_ENEMY_KILL","is_daily":false,"chose_seed":false,"campfire_upgraded":3,"win_rate":0.0,"timestamp":1613322640,"path_taken":["M","M","?","?","$","E","M","M","T","R","M","R","M","M","R","BOSS","M","?","?","M","M","R","E","R","T","M","?","R","?","E","R","BOSS","M","$","?","?","?","R","?","R","T","M","?","E","R","?","R","BOSS"],"items_purchased_type":["Card","Card","Card","Card"],"build_version":"2020-12-22","purchased_purges":2,"victory":false,"max_hp_per_floor":[70,70,70,71,71,72,72,73,73,73,73,73,74,75,75,76,76,77,77,77,78,79,79,80,80,80,81,81,81,82,83,83,84,84,85,85,85,86,86,86,86,86,86,86,86,87,87,87,87,87,87],"card_choices":[{"not_picked":["alterego_mod:Cooking","alterego_mod:Valentines","alterego_mod:GoddessCore"],"picked":"SKIP","floor":1},{"not_picked":["alterego_mod:Cycle","alterego_mod:Mirror"],"picked":"alterego_mod:Pet","floor":2},{"not_picked":["alterego_mod:PerceptionDisorder","alterego_mod:Pet"],"picked":"alterego_mod:IndependentAction","floor":3},{"not_picked":["alterego_mod:1TonWallop","alterego_mod:Lingerie"],"picked":"alterego_mod:DeftHands","floor":4},{"not_picked":["alterego_mod:GoddessCore","alterego_mod:Skirt"],"picked":"alterego_mod:Undulate","floor":6},{"not_picked":["alterego_mod:Maid","alterego_mod:Swimsuit"],"picked":"alterego_mod:Complex","floor":7},{"not_picked":["alterego_mod:Cooking","alterego_mod:DestructionOfProperty"],"picked":"alterego_mod:Bunnysuit","floor":8},{"not_picked":["alterego_mod:Belle","alterego_mod:Complex"],"picked":"alterego_mod:TrashNCrash","floor":11},{"not_picked":["alterego_mod:PerceptionDisorder","alterego_mod:TrashNCrash"],"picked":"alterego_mod:DiscoLights","floor":13},{"not_picked":["alterego_mod:MaintainEyeContact","alterego_mod:AlterEgo"],"picked":"alterego_mod:Collar","floor":14},{"not_picked":["alterego_mod:AlterEgo","alterego_mod:Lift"],"picked":"alterego_mod:ClassAdvantage","floor":16},{"not_picked":["alterego_mod:PerceptionDisorder+1","alterego_mod:BoobPocket"],"picked":"alterego_mod:Pet","floor":18},{"not_picked":["alterego_mod:BoobPocket","alterego_mod:Valentines","alterego_mod:Cycle"],"picked":"SKIP","floor":21},{"not_picked":["alterego_mod:Skirt","alterego_mod:HighServant","alterego_mod:DustData+1"],"picked":"SKIP","floor":22},{"not_picked":["alterego_mod:Skirt","alterego_mod:Bounce"],"picked":"alterego_mod:Bunnysuit","floor":24},{"not_picked":["alterego_mod:PerceptionDisorder","alterego_mod:Swimsuit"],"picked":"alterego_mod:SakuraLabyrinth+1","floor":27},{"not_picked":["alterego_mod:DustData","alterego_mod:IdEs"],"picked":"alterego_mod:Mirror+1","floor":30},{"not_picked":["alterego_mod:Lingerie","alterego_mod:Alter+1"],"picked":"alterego_mod:Clap+1","floor":31},{"not_picked":["alterego_mod:InsideBaseball","alterego_mod:STier+1"],"picked":"alterego_mod:RingBreak","floor":33},{"not_picked":["alterego_mod:Maid","alterego_mod:Complex"],"picked":"alterego_mod:ChallengeComplete+1","floor":35},{"not_picked":["Thinking Ahead+1","Panacea+1"],"picked":"Discovery+1","floor":37},{"not_picked":["alterego_mod:HighServant+1","alterego_mod:Birthday+1"],"picked":"alterego_mod:Santa+1","floor":38},{"not_picked":["alterego_mod:Collar+1","alterego_mod:GachaTicket+1"],"picked":"alterego_mod:GoddessCore+1","floor":44},{"not_picked":["alterego_mod:DestructionOfProperty+1","alterego_mod:GoddessCore+1"],"picked":"alterego_mod:Vow+1","floor":46},{"not_picked":["alterego_mod:Belts","alterego_mod:Mirror+1"],"picked":"alterego_mod:Schoolgirl+1","floor":48}],"player_experience":56869,"relics_obtained":[{"floor":6,"key":"Gremlin Horn"},{"floor":9,"key":"Boot"},{"floor":19,"key":"PreservedInsect"},{"floor":20,"key":"Enchiridion"},{"floor":24,"key":"Mummified Hand"},{"floor":26,"key":"MawBank"},{"floor":31,"key":"Toxic Egg 2"},{"floor":38,"key":"Girya"},{"floor":43,"key":"Meat on the Bone"},{"floor":46,"key":"Anchor"}],"event_choices":[{"damage_healed":0,"gold_gain":0,"player_choice":"Obtained Book","damage_taken":16,"max_hp_gain":0,"max_hp_loss":0,"event_name":"Cursed Tome","floor":20,"gold_loss":0},{"damage_healed":0,"gold_gain":200,"player_choice":"Gold","damage_taken":0,"max_hp_gain":0,"max_hp_loss":0,"event_name":"Wheel of Change","floor":28,"gold_loss":0},{"damage_healed":0,"gold_gain":0,"player_choice":"Memory 1","damage_taken":0,"max_hp_gain":0,"max_hp_loss":0,"event_name":"SensoryStone","floor":37,"gold_loss":0},{"damage_healed":0,"gold_gain":0,"player_choice":"Fight","damage_taken":0,"max_hp_gain":0,"max_hp_loss":0,"event_name":"MindBloom","floor":38,"gold_loss":0},{"cards_removed":["alterego_mod:Strike"],"damage_healed":0,"gold_gain":0,"player_choice":"Removed Attack","damage_taken":0,"max_hp_gain":0,"max_hp_loss":0,"event_name":"Falling","floor":39,"gold_loss":0},{"damage_healed":0,"gold_gain":0,"player_choice":"Ignored","damage_taken":0,"max_hp_gain":0,"max_hp_loss":0,"event_name":"NoteForYourself","floor":45,"gold_loss":0}],"is_beta":false,"boss_relics":[{"not_picked":["Black Star","Astrolabe"],"picked":"Ectoplasm"},{"not_picked":["Tiny House","LagranYue:SoulBurningRelic"],"picked":"Philosopher\u0027s Stone"}],"items_purged_floors":[5,36],"is_endless":false,"potions_floor_spawned":[3,7,8,11,13,18,21,30,31,44,46],"killed_by":"Donu and Deca","ascension_level":0}}