{"host":"32dedufnxebqtmo3","time":1613342327,"event":{"mods":["AchievementEnabler","BaseMod","Better Third Choice","Card Filter","Colored Powertips","Defuse TimeMaze Blight","GifTheSpireLib","Minty Spire (QoL Compilation)","Permanent Neow","Relic Filter","Relic Stats","Remove Card Discount Mod","Shop Mod","StSLib","The Cursed","The Marked","Unceasing Turn Reminder"],"gold_per_floor":[419,429,394,54,65,98,98,114,114,134,147,165,165,165,165,261,261,279,299,299,299,51,51,66,79,102,112,146,158,170,197,197,296,296,312,7,7,21,71,103,119,119,119],"floor_reached":42,"language":"ENG","playtime":2666,"items_purged":["theMarked:Strike","theMarked:Strike","theMarked:Strike","theMarked:Strike","theMarked:Strike","theMarked:Defend","theMarked:Defend","theMarked:Defend","theMarked:SwordAndMagic"],"score":649,"play_id":"30dd4b1c-b63e-4f8f-853c-417081cd35e7","local_time":"20210214143847","is_ascension_mode":false,"campfire_choices":[{"data":"theMarked:SoldierOfQuellstein","floor":7.0,"key":"SMITH"},{"data":"theMarked:RogueSparks","floor":15.0,"key":"SMITH"},{"data":"theMarked:OneWithTheBlade","floor":23.0,"key":"SMITH"},{"data":"theMarked:Standoff","floor":32.0,"key":"SMITH"}],"circlet_count":0,"master_deck":["theMarked:Defend+1","theMarked:SoldierOfQuellstein+1","theMarked:OneWithTheBlade+1","theMarked:Overthink","Impatience","theMarked:WardOff","theMarked:WardOff","theMarked:EmpowerWeapon+1","theMarked:RepellingDischarge+1","theMarked:WardOff","theMarked:Standoff+1","theMarked:BindingBlade","theMarked:SoldierOfQuellstein+1","theMarked:Standoff"],"relics":["theMarked:ArtifactOfAir","Old Coin","HandDrill","Kunai","theMarked:VonisonLock","theMarked:Eyepatch","Pantograph","Strawberry","Nunchaku","Regal Pillow","Coffee Dripper","DollysMirror","Lantern","WingedGreaves","Pen Nib"],"acts_visited":["Exordium","TheCity","TheBeyond"],"potions_floor_usage":[],"damage_taken":[{"damage":0.0,"enemies":"2 Louse","floor":1.0,"turns":2.0},{"damage":1.0,"enemies":"Jaw Worm","floor":2.0,"turns":4.0},{"damage":5.0,"enemies":"Small Slimes","floor":5.0,"turns":3.0},{"damage":8.0,"enemies":"Lagavulin","floor":6.0,"turns":6.0},{"damage":0.0,"enemies":"2 Fungi Beasts","floor":8.0,"turns":3.0},{"damage":7.0,"enemies":"Exordium Thugs","floor":10.0,"turns":5.0},{"damage":0.0,"enemies":"Large Slime","floor":11.0,"turns":6.0},{"damage":0.0,"enemies":"3 Louse","floor":12.0,"turns":3.0},{"damage":0.0,"enemies":"The Guardian","floor":16.0,"turns":7.0},{"damage":0.0,"enemies":"Chosen","floor":18.0,"turns":5.0},{"damage":0.0,"enemies":"2 Thieves","floor":19.0,"turns":4.0},{"damage":1.0,"enemies":"Snake Plant","floor":24.0,"turns":4.0},{"damage":0.0,"enemies":"Shelled Parasite and Fungi","floor":25.0,"turns":6.0},{"damage":0.0,"enemies":"Chosen and Byrds","floor":27.0,"turns":7.0},{"damage":6.0,"enemies":"Gremlin Leader","floor":28.0,"turns":7.0},{"damage":0.0,"enemies":"Snecko","floor":29.0,"turns":5.0},{"damage":12.0,"enemies":"3 Cultists","floor":30.0,"turns":6.0},{"damage":0.0,"enemies":"Book of Stabbing","floor":31.0,"turns":6.0},{"damage":0.0,"enemies":"Automaton","floor":33.0,"turns":11.0},{"damage":0.0,"enemies":"Orb Walker","floor":35.0,"turns":4.0},{"damage":0.0,"enemies":"3 Shapes","floor":38.0,"turns":4.0},{"damage":47.0,"enemies":"2 Orb Walkers","floor":39.0,"turns":9.0},{"damage":0.0,"enemies":"Nemesis","floor":40.0,"turns":11.0},{"damage":0.0,"enemies":"Writhing Mass","floor":41.0,"turns":4.0},{"damage":0,"enemies":"Reptomancer","floor":42,"turns":2}],"seed_played":"9099310234784529689","potions_obtained":[{"floor":2.0,"key":"Swift Potion"},{"floor":5.0,"key":"theMarked:ChargePotion"},{"floor":10.0,"key":"Ancient Potion"},{"floor":19.0,"key":"SneckoOil"},{"floor":29.0,"key":"DuplicationPotion"},{"floor":30.0,"key":"theMarked:HoverShot"}],"is_trial":false,"path_per_floor":["M","M","?","$","M","E","R","M","T","M","M","M","?","?","R","B",null,"M","M","?","?","$","R","M","M","T","M","E","M","M","E","R","B",null,"M","$","?","M","?","E","M","E"],"character_chosen":"THE_DEFAULT","items_purchased":["Fruit Juice","HandDrill","Impatience","Pantograph","DollysMirror","Lantern"],"campfire_rested":0,"item_purchase_floors":[4,4,4,22,36,36],"current_hp_per_floor":[49,48,65,65,65,57,57,57,57,50,50,50,35,35,35,35,75,75,75,75,75,75,75,74,74,81,81,75,75,63,63,63,82,82,82,82,82,82,35,35,35,35,35],"gold":119,"neow_bonus":"ONE_RARE_RELIC","is_daily":false,"chose_seed":false,"campfire_upgraded":4,"win_rate":0.0,"timestamp":1613342327,"path_taken":["M","M","?","$","M","E","R","M","T","M","M","M","?","?","R","BOSS","M","M","?","?","$","R","M","M","T","M","E","M","M","E","R","BOSS","M","$","?","M","?","E","M","E"],"items_purchased_type":["Potion","Relic","Card","Relic","Relic","Relic"],"build_version":"2020-12-22","purchased_purges":9,"victory":false,"max_hp_per_floor":[70,70,70,70,75,75,75,75,75,75,75,75,75,75,75,75,75,75,75,75,75,75,75,75,75,82,82,82,82,82,82,82,82,82,82,82,82,82,82,82,82,82,82],"relic_stats":{"Nunchaku":[7],"Regal Pillow":0,"counters":[25,134],"Pantograph":19,"Pen Nib":[1],"HandDrill":[92],"Kunai":[4],"obtain_stats":[{"Regal Pillow":31,"Lantern":36,"Pen Nib":40,"Old Coin":0,"theMarked:ArtifactOfAir":0,"Nunchaku":28,"DollysMirror":36,"Pantograph":22,"Strawberry":26,"theMarked:VonisonLock":9,"WingedGreaves":39,"HandDrill":4,"Coffee Dripper":34,"Kunai":6,"theMarked:Eyepatch":17},{"Regal Pillow":18,"Lantern":20,"Pen Nib":23,"Old Coin":0,"theMarked:ArtifactOfAir":0,"Nunchaku":15,"DollysMirror":20,"Pantograph":11,"Strawberry":13,"theMarked:VonisonLock":5,"WingedGreaves":22,"HandDrill":2,"Coffee Dripper":19,"Kunai":4,"theMarked:Eyepatch":9},{"Regal Pillow":89,"Lantern":104,"Pen Nib":128,"Old Coin":0,"theMarked:ArtifactOfAir":0,"Nunchaku":72,"DollysMirror":104,"Pantograph":48,"Strawberry":58,"theMarked:VonisonLock":18,"WingedGreaves":117,"HandDrill":6,"Coffee Dripper":100,"Kunai":15,"theMarked:Eyepatch":39}]},"card_choices":[{"not_picked":["theMarked:ResourceFulStrike","theMarked:AttractMetal"],"picked":"theMarked:OneWithTheBlade","floor":1.0},{"not_picked":["theMarked:ChainLightning","theMarked:ComboAttacks"],"picked":"theMarked:Overthink","floor":2.0},{"not_picked":["theMarked:MysticalArsenal","theMarked:EnhanceMovement"],"picked":"theMarked:WardOff","floor":5.0},{"not_picked":["theMarked:StartUp","theMarked:DispelDoubt"],"picked":"theMarked:WardOff","floor":6.0},{"not_picked":["theMarked:MysticalArsenal","theMarked:RepellingDischarge"],"picked":"theMarked:RogueSparks","floor":8.0},{"not_picked":["theMarked:Parkour","theMarked:ResourceFulStrike","theMarked:ElectricStrings"],"picked":"SKIP","floor":10.0},{"not_picked":["theMarked:WastefulAttack","theMarked:TwofoldDefense"],"picked":"theMarked:EmpowerWeapon","floor":11.0},{"not_picked":["theMarked:TwofoldDefense","theMarked:Overcharge"],"picked":"theMarked:RepellingDischarge","floor":12.0},{"not_picked":["theMarked:BanishingStrike","theMarked:Maelstrom","theMarked:Electrify"],"picked":"SKIP","floor":18.0},{"not_picked":["theMarked:Aftermath","theMarked:Frustration"],"picked":"theMarked:WardOff","floor":19.0},{"not_picked":["theMarked:Pokerface","theMarked:EmpowerWeapon"],"picked":"theMarked:Standoff","floor":24.0},{"not_picked":["theMarked:ResourceFulStrike+1","theMarked:WardOff","theMarked:Memento"],"picked":"SKIP","floor":25.0},{"not_picked":["theMarked:ChannelForce","theMarked:EnhanceMovement","theMarked:ElectricStrings"],"picked":"SKIP","floor":27.0},{"not_picked":["theMarked:WardOff","theMarked:TwofoldDefense","theMarked:Electrify"],"picked":"SKIP","floor":28.0},{"not_picked":["theMarked:Aftermath","theMarked:MagusForm","theMarked:Improvise"],"picked":"SKIP","floor":29.0},{"not_picked":["theMarked:TakeCover","theMarked:WastefulAttack+1","theMarked:Indomitable"],"picked":"SKIP","floor":30.0},{"not_picked":["theMarked:HeightenedSenses","theMarked:Memento"],"picked":"theMarked:SwordAndMagic","floor":31.0},{"not_picked":["theMarked:TurnInvisible","theMarked:TakeOffHeels"],"picked":"theMarked:BindingBlade","floor":33.0},{"not_picked":["theMarked:SwordAndMagic","theMarked:TwofoldDefense+1","theMarked:EmpowerWeapon"],"picked":"SKIP","floor":35.0},{"not_picked":["theMarked:ComboAttacks","theMarked:EmpowerWeapon+1"],"picked":"theMarked:Standoff","floor":38.0},{"not_picked":["theMarked:ThrowWeapon","theMarked:Pokerface","theMarked:Opportunist+1"],"picked":"SKIP","floor":40.0},{"not_picked":["theMarked:EmpowerWeapon+1","theMarked:AttractMetal+1","theMarked:Improvise"],"picked":"SKIP","floor":41.0}],"player_experience":712231,"relics_obtained":[{"floor":6.0,"key":"Kunai"},{"floor":9.0,"key":"theMarked:VonisonLock"},{"floor":26.0,"key":"Strawberry"},{"floor":28.0,"key":"Nunchaku"},{"floor":31.0,"key":"Regal Pillow"},{"floor":39.0,"key":"WingedGreaves"},{"floor":40.0,"key":"Pen Nib"}],"event_choices":[{"damage_healed":17.0,"max_hp_gain":0.0,"max_hp_loss":0.0,"gold_gain":0.0,"event_name":"The Cleric","player_choice":"Healed","floor":3.0,"gold_loss":35.0,"damage_taken":0.0},{"damage_healed":50.0,"max_hp_gain":0.0,"max_hp_loss":75.0,"gold_gain":0.0,"event_name":"betterThird:BetterShining","player_choice":"Upgrade","floor":13.0,"gold_loss":0.0,"damage_taken":15.0,"cards_upgraded":["theMarked:RepellingDischarge","theMarked:Defend"]},{"damage_healed":0.0,"max_hp_gain":0.0,"max_hp_loss":0.0,"gold_gain":0.0,"event_name":"Living Wall","player_choice":"Grow","floor":14.0,"gold_loss":0.0,"damage_taken":0.0,"cards_upgraded":["theMarked:EmpowerWeapon"]},{"damage_healed":0.0,"max_hp_gain":0.0,"max_hp_loss":0.0,"gold_gain":0.0,"event_name":"Beggar","player_choice":"Ignored","floor":20.0,"gold_loss":0.0,"damage_taken":0.0},{"damage_healed":0.0,"max_hp_gain":0.0,"max_hp_loss":0.0,"gold_gain":0.0,"event_name":"Match and Keep!","player_choice":"0 cards matched","floor":21.0,"gold_loss":0.0,"damage_taken":0.0,"cards_obtained":[]},{"cards_removed":["theMarked:RogueSparks"],"damage_healed":0.0,"max_hp_gain":0.0,"max_hp_loss":0.0,"gold_gain":0.0,"event_name":"Falling","player_choice":"Removed Power","floor":37.0,"gold_loss":0.0,"damage_taken":0.0},{"damage_healed":0.0,"max_hp_gain":0.0,"max_hp_loss":0.0,"gold_gain":0.0,"event_name":"Mysterious Sphere","player_choice":"Fight","floor":39.0,"gold_loss":0.0,"damage_taken":0.0}],"is_beta":false,"boss_relics":[{"not_picked":["Calling Bell","Cursed Key"],"picked":"theMarked:Eyepatch"},{"not_picked":["Runic Pyramid","Black Star"],"picked":"Coffee Dripper"}],"items_purged_floors":[4,4,4,4,4,22,22,22,36],"is_endless":false,"potions_floor_spawned":[2,5,10,16,18,19,29,30,40],"killed_by":"Reptomancer","ascension_level":0}}