{"host":"4t0z2wyk4ymtbfy7","time":1613275317,"event":{"mods":["AchievementEnabler","BaseMod","Colored Map","Colored Powertips","DeckTracker","Keyboard Shortcuts","Marisa£¨Ùöéë¡¡Øª×âÞÞ£©","Minty Spire (QoL Compilation)","SuperFastMode"],"gold_per_floor":[116,116,191,191,201,234,234,269,269,285,285,285,108,119,119,222,222,232,251,263,263,263],"floor_reached":21,"language":"KOR","playtime":845,"items_purged":[],"score":299,"play_id":"fa407708-092e-42c6-8c3a-aca9e70e5246","local_time":"20210214130157","is_ascension_mode":true,"campfire_choices":[{"data":"Backflip","floor":7,"key":"SMITH"},{"floor":11,"key":"REST"},{"data":"Envenom","floor":15,"key":"SMITH"}],"circlet_count":0,"master_deck":["Strike_G","Strike_G","Strike_G","Strike_G","Strike_G","Defend_G","Defend_G","Defend_G","Defend_G","Defend_G","Survivor","Neutralize","Bane+1","Backflip+1","Deflect+1","Bouncing Flask+1","Deadly Poison+1","PiercingWail+1","Distraction+1","Calculated Gamble+1","Envenom+1","Night Terror+1","Bane","Outmaneuver+1"],"relics":["Ring of the Snake","NeowsBlessing","WarpedTongs","Toxic Egg 2","Eternal Feather","Pantograph","Spirit Poop","Orrery","Runic Pyramid"],"acts_visited":["Exordium","TheCity"],"potions_floor_usage":[8,20],"damage_taken":[{"damage":0,"enemies":"2 Louse","floor":1,"turns":1},{"damage":1,"enemies":"Jaw Worm","floor":5,"turns":1},{"damage":0,"enemies":"Gremlin Nob","floor":6,"turns":1},{"damage":26,"enemies":"Lagavulin","floor":8,"turns":8},{"damage":2,"enemies":"Cultist","floor":10,"turns":2},{"damage":0,"enemies":"Blue Slaver","floor":14,"turns":3},{"damage":12,"enemies":"The Guardian","floor":16,"turns":9},{"damage":4,"enemies":"2 Thieves","floor":18,"turns":5},{"damage":0,"enemies":"Spheric Guardian","floor":19,"turns":3},{"damage":35,"enemies":"Shelled Parasite and Fungi","floor":20,"turns":5},{"damage":29,"enemies":"Centurion and Healer","floor":21,"turns":3}],"seed_played":"-1360311165151089734","potions_obtained":[{"floor":5,"key":"Poison Potion"},{"floor":16,"key":"Swift Potion"}],"is_trial":false,"path_per_floor":["M","?","?","?","M","E","R","E","T","M","R","?","$","M","R","B",null,"M","M","M","M"],"character_chosen":"THE_SILENT","items_purchased":["Deadly Poison+1","Orrery"],"campfire_rested":1,"item_purchase_floors":[13,13],"current_hp_per_floor":[63,63,52,52,51,51,51,25,25,23,53,53,53,53,65,58,67,63,63,28,0,0],"gold":263,"neow_bonus":"THREE_ENEMY_KILL","is_daily":false,"chose_seed":false,"campfire_upgraded":2,"win_rate":0.0,"timestamp":1613275317,"path_taken":["M","?","?","?","?","E","R","E","T","M","R","?","$","M","R","BOSS","M","?","M","M"],"items_purchased_type":["Card","Relic"],"build_version":"2020-12-22","purchased_purges":0,"victory":false,"max_hp_per_floor":[70,70,70,70,70,70,70,70,70,70,70,70,70,70,70,70,70,70,70,70,70,70],"card_choices":[{"not_picked":["Dagger Spray","Acrobatics"],"picked":"Bane","floor":1},{"not_picked":["Cloak And Dagger","Reflex"],"picked":"Backflip","floor":5},{"not_picked":["Acrobatics+1","Cloak And Dagger+1"],"picked":"Deflect+1","floor":6},{"not_picked":["Blade Dance+1","Eviscerate"],"picked":"Bouncing Flask+1","floor":8},{"not_picked":["Dodge and Roll+1","Well Laid Plans","Blade Dance+1"],"picked":"SKIP","floor":10},{"not_picked":["Blade Dance+1","Dodge and Roll+1"],"picked":"PiercingWail+1","floor":13},{"not_picked":["Masterful Stab","Endless Agony"],"picked":"Distraction+1","floor":13},{"not_picked":["Concentrate+1","Predator"],"picked":"Calculated Gamble+1","floor":13},{"not_picked":["Flying Knee","Slice"],"picked":"Envenom","floor":14},{"not_picked":["Glass Knife","Tools of the Trade"],"picked":"Night Terror+1","floor":16},{"not_picked":["Choke","Flying Knee"],"picked":"Bane","floor":18},{"not_picked":["Accuracy","Cloak And Dagger+1","Quick Slash"],"picked":"SKIP","floor":19},{"not_picked":["Concentrate+1","Flying Knee"],"picked":"Outmaneuver+1","floor":20}],"player_experience":104324,"relics_obtained":[{"floor":6,"key":"Toxic Egg 2"},{"floor":8,"key":"Eternal Feather"},{"floor":9,"key":"Pantograph"}],"event_choices":[{"damage_healed":0,"gold_gain":0,"player_choice":"Grow","damage_taken":0,"max_hp_gain":0,"max_hp_loss":0,"event_name":"Living Wall","floor":2,"gold_loss":0,"cards_upgraded":["Bane"]},{"damage_healed":0,"gold_gain":75,"player_choice":"Gather Gold","damage_taken":11,"max_hp_gain":0,"max_hp_loss":0,"event_name":"World of Goop","floor":3,"gold_loss":0},{"damage_healed":0,"gold_gain":0,"player_choice":"Rummage","damage_taken":0,"relics_obtained":["WarpedTongs"],"max_hp_gain":0,"max_hp_loss":0,"event_name":"Accursed Blacksmith","floor":4,"gold_loss":0,"cards_obtained":["Pain"]},{"cards_removed":["Pain"],"damage_healed":0,"gold_gain":0,"player_choice":"Offered Curse","damage_taken":0,"relics_obtained":["Spirit Poop"],"max_hp_gain":0,"max_hp_loss":0,"event_name":"Bonfire Elementals","floor":12,"gold_loss":0}],"is_beta":false,"boss_relics":[{"not_picked":["Philosopher\u0027s Stone","Empty Cage"],"picked":"Runic Pyramid"}],"items_purged_floors":[],"is_endless":false,"potions_floor_spawned":[5,16],"killed_by":"Centurion and Healer","ascension_level":8}}