{"host":"qgrlfjrqk9z96gfi","time":1613275928,"event":{"mods":["BaseMod","Block Reminder","Colored Map","Custom Start","DeckTracker","Minty Spire (QoL Compilation)"],"gold_per_floor":[110,121,121,140,155,155,175,205,275,307,307,336,36,36,36,132,132,155,155,180,199,155,186,201,242,242,242,258,277,277,65,65,156,156,175,196,196,196,211,249,249,290,314,353,45,84,0,0,0,0,0],"floor_reached":52,"language":"ENG","playtime":2340,"items_purged":["Strike_G","Sucker Punch+1"],"score":2481,"play_id":"6c1ab57f-3089-4bbe-bae0-6bdcb9ccfda6","local_time":"20210213181208","is_ascension_mode":true,"campfire_choices":[{"data":"Neutralize","floor":6.0,"key":"SMITH"},{"floor":11.0,"key":"REST"},{"data":"Survivor","floor":15.0,"key":"SMITH"},{"data":"1","floor":32,"key":"LIFT"},{"data":"2","floor":41,"key":"LIFT"},{"data":"3","floor":49,"key":"LIFT"}],"circlet_count":0,"master_deck":["AscendersBane","Survivor+1","Neutralize+1","Terror+1","Dash+1","Poisoned Stab+1","Tools of the Trade+1","Backflip+1","Backstab+1","Adrenaline+1","Blade Dance+1","Well Laid Plans+1","Blind+1","Wraith Form v2+1","Setup+1","Finisher+1","Accuracy+1","Wraith Form v2+1","Eviscerate+1","Caltrops+1","Predator+1","Dagger Throw+1","Deflect+1","RitualDagger+1","Backflip+1","Footwork+1","Tactician+1","Reflex+1","PiercingWail+1","Venomology+1","Dodge and Roll+1","Prepared+1","Dagger Spray+1","Corpse Explosion+1","Cloak And Dagger+1","Escape Plan+1","Bullet Time+1","Choke+1","Acrobatics+1"],"relics":["Ring of the Snake","Frozen Egg 2","Molten Egg 2","Toxic Egg 2","Ninja Scroll","Gremlin Horn","Ice Cream","Bag of Preparation","Golden Idol","Pandora\u0027s Box","Ornamental Fan","Blood Vial","Darkstone Periapt","Girya","TheAbacus","Philosopher\u0027s Stone","Akabeko","StrikeDummy","Bronze Scales","Pen Nib","Oddly Smooth Stone","Art of War","Red Mask"],"acts_visited":["Exordium","TheCity","TheBeyond"],"potions_floor_usage":[25,25,25,40,40,42,42,46,50,51,51],"damage_taken":[{"damage":2.0,"enemies":"Jaw Worm","floor":1.0,"turns":6.0},{"damage":6.0,"enemies":"Small Slimes","floor":2.0,"turns":5.0},{"damage":0.0,"enemies":"2 Louse","floor":4.0,"turns":2.0},{"damage":0.0,"enemies":"Red Slaver","floor":5.0,"turns":3.0},{"damage":7.0,"enemies":"Exordium Wildlife","floor":7.0,"turns":4.0},{"damage":17.0,"enemies":"Gremlin Nob","floor":8.0,"turns":4.0},{"damage":17.0,"enemies":"3 Sentries","floor":10.0,"turns":7.0},{"damage":2.0,"enemies":"Lagavulin","floor":12.0,"turns":3.0},{"damage":2.0,"enemies":"The Guardian","floor":16.0,"turns":11.0},{"damage":0,"enemies":"3 Byrds","floor":18,"turns":2},{"damage":0,"enemies":"Spheric Guardian","floor":20,"turns":1},{"damage":0,"enemies":"Snake Plant","floor":21,"turns":3},{"damage":0,"enemies":"Gremlin Leader","floor":23,"turns":1},{"damage":1,"enemies":"Centurion and Healer","floor":24,"turns":3},{"damage":0,"enemies":"Book of Stabbing","floor":25,"turns":3},{"damage":0,"enemies":"Cultist and Chosen","floor":28,"turns":4},{"damage":0,"enemies":"Sentry and Sphere","floor":29,"turns":3},{"damage":0,"enemies":"Automaton","floor":33,"turns":7},{"damage":0,"enemies":"3 Darklings","floor":35,"turns":3},{"damage":0,"enemies":"3 Shapes","floor":36,"turns":2},{"damage":0,"enemies":"Spire Growth","floor":39,"turns":3},{"damage":2,"enemies":"Giant Head","floor":40,"turns":5},{"damage":0,"enemies":"Nemesis","floor":42,"turns":3},{"damage":8,"enemies":"Giant Head","floor":44,"turns":5},{"damage":1,"enemies":"Nemesis","floor":46,"turns":5},{"damage":0,"enemies":"Donu and Deca","floor":50,"turns":6},{"damage":27,"enemies":"Awakened One","floor":51,"turns":9}],"seed_played":"5472295950586038145","potions_obtained":[{"floor":4.0,"key":"EntropicBrew"},{"floor":5.0,"key":"Poison Potion"},{"floor":12.0,"key":"EssenceOfSteel"},{"floor":16.0,"key":"EntropicBrew"},{"floor":40,"key":"LiquidBronze"},{"floor":46,"key":"Weak Potion"}],"is_trial":true,"path_per_floor":["M","M","?","M","M","R","M","E","T","E","R","E","$","?","R","B",null,"M","?","M","M","$","E","M","E","T","?","M","M","T","$","R","B",null,"M","M","?","?","M","E","R","E","T","E","$","E","?","$","R","B","B",null],"character_chosen":"THE_SILENT","items_purchased":["Blade Dance+1","Well Laid Plans+1","Blind+1","Tactician+1","Dagger Spray+1","TheAbacus","Choke+1","Oddly Smooth Stone"],"campfire_rested":1,"item_purchase_floors":[13,13,13,22,31,31,45,45],"current_hp_per_floor":[57,51,56,56,56,56,49,32,32,15,36,34,34,34,34,32,56,56,50,50,50,50,50,49,49,49,49,51,53,53,53,53,55,62,64,64,64,55,57,57,57,59,59,53,53,54,54,54,54,56,43],"gold":0,"neow_bonus":"","is_daily":false,"chose_seed":false,"campfire_upgraded":2,"win_rate":0.0,"timestamp":1613275928,"path_taken":["M","M","?","M","M","R","M","E","T","E","R","E","$","?","R","BOSS","M","?","M","M","$","E","M","E","T","?","M","?","?","$","R","BOSS","M","M","?","?","?","E","R","E","T","E","$","E","?","$","R","BOSS","BOSS"],"items_purchased_type":["Card","Card","Card","Card","Card","Relic","Card","Relic"],"build_version":"2020-12-22","purchased_purges":2,"victory":true,"max_hp_per_floor":[66,66,71,71,71,71,71,71,71,71,71,71,71,64,64,64,64,64,64,64,64,64,64,64,64,64,64,64,64,64,64,64,64,64,64,64,64,64,64,64,64,64,64,64,64,64,64,64,64,64,64],"card_choices":[{"not_picked":["Slice+1","Masterful Stab+1"],"picked":"Terror+1","floor":1.0},{"not_picked":["Backflip+1","Poisoned Stab+1"],"picked":"Dash+1","floor":2.0},{"not_picked":["Dodge and Roll+1","Flying Knee+1"],"picked":"Poisoned Stab+1","floor":4.0},{"not_picked":["Sucker Punch+1","Backflip+1"],"picked":"Tools of the Trade+1","floor":5.0},{"not_picked":["Poisoned Stab+1","Terror+1"],"picked":"Sucker Punch+1","floor":7.0},{"not_picked":["Flechettes+1","Prepared+1"],"picked":"Backflip+1","floor":8.0},{"not_picked":["Deadly Poison+1","Blur+1"],"picked":"Backstab+1","floor":10.0},{"not_picked":["Choke+1","Cloak And Dagger+1"],"picked":"Adrenaline+1","floor":12.0},{"not_picked":["Burst+1","A Thousand Cuts+1"],"picked":"Wraith Form v2+1","floor":16.0},{"not_picked":["Catalyst+1","Setup+1"],"picked":"Deflect+1","floor":18},{"not_picked":["Heel Hook+1","Distraction+1"],"picked":"Backflip+1","floor":20},{"not_picked":["All Out Attack+1","Eviscerate+1"],"picked":"Footwork+1","floor":21},{"not_picked":["Storm of Steel+1","Expertise+1"],"picked":"Reflex+1","floor":23},{"not_picked":["Deflect+1","Underhanded Strike+1"],"picked":"PiercingWail+1","floor":24},{"not_picked":["Blur+1","Outmaneuver+1"],"picked":"Venomology+1","floor":25},{"not_picked":["Bouncing Flask+1","Poisoned Stab+1"],"picked":"Dodge and Roll+1","floor":28},{"not_picked":["Underhanded Strike+1","Slice+1"],"picked":"Prepared+1","floor":29},{"not_picked":["Doppelganger+1","A Thousand Cuts+1"],"picked":"Corpse Explosion+1","floor":33},{"not_picked":["Deflect+1","Slice+1"],"picked":"Cloak And Dagger+1","floor":35},{"not_picked":["Endless Agony+1","Outmaneuver+1","Dash+1"],"picked":"SKIP","floor":36},{"not_picked":["Flying Knee+1","Underhanded Strike+1"],"picked":"Escape Plan+1","floor":39},{"not_picked":["Dodge and Roll+1","Bouncing Flask+1","Cloak And Dagger+1"],"picked":"SKIP","floor":40},{"not_picked":["Heel Hook+1","Sucker Punch+1","Catalyst+1"],"picked":"SKIP","floor":42},{"not_picked":["Flying Knee+1","PiercingWail+1"],"picked":"Bullet Time+1","floor":44},{"not_picked":["Underhanded Strike+1","Flying Knee+1"],"picked":"Acrobatics+1","floor":46}],"player_experience":1139594,"relics_obtained":[{"floor":8.0,"key":"Ninja Scroll"},{"floor":9.0,"key":"Gremlin Horn"},{"floor":10.0,"key":"Ice Cream"},{"floor":12.0,"key":"Bag of Preparation"},{"floor":23,"key":"Ornamental Fan"},{"floor":25,"key":"Blood Vial"},{"floor":26,"key":"Darkstone Periapt"},{"floor":30,"key":"Girya"},{"floor":40,"key":"Akabeko"},{"floor":42,"key":"StrikeDummy"},{"floor":43,"key":"Bronze Scales"},{"floor":44,"key":"Pen Nib"},{"floor":46,"key":"Art of War"}],"event_choices":[{"damage_healed":0.0,"max_hp_gain":5.0,"max_hp_loss":0.0,"gold_gain":0.0,"event_name":"Big Fish","player_choice":"Donut","floor":3.0,"gold_loss":0.0,"damage_taken":0.0},{"damage_healed":0.0,"max_hp_gain":0.0,"max_hp_loss":7.0,"gold_gain":0.0,"event_name":"Golden Idol","player_choice":"Lose Max HP","floor":14.0,"gold_loss":0.0,"damage_taken":0.0,"relics_obtained":["Golden Idol"]},{"damage_healed":0,"gold_gain":0,"player_choice":"Joined the Cult","damage_taken":6,"max_hp_gain":0,"max_hp_loss":0,"event_name":"Nest","floor":19,"gold_loss":0,"cards_obtained":["RitualDagger"]},{"damage_healed":0,"gold_gain":0,"player_choice":"Ignored","damage_taken":0,"max_hp_gain":0,"max_hp_loss":0,"event_name":"Upgrade Shrine","floor":27,"gold_loss":0},{"cards_removed":["Poisoned Stab"],"damage_healed":0,"gold_gain":0,"player_choice":"Removed Attack","damage_taken":0,"max_hp_gain":0,"max_hp_loss":0,"event_name":"Falling","floor":37,"gold_loss":0},{"damage_healed":0,"gold_gain":0,"player_choice":"Damaged","damage_taken":9,"max_hp_gain":0,"max_hp_loss":0,"event_name":"Wheel of Change","floor":38,"gold_loss":0},{"damage_healed":0,"gold_gain":0,"player_choice":"Paid","damage_taken":0,"relics_obtained":["Red Mask"],"max_hp_gain":0,"max_hp_loss":0,"event_name":"Tomb of Lord Red Mask","floor":47,"gold_loss":84}],"is_beta":false,"boss_relics":[{"not_picked":["WristBlade","SacredBark"],"picked":"Pandora\u0027s Box"},{"not_picked":["Astrolabe","Calling Bell"],"picked":"Philosopher\u0027s Stone"}],"items_purged_floors":[13,45],"is_endless":false,"potions_floor_spawned":[4,5,12,16,18,20,23,28,36,40,46],"ascension_level":20}}