{"host":"pj7egx7jkoz18hom","time":1613314580,"event":{"mods":["AchievementEnabler","BaseMod","Keyboard Shortcuts","Minty Spire (QoL Compilation)","SuperFastMode"],"gold_per_floor":[113,130,19,19,30,30,61,61,107,123,142,169,187,218,218,321,321,341,440,440,365,377,377,47,81,81,115,565,565],"floor_reached":28,"language":"KOR","playtime":959,"items_purged":[],"score":384,"play_id":"c77cdcca-ce2c-4b28-af5c-9b8e796c6426","local_time":"20210214235620","is_ascension_mode":true,"campfire_choices":[{"data":"Sunder","floor":6,"key":"SMITH"},{"data":"Hologram","floor":8,"key":"SMITH"},{"floor":15,"key":"REST"},{"data":"Fusion","floor":23,"key":"SMITH"}],"circlet_count":0,"master_deck":["Defend_B","Defend_B","Defend_B","Zap","Dualcast","Biased Cognition","Conserve Battery","Hologram+1","Sunder+1","Self Repair","Leap","Auto Shields","Fusion+1","Echo Form","Beam Cell","Electrodynamics","Bite","Bite","Bite","Bite","Bite","Defragment","Hyperbeam"],"relics":["Cracked Core","Bag of Marbles","PreservedInsect","MealTicket","Incense Burner","StoneCalendar","Velvet Choker","Bottled Tornado","Tiny Chest","Cables","Oddly Smooth Stone"],"acts_visited":["Exordium","TheCity"],"potions_floor_usage":[14,14,14,22],"damage_taken":[{"damage":2,"enemies":"Jaw Worm","floor":1,"turns":3},{"damage":11,"enemies":"2 Louse","floor":2,"turns":3},{"damage":0,"enemies":"Small Slimes","floor":5,"turns":2},{"damage":20,"enemies":"Lagavulin","floor":7,"turns":6},{"damage":1,"enemies":"Blue Slaver","floor":10,"turns":3},{"damage":0,"enemies":"2 Fungi Beasts","floor":11,"turns":2},{"damage":10,"enemies":"3 Sentries","floor":12,"turns":5},{"damage":26,"enemies":"Gremlin Gang","floor":13,"turns":6},{"damage":8,"enemies":"Lagavulin","floor":14,"turns":6},{"damage":0,"enemies":"Slime Boss","floor":16,"turns":7},{"damage":38,"enemies":"Chosen","floor":18,"turns":5},{"damage":12,"enemies":"3 Byrds","floor":22,"turns":4},{"damage":4,"enemies":"Gremlin Leader","floor":25,"turns":4},{"damage":21,"enemies":"Book of Stabbing","floor":27,"turns":4}],"seed_played":"-3997026025024587328","potions_obtained":[{"floor":1,"key":"SpeedPotion"},{"floor":5,"key":"GamblersBrew"},{"floor":11,"key":"Swift Potion"},{"floor":13,"key":"FearPotion"},{"floor":16,"key":"BlessingOfTheForge"},{"floor":18,"key":"SneckoOil"},{"floor":22,"key":"Block Potion"}],"is_trial":false,"path_per_floor":["M","M","$","?","M","R","E","R","T","M","M","E","M","E","R","B",null,"M","?","?","?","M","R","$","E","T","E","?"],"character_chosen":"DEFECT","items_purchased":["Sunder","Self Repair","Bottled Tornado","Defragment"],"campfire_rested":1,"item_purchase_floors":[3,3,24,24],"current_hp_per_floor":[73,62,62,50,50,50,37,37,37,43,50,47,28,27,49,49,75,44,44,44,44,52,52,52,50,50,47,0,0],"gold":565,"neow_bonus":"ONE_RANDOM_RARE_CARD","is_daily":false,"chose_seed":false,"campfire_upgraded":3,"win_rate":0.0,"timestamp":1613314580,"path_taken":["M","M","$","?","M","R","E","R","T","M","M","E","M","E","R","BOSS","M","?","?","?","M","R","?","E","T","E","?"],"items_purchased_type":["Card","Card","Relic","Card"],"build_version":"2020-12-22","purchased_purges":0,"victory":false,"max_hp_per_floor":[75,75,75,75,75,75,75,75,75,75,75,75,75,75,75,75,75,75,75,52,52,52,52,52,52,52,52,52,52],"card_choices":[{"not_picked":["Consume","Gash"],"picked":"Conserve Battery","floor":1},{"not_picked":["Force Field","Darkness"],"picked":"Hologram","floor":2},{"not_picked":["Turbo","Hologram"],"picked":"Leap","floor":5},{"not_picked":["All For One","Hologram","Compile Driver"],"picked":"SKIP","floor":7},{"not_picked":["Hologram","Loop"],"picked":"Auto Shields","floor":10},{"not_picked":["Coolheaded","Rebound"],"picked":"Fusion","floor":11},{"not_picked":["Go for the Eyes","Auto Shields"],"picked":"Echo Form","floor":12},{"not_picked":["Stack","Gash"],"picked":"Beam Cell","floor":13},{"not_picked":["Steam","Loop","Seek"],"picked":"SKIP","floor":14},{"not_picked":["Echo Form","Amplify"],"picked":"Electrodynamics","floor":16},{"not_picked":["Steam","Barrage","Streamline+1"],"picked":"SKIP","floor":18},{"not_picked":["Compile Driver","FTL","Gash"],"picked":"SKIP","floor":22},{"not_picked":["Darkness","Doom and Gloom+1"],"picked":"Hyperbeam","floor":25},{"not_picked":["Blizzard","Turbo","Stack"],"picked":"SKIP","floor":27}],"player_experience":65072,"relics_obtained":[{"floor":7,"key":"PreservedInsect"},{"floor":9,"key":"MealTicket"},{"floor":12,"key":"Incense Burner"},{"floor":14,"key":"StoneCalendar"},{"floor":25,"key":"Tiny Chest"},{"floor":26,"key":"Cables"},{"floor":27,"key":"Oddly Smooth Stone"}],"event_choices":[{"damage_healed":0,"gold_gain":0,"player_choice":"Success","damage_taken":12,"relics_obtained":["Bag of Marbles"],"max_hp_gain":0,"max_hp_loss":0,"event_name":"Scrap Ooze","floor":4,"gold_loss":0},{"damage_healed":0,"gold_gain":99,"player_choice":"Stole From Cult","damage_taken":0,"max_hp_gain":0,"max_hp_loss":0,"event_name":"Nest","floor":19,"gold_loss":0},{"damage_healed":0,"gold_gain":0,"player_choice":"Became a vampire","damage_taken":0,"max_hp_gain":0,"max_hp_loss":23,"event_name":"Vampires","floor":20,"gold_loss":0,"cards_obtained":["Bite","Bite","Bite","Bite","Bite"]},{"cards_removed":["Defend_B"],"damage_healed":0,"gold_gain":0,"player_choice":"Gave Gold","damage_taken":0,"max_hp_gain":0,"max_hp_loss":0,"event_name":"Beggar","floor":21,"gold_loss":75}],"is_beta":false,"boss_relics":[{"not_picked":["Fusion Hammer","Busted Crown"],"picked":"Velvet Choker"}],"items_purged_floors":[],"is_endless":false,"potions_floor_spawned":[1,5,11,13,16,18,22],"ascension_level":2}}