{"host":"zwydedqo0vxtlknl","time":1613303847,"event":{"mods":["BaseMod","Chen","HololiveMod","Marisa????????","Minty Spire (QoL Compilation)","Quick Restart","Reimu??????","Relic Filter","StSLib","Td1madao Mod","The Alterego","Uncapped"],"gold_per_floor":[11,11,26,40,115,115,115,115,115,34,34,58,98,98,98,221,221,239,8,39,1,24,24,43,43,43,43,84,109,109,124,124,245,245,263,26,51,70,70,70,70,70],"floor_reached":41,"language":"ENG","playtime":3198,"items_purged":[],"score":561,"play_id":"d8bf8dfb-176f-402e-bf7b-e2045a40e5be","local_time":"20210214125727","is_ascension_mode":true,"campfire_choices":[{"data":"Hololive_CallAmaneKanata","floor":6,"key":"SMITH"},{"data":"Hololive_CallRoboco","floor":8,"key":"SMITH"},{"data":"Hololive_CallMinatoAqua","floor":15,"key":"SMITH"},{"data":"Hololive_CallTsunomakiWatame","floor":23,"key":"SMITH"},{"data":"Hololive_Psychosis","floor":27,"key":"SMITH"},{"data":"Hololive_Psychosis","floor":30,"key":"SMITH"},{"data":"Hololive_Psychosis","floor":32,"key":"SMITH"},{"floor":40,"key":"REST"}],"circlet_count":0,"master_deck":["Hololive_Strike","Hololive_Strike","Hololive_Defend","Hololive_Defend","Hololive_OvertimeWork","Hololive_CallRoboco+1","Hololive_CallAmaneKanata+1","Hololive_CallAkaiHaato","Hololive_CallRosalyn","Hololive_CallAyundaRisu","Hololive_StrengthChampion","Hololive_Psychosis+1","Hololive_Psychosis+1","Hololive_CallTsunomakiWatame+1","Injury","Hololive_Psychosis+1","Hololive_CallMinatoAqua+1","Hololive_WolfAndLamb+1","Hololive_Watashimo+1","Hololive_Sequa","Hololive_Watashimo+1","Hololive_Watashimo+1","Hololive_CallTokinoSora+1","Hololive_HuntDinosaur+1","Hololive_StarCraft+1","Hololive_ILoveYou+1","Hololive_CallOkamiMio","Hololive_Yoholoon+1","Hololive_CallYozoraMel+1","Impatience+1"],"relics":["Hololive_TheStar","StoneCalendar","Du-Vu Doll","Matryoshka","Golden Idol","Toxic Egg 2","FaceOfCleric","Hololive_Finger","Membership Card","Vajra","Red Mask","MutagenicStrength","PreservedInsect","Orichalcum","MutagenicStrength","Ice Cream","Medical Kit","Akabeko"],"acts_visited":["Exordium","TheCity","TheBeyond"],"potions_floor_usage":[20,28,33,33,38,41],"damage_taken":[{"damage":0,"enemies":"2 Louse","floor":1,"turns":3},{"damage":0,"enemies":"Small Slimes","floor":3,"turns":4},{"damage":0,"enemies":"Jaw Worm","floor":4,"turns":3},{"damage":0,"enemies":"Blue Slaver","floor":12,"turns":3},{"damage":0,"enemies":"3 Sentries","floor":13,"turns":6},{"damage":0,"enemies":"Hexaghost","floor":16,"turns":5},{"damage":0,"enemies":"Shell Parasite","floor":18,"turns":4},{"damage":0,"enemies":"Masked Bandits","floor":20,"turns":4},{"damage":0,"enemies":"3 Byrds","floor":22,"turns":2},{"damage":0,"enemies":"Sentry and Sphere","floor":24,"turns":3},{"damage":2,"enemies":"Book of Stabbing","floor":28,"turns":4},{"damage":0,"enemies":"Centurion and Healer","floor":29,"turns":3},{"damage":0,"enemies":"Shelled Parasite and Fungi","floor":31,"turns":3},{"damage":0,"enemies":"Automaton","floor":33,"turns":7},{"damage":0,"enemies":"3 Shapes","floor":35,"turns":3},{"damage":0,"enemies":"Orb Walker","floor":37,"turns":3},{"damage":32,"enemies":"Jaw Worm Horde","floor":38,"turns":7},{"damage":32,"enemies":"Reptomancer","floor":41,"turns":3}],"seed_played":"4036866816801472057","potions_obtained":[{"floor":1,"key":"AttackPotion"},{"floor":3,"key":"DuplicationPotion"},{"floor":4,"key":"Dexterity Potion"},{"floor":22,"key":"CultistPotion"},{"floor":28,"key":"Dexterity Potion"},{"floor":33,"key":"FearPotion"},{"floor":35,"key":"EssenceOfSteel"},{"floor":38,"key":"Strength Potion"}],"is_trial":false,"path_per_floor":["M","$","M","M","?","R","?","R","T","$","?","M","E","?","R","B",null,"M","$","?","$","M","R","M","?","T","R","E","M","R","M","R","B",null,"M","$","M","M","?","R","E"],"character_chosen":"Hololive_HololiveCharacter","items_purchased":["Hololive_CallTsunomakiWatame","Membership Card","Vajra","Hololive_Watashimo+1","Hololive_CallOkamiMio","Medical Kit","Akabeko"],"campfire_rested":1,"item_purchase_floors":[10,19,19,21,36,36,36],"current_hp_per_floor":[35,35,35,35,24,24,21,21,21,21,21,21,21,21,21,22,36,37,37,38,38,39,39,40,40,40,40,39,40,40,41,41,42,44,45,45,46,15,15,29,0,0],"gold":70,"neow_bonus":"ONE_RARE_RELIC","is_daily":false,"chose_seed":false,"campfire_upgraded":7,"win_rate":0.0,"timestamp":1613303847,"path_taken":["M","$","M","M","?","R","?","R","T","$","?","?","E","?","R","BOSS","M","?","?","?","M","R","M","?","T","R","E","?","R","M","R","BOSS","M","$","M","M","?","R","E"],"items_purchased_type":["Card","Relic","Relic","Card","Card","Relic","Relic"],"build_version":"2020-12-22","purchased_purges":0,"victory":false,"max_hp_per_floor":[35,35,35,35,35,35,35,35,35,35,35,35,35,35,35,36,36,37,37,38,38,39,39,40,40,40,40,41,42,42,43,43,44,44,45,45,46,47,47,47,47,47],"card_choices":[{"not_picked":["Hololive_CallAkiRosenthal","Hololive_LuckPotion","Hololive_CallRosalyn"],"picked":"Hololive_StrengthChampion","floor":1},{"not_picked":["Hololive_Sequa","Hololive_CallShishiroBotan","Hololive_OvertimeWork"],"picked":"Hololive_Psychosis","floor":3},{"not_picked":["Hololive_StrengthChampion","Hololive_BringToTrial","Hololive_CallOzoraSubaru"],"picked":"Hololive_Psychosis","floor":4},{"not_picked":["Hololive_BringToTrial","Hololive_Breathe","Hololive_CocoNews"],"picked":"Hololive_Psychosis","floor":12},{"not_picked":["Hololive_OvertimeWork","Hololive_CallInugamiKorone","Hololive_DiamondStrike"],"picked":"Hololive_CallMinatoAqua","floor":13},{"not_picked":["Hololive_Thief+1","Hololive_Recruit+1","Hololive_IdolExercise+1"],"picked":"Hololive_WolfAndLamb+1","floor":16},{"not_picked":["Hololive_CallArtia","Hololive_HuntDinosaur+1","Hololive_FlyingPonyTail+1"],"picked":"Hololive_Watashimo+1","floor":18},{"not_picked":["Hololive_Drill","Hololive_HuntDinosaur+1","Hololive_StrengthChampion"],"picked":"Hololive_Sequa","floor":20},{"not_picked":["Hololive_Breathe+1","Hololive_Drill","Hololive_Psychosis+1"],"picked":"Hololive_Watashimo+1","floor":22},{"not_picked":["Hololive_RevenueBasedLive+1","Hololive_FlyingPonyTail+1","Hololive_Breathe+1"],"picked":"Hololive_CallTokinoSora+1","floor":24},{"not_picked":["Hololive_Drill","Hololive_CallMurasakiShion+1","Hololive_CallAiraniIofifteen","Hololive_CallUsadaPekora"],"picked":"SKIP","floor":28},{"not_picked":["Hololive_Breathe+1","Hololive_LuckPotion+1","Hololive_CallRoboco"],"picked":"Hololive_HuntDinosaur+1","floor":29},{"not_picked":["Hololive_Breathe+1","Hololive_LuckPotion+1","Hololive_RevenueBasedLive+1","Hololive_HuntDinosaur+1"],"picked":"SKIP","floor":31},{"not_picked":["Hololive_FlareMind+1","Hololive_Rebirth+1","Hololive_MaximGun"],"picked":"Hololive_StarCraft+1","floor":33},{"not_picked":["Hololive_Drill+1","Hololive_HuntDinosaur+1","Hololive_LuckPotion+1"],"picked":"Hololive_ILoveYou+1","floor":35},{"not_picked":["Hololive_HuntDinosaur+1","Hololive_CallOmaruPolka","Hololive_LuckPotion+1"],"picked":"Hololive_Yoholoon+1","floor":37},{"not_picked":["Hololive_CallTsunomakiWatame","Hololive_Sequa","Hololive_CallRosalyn+1"],"picked":"Hololive_CallYozoraMel+1","floor":38},{"not_picked":["Transmutation+1","HandOfGreed","Dramatic Entrance"],"picked":"Impatience+1","floor":39}],"player_experience":1281821,"relics_obtained":[{"floor":9,"key":"Matryoshka"},{"floor":13,"key":"Toxic Egg 2"},{"floor":20,"key":"Red Mask"},{"floor":26,"key":"PreservedInsect"},{"floor":26,"key":"Orichalcum"},{"floor":28,"key":"MutagenicStrength"}],"event_choices":[{"damage_healed":0,"gold_gain":75,"player_choice":"Gather Gold","damage_taken":11,"max_hp_gain":0,"max_hp_loss":0,"event_name":"World of Goop","floor":5,"gold_loss":0},{"damage_healed":0,"gold_gain":0,"player_choice":"Success","damage_taken":3,"relics_obtained":["Du-Vu Doll"],"max_hp_gain":0,"max_hp_loss":0,"event_name":"Scrap Ooze","floor":7,"gold_loss":0},{"damage_healed":0,"gold_gain":0,"player_choice":"Take Wound","damage_taken":0,"relics_obtained":["Golden Idol"],"max_hp_gain":0,"max_hp_loss":0,"event_name":"Golden Idol","floor":11,"gold_loss":0,"cards_obtained":["Injury"]},{"damage_healed":0,"gold_gain":0,"player_choice":"Trade","damage_taken":0,"relics_obtained":["FaceOfCleric"],"max_hp_gain":0,"max_hp_loss":0,"event_name":"FaceTrader","floor":14,"gold_loss":0},{"damage_healed":0,"gold_gain":0,"player_choice":"Fought Bandits","damage_taken":0,"max_hp_gain":0,"max_hp_loss":0,"event_name":"Masked Bandits","floor":20,"gold_loss":0},{"damage_healed":0,"gold_gain":0,"player_choice":"Inject Mutagens","damage_taken":0,"relics_obtained":["MutagenicStrength"],"max_hp_gain":0,"max_hp_loss":0,"event_name":"Drug Dealer","floor":25,"gold_loss":0},{"damage_healed":0,"gold_gain":0,"player_choice":"Memory 1","damage_taken":0,"max_hp_gain":0,"max_hp_loss":0,"event_name":"SensoryStone","floor":39,"gold_loss":0}],"is_beta":false,"boss_relics":[{"not_picked":["Tiny House","RedLine:ReiMu"],"picked":"Hololive_Finger"},{"not_picked":["Sozu","Hololive_TopUpMoneyS"],"picked":"Ice Cream"}],"items_purged_floors":[],"is_endless":false,"potions_floor_spawned":[1,3,4,22,24,28,29,33,35,38],"killed_by":"Reptomancer","ascension_level":1}}