{"host":"vxxgntm1odai56nh","time":1613334571,"event":{"mods":["AchievementEnabler","BaseMod","Colored Map","Colored Powertips","Highlight Path","Minty Spire (QoL Compilation)","Permanent Neow","Rare Cards Sparkle","Relic Stats","StSLib"],"gold_per_floor":[114,131,53,53,72,72,104,104,104,104,124,89,89,14,14,140,140,164,89,112,112,132,132,132],"floor_reached":23,"language":"ENG","playtime":855,"items_purged":["Injury"],"score":227,"play_id":"805158f9-7006-49bf-b66e-d94f64744b38","local_time":"20210214152931","is_ascension_mode":true,"campfire_choices":[{"data":"Streamline","floor":6,"key":"SMITH"},{"data":"Biased Cognition","floor":8,"key":"SMITH"},{"data":"Fission","floor":10,"key":"SMITH"},{"data":"Zap","floor":15,"key":"SMITH"}],"circlet_count":0,"master_deck":["Strike_B","Defend_B","Defend_B","Defend_B","Defend_B","Zap+1","Dualcast","Streamline+1","Rebound","Biased Cognition+1","Fission+1","Defragment","Turbo","Multi-Cast","Reinforced Body","Self Repair","Stack","Hologram"],"relics":["Cracked Core","Pocketwatch","Art of War","TungstenRod","Golden Idol","SacredBark"],"acts_visited":["Exordium","TheCity"],"potions_floor_usage":[7,23,23],"damage_taken":[{"damage":13,"enemies":"Small Slimes","floor":1,"turns":3},{"damage":2,"enemies":"2 Louse","floor":2,"turns":2},{"damage":0,"enemies":"Cultist","floor":5,"turns":2},{"damage":15,"enemies":"3 Sentries","floor":7,"turns":5},{"damage":1,"enemies":"3 Louse","floor":11,"turns":2},{"damage":19,"enemies":"The Guardian","floor":16,"turns":11},{"damage":20,"enemies":"Shell Parasite","floor":18,"turns":5},{"damage":17,"enemies":"Spheric Guardian","floor":20,"turns":4},{"damage":0,"enemies":"Snecko","floor":22,"turns":4},{"damage":48,"enemies":"Slavers","floor":23,"turns":4}],"seed_played":"-3569708265358639799","potions_obtained":[{"floor":1,"key":"Weak Potion"},{"floor":2,"key":"Explosive Potion"},{"floor":16,"key":"Fire Potion"},{"floor":18,"key":"FearPotion"}],"is_trial":false,"path_per_floor":["M","M","$","?","M","R","E","R","T","R","M","?","?","$","R","B",null,"M","?","M","?","M","E"],"character_chosen":"DEFECT","items_purchased":["Biased Cognition"],"campfire_rested":0,"item_purchase_floors":[3],"current_hp_per_floor":[62,60,60,53,53,53,38,38,38,38,37,55,55,55,55,36,75,55,55,38,38,45,0,0],"gold":132,"neow_bonus":"REMOVE_CARD","is_daily":false,"chose_seed":false,"campfire_upgraded":4,"win_rate":0.0,"timestamp":1613334571,"path_taken":["M","M","$","?","M","R","E","R","T","R","M","?","?","$","R","BOSS","M","?","M","?","?","E"],"items_purchased_type":["Card"],"build_version":"2020-12-22","purchased_purges":1,"victory":false,"max_hp_per_floor":[75,75,75,75,75,75,75,75,75,75,75,75,75,75,75,75,75,75,75,75,75,75,75,75],"relic_stats":{"counters":[10,42],"Golden Idol":39,"Art of War":[6],"obtain_stats":[{"Golden Idol":13,"SacredBark":17,"Art of War":7,"Cracked Core":0,"TungstenRod":9,"Pocketwatch":4},{"Golden Idol":5,"SacredBark":6,"Art of War":4,"Cracked Core":0,"TungstenRod":4,"Pocketwatch":2},{"Golden Idol":14,"SacredBark":25,"Art of War":12,"Cracked Core":0,"TungstenRod":12,"Pocketwatch":5}],"TungstenRod":20,"Pocketwatch":[45]},"card_choices":[{"not_picked":["Melter","Sweeping Beam"],"picked":"Streamline","floor":1},{"not_picked":["Reprogram","Steam"],"picked":"Rebound","floor":2},{"not_picked":["Barrage","Rebound"],"picked":"Fission","floor":5},{"not_picked":["Redo","Hologram"],"picked":"Defragment","floor":7},{"not_picked":["Gash","Stack"],"picked":"Turbo","floor":11},{"not_picked":["Meteor Strike","Reboot"],"picked":"Multi-Cast","floor":16},{"not_picked":["Redo","Stack+1"],"picked":"Reinforced Body","floor":18},{"not_picked":["Glacier","Compile Driver"],"picked":"Self Repair","floor":20},{"not_picked":["Ball Lightning","Streamline"],"picked":"Hologram","floor":22}],"player_experience":150212,"relics_obtained":[{"floor":7,"key":"Art of War"},{"floor":9,"key":"TungstenRod"}],"event_choices":[{"damage_healed":0,"gold_gain":0,"player_choice":"Success","damage_taken":7,"relics_obtained":["Pocketwatch"],"max_hp_gain":0,"max_hp_loss":0,"event_name":"Scrap Ooze","floor":4,"gold_loss":0},{"damage_healed":18,"gold_gain":0,"player_choice":"Healed","damage_taken":0,"max_hp_gain":0,"max_hp_loss":0,"event_name":"The Cleric","floor":12,"gold_loss":35},{"damage_healed":0,"gold_gain":0,"player_choice":"Take Wound","damage_taken":0,"relics_obtained":["Golden Idol"],"max_hp_gain":0,"max_hp_loss":0,"event_name":"Golden Idol","floor":13,"gold_loss":0,"cards_obtained":["Injury"]},{"cards_removed":["Strike_B"],"damage_healed":0,"gold_gain":0,"player_choice":"Gave Gold","damage_taken":0,"max_hp_gain":0,"max_hp_loss":0,"event_name":"Beggar","floor":19,"gold_loss":75},{"damage_healed":0,"gold_gain":0,"cards_transformed":["Strike_B"],"player_choice":"Transformed","damage_taken":0,"max_hp_gain":0,"max_hp_loss":0,"event_name":"Transmorgrifier","floor":21,"gold_loss":0,"cards_obtained":["Stack"]}],"is_beta":false,"boss_relics":[{"not_picked":["Empty Cage","Ectoplasm"],"picked":"SacredBark"}],"items_purged_floors":[14],"is_endless":false,"potions_floor_spawned":[1,2,16,18],"killed_by":"Slavers","ascension_level":4}}