{"host":"o6jypqxvs32x0i0a","time":1613277533,"event":{"mods":["ATMod(∞¢Ë™Mod)","Act Like it!","Arknights","BaseMod","CapriCore","Dota2Spire","Gensokyo","GifTheSpireLib","GungeonMod","Hallownest","Luminous","Minty Spire (QoL Compilation)","Reimu£®≤©¿ˆ¡È√Œ£©","Reliquary","Remilia£®¿Ÿ√◊¿Ú—«£©","Replay The Spire","Spicy Shops","StSLib","The Bug Knight","The Jungle","[IsaacMod]“‘»ˆº‚À˛","°æ“≈ŒÔø®≈∆°øREMEMod"],"gold_per_floor":[116,174,194,205,159,187,34,44,70,113,128,128,163,183,183,283,283,318,85,85,115,147,147,176,176,176,176,204,232,132,169,269,298,13,38,63,89,89,118,118,169,219,219,248,248,279,279,356],"floor_reached":34,"language":"ZHS","playtime":2612,"items_purged":["DemoMod:Defend_Huntress","Regret"],"score":2094,"play_id":"724d3128-63a2-4c36-87d8-3b45f4ba05f9","local_time":"20210214123853","is_ascension_mode":true,"campfire_choices":[{"data":"DemoMod:ManualReload","floor":12.0,"key":"SMITH"},{"data":"DemoMod:Gungine","floor":12.0,"key":"SMITH"},{"data":"DemoMod:PotionOfGunFriendShip","floor":15.0,"key":"SMITH"},{"data":"Gensokyo:Dawn","floor":15.0,"key":"SMITH"},{"data":"DemoMod:TableSutra","floor":23.0,"key":"SMITH"},{"data":"DemoMod:Replace","floor":23.0,"key":"SMITH"},{"data":"DemoMod:Replace","floor":25.0,"key":"SMITH"},{"data":"AT_FamilyPortrait","floor":25.0,"key":"SMITH"},{"floor":27.0,"key":"REST"},{"data":"DemoMod:SkilledReload","floor":23,"key":"SMITH"},{"data":"DemoMod:Behold!","floor":23,"key":"SMITH"},{"data":"DemoMod:GunslingerForm","floor":32,"key":"SMITH"},{"data":"DemoMod:DoubleSwitch","floor":32,"key":"SMITH"}],"circlet_count":0,"master_deck":["DemoMod:Strike_Huntress","DemoMod:Defend_Huntress","DemoMod:Defend_Huntress","DemoMod:Roll","DemoMod:ManualReload+1","DemoMod:RustySidearm","DemoMod:CrossBow","AT_FamilyPortrait+1","Gensokyo:Dawn+1","DemoMod:Ejector","DemoMod:Replace+1","DemoMod:PotionOfGunFriendShip+1","DemoMod:ZorGun","DemoMod:SniperShot+1","DemoMod:Replace+1","DemoMod:Gungine+1","DemoMod:ShadowBullets","DemoMod:TableSutra+1","DemoMod:GunslingerForm+1","DemoMod:DoubleSwitch+1","DemoMod:DarkMarker","DemoMod:BalloonGun","DemoMod:TeaPot+1","DemoMod:Behold!+1","DemoMod:HardPowerCard","DemoMod:SkilledReload+1","DemoMod:ShadowBullets+1","DemoMod:SuppressiveFire","DemoMod:HuntsMan","DemoMod:Camera","DemoMod:FightSabre","DemoMod:DoubleVision"],"relics":["DemoMod:Dog","REME_ComplimentaryCards","AT_ATBox","HushsDoor","DeadEye","NeowsBlessing","DemoMod:GnawedKey","Anchor","AT_BladeRuinedKing","DemoMod:PoisonVial","Replay:Arrowhead","Dota2Spire:ShadowBlade","ChampionBelt","HollowMod:PaleOreRelic","Lee\u0027s Waffle","theJungle:WildMango","Tiny Chest","DemoMod:ChaffGrenade","Prayer Wheel","DemoMod:GlassGuonStoneRelic","Orichalcum","BloodDonationMachine","BlankCard","GuppysPaw","Dota2Spire:OrchidMalevolence","SatanicBible","StoneCalendar","Lantern","PreservedInsect","AT_ForceNature","DemoMod:Limited","BelialBook","reliquary:TuningFork","Incense Burner","Ornamental Fan","AT_ArchangelStaff","AT_LudenTempest"],"acts_visited":["Gensokyo:Gensokyo","theJungle:Jungle"],"potions_floor_usage":[],"damage_taken":[{"damage":0.0,"enemies":"Gensokyo:Python","floor":1.0,"turns":1.0},{"damage":0.0,"enemies":"Gensokyo:Gryphon","floor":3.0,"turns":1.0},{"damage":0.0,"enemies":"Gensokyo:3_Fairies","floor":4.0,"turns":2.0},{"damage":16.0,"enemies":"Gensokyo:Mamizou","floor":6.0,"turns":7.0},{"damage":11.0,"enemies":"Gensokyo:Python_and_Kodama","floor":8.0,"turns":7.0},{"damage":7.0,"enemies":"Gensokyo:Aya","floor":10.0,"turns":5.0},{"damage":0.0,"enemies":"Gensokyo:2_Rabbits","floor":11.0,"turns":2.0},{"damage":4.0,"enemies":"Gensokyo:LivingMonolith","floor":13.0,"turns":3.0},{"damage":0.0,"enemies":"Gensokyo:LivingMonolith","floor":14.0,"turns":2.0},{"damage":4.0,"enemies":"Gensokyo:Reimu","floor":16.0,"turns":5.0},{"damage":0.0,"enemies":"theJungle:MamaSnecko","floor":18.0,"turns":3.0},{"damage":49.0,"enemies":"theJungle:2_Phrogs","floor":21.0,"turns":6.0},{"damage":20.0,"enemies":"theJungle:MamaSnecko","floor":22.0,"turns":1.0},{"damage":3.0,"enemies":"theJungle:2_Phrogs","floor":24.0,"turns":4.0},{"damage":0.0,"enemies":"theJungle:MamaSnecko","floor":28.0,"turns":3.0},{"damage":0.0,"enemies":"theJungle:Cassacara","floor":29.0,"turns":3.0},{"damage":0.0,"enemies":"theJungle:2_Phrogs","floor":31.0,"turns":4.0},{"damage":0,"enemies":"Book of Stabbing","floor":18,"turns":1},{"damage":0,"enemies":"REME_1_Revenger","floor":20,"turns":3},{"damage":0,"enemies":"Replay:Snechameleon","floor":21,"turns":2},{"damage":0,"enemies":"REME_1_Revenger","floor":22,"turns":2},{"damage":0,"enemies":"Replay:Snechameleon","floor":24,"turns":2},{"damage":0,"enemies":"Slavers","floor":29,"turns":3},{"damage":0,"enemies":"Book of Stabbing","floor":31,"turns":1},{"damage":0,"enemies":"Collector","floor":33,"turns":3}],"seed_played":"-297521858588227232","potions_obtained":[{"floor":1.0,"key":"Fire Potion"},{"floor":4.0,"key":"Dexterity Potion"},{"floor":6.0,"key":"Dexterity Potion"},{"floor":11.0,"key":"GamblersBrew"},{"floor":14.0,"key":"Block Potion"},{"floor":29.0,"key":"Toxic Potion"},{"floor":21,"key":"Energy Potion"},{"floor":22,"key":"Languid Potion"},{"floor":24,"key":"Block Potion"},{"floor":29,"key":"DuplicationPotion"},{"floor":33,"key":"Strength Potion"}],"is_trial":false,"path_per_floor":["M","?","M","M","$","E","COS","M","T","E","M","R","?","M","R","B",null,"M","$","?","M","M","R","M","R","T","R","M","E","$","M","R","M","$","M","M","M","R","M","?","T","T","T","M","?","E","R","B",null],"character_chosen":"HUNTRESS","items_purchased":["DemoMod:GnawedKey","Lee\u0027s Waffle","DemoMod:Purify","SatanicBible"],"campfire_rested":1,"item_purchase_floors":[5,19,19,19],"current_hp_per_floor":[70,55,55,55,55,39,39,28,28,21,21,21,17,17,17,13,54,54,74,88,39,19,19,16,16,16,42,42,42,42,42,75,75,75,75,75,75,75,75,75,75,75,75,75,75,75,75,75],"gold":356,"neow_bonus":"THREE_ENEMY_KILL","is_daily":false,"chose_seed":false,"campfire_upgraded":12,"win_rate":0.0,"timestamp":1613277533,"path_taken":["M","?","?","M","$","E","COS","M","T","E","M","R","?","M","R","BOSS","M","$","?","M","M","R","M","R","T","R","M","E","?","M","R","M","$","M","M","M","R","M","?","T","?","?","?","?","E","R","BOSS"],"items_purchased_type":["Relic","Relic","Card","Relic"],"build_version":"2020-12-22","purchased_purges":2,"victory":true,"max_hp_per_floor":[70,70,70,70,70,67,67,67,67,67,67,67,67,67,67,67,67,67,74,88,88,88,88,88,88,88,88,88,88,88,88,88,88,88,88,88,88,88,88,88,88,88,88,88,88,88,88,88],"card_choices":[{"not_picked":["DemoMod:Camera","DemoMod:MachoBrace"],"picked":"DemoMod:Ejector","floor":1.0},{"not_picked":["DemoMod:HungryBullets","DemoMod:ConditionalReflex"],"picked":"DemoMod:Replace","floor":3.0},{"not_picked":["DemoMod:ProbeStrike","DemoMod:CombinedRifle"],"picked":"DemoMod:PotionOfGunFriendShip","floor":4.0},{"not_picked":["DemoMod:HighKaliber","DemoMod:StickyCrossBow"],"picked":"DemoMod:ZorGun","floor":6.0},{"not_picked":["DemoMod:Ejector+1","DemoMod:BoxingGlove+1"],"picked":"DemoMod:SniperShot+1","floor":8.0},{"not_picked":["DemoMod:ConditionalReflex","DemoMod:StickyCrossBow"],"picked":"DemoMod:Replace","floor":8.0},{"not_picked":["DemoMod:CombinedRifle","DemoMod:SAA"],"picked":"DemoMod:Gungine","floor":10.0},{"not_picked":["DemoMod:JK47","DemoMod:Casey","DemoMod:HardPowerCard"],"picked":"SKIP","floor":11.0},{"not_picked":["DemoMod:JK47","DemoMod:Casey","DemoMod:HardPowerCard"],"picked":"SKIP","floor":11.0},{"not_picked":["DemoMod:Replace","DemoMod:ProbeStrike"],"picked":"DemoMod:ShadowBullets","floor":13.0},{"not_picked":["DemoMod:SpreadAmmo","DemoMod:HungryBullets"],"picked":"DemoMod:TableSutra","floor":14.0},{"not_picked":["DemoMod:BlackHoleGun","DemoMod:SuppressiveFire"],"picked":"DemoMod:GunslingerForm","floor":16.0},{"not_picked":["DemoMod:SAA","DemoMod:TeaPot","DemoMod:ConditionalReflex"],"picked":"SKIP","floor":18.0},{"not_picked":["DemoMod:TeaPot","DemoMod:DarkMarker"],"picked":"DemoMod:DoubleSwitch","floor":21.0},{"not_picked":["DemoMod:Unmoved","DemoMod:GunstockTap"],"picked":"DemoMod:DarkMarker","floor":22.0},{"not_picked":["DemoMod:FeignSurrender","DemoMod:JK47"],"picked":"DemoMod:BalloonGun","floor":24.0},{"not_picked":["DemoMod:Replace","DemoMod:HardPowerCard"],"picked":"DemoMod:DirectionalPad","floor":28.0},{"not_picked":["DemoMod:ChanceBullets","DemoMod:MegaHand"],"picked":"DemoMod:TeaPot+1","floor":29.0},{"not_picked":["DemoMod:ShadowBullets","DemoMod:AC15"],"picked":"DemoMod:Behold!","floor":31.0},{"not_picked":["DemoMod:AC15","DemoMod:BattleInHaste"],"picked":"DemoMod:HardPowerCard","floor":18},{"not_picked":["DemoMod:MegaHand","DemoMod:TeaPot"],"picked":"DemoMod:SkilledReload","floor":20},{"not_picked":["DemoMod:TableSutra","DemoMod:DoubleSwitch"],"picked":"DemoMod:ShadowBullets+1","floor":21},{"not_picked":["DemoMod:FastSwitch","DemoMod:Elimentaler"],"picked":"DemoMod:SuppressiveFire","floor":22},{"not_picked":["DemoMod:Rummage","DemoMod:StickyCrossBow"],"picked":"DemoMod:HuntsMan","floor":24},{"not_picked":["DemoMod:HardPowerCard","DemoMod:SpreadAmmo"],"picked":"DemoMod:Camera","floor":29},{"not_picked":["DemoMod:AC15","DemoMod:MachoBrace+1"],"picked":"DemoMod:FightSabre","floor":29},{"not_picked":["DemoMod:AWP","DemoMod:CombinedRifle","DemoMod:AC15"],"picked":"SKIP","floor":31},{"not_picked":["DemoMod:SuppressiveFire","DemoMod:BalloonGun"],"picked":"DemoMod:DoubleVision","floor":33}],"player_experience":125974,"relics_obtained":[{"floor":6.0,"key":"Anchor"},{"floor":9.0,"key":"AT_BladeRuinedKing"},{"floor":10.0,"key":"Replay:Arrowhead"},{"floor":13.0,"key":"Dota2Spire:ShadowBlade"},{"floor":18.0,"key":"HollowMod:PaleOreRelic"},{"floor":21.0,"key":"Tiny Chest"},{"floor":22.0,"key":"DemoMod:ChaffGrenade"},{"floor":24.0,"key":"Orichalcum"},{"floor":28.0,"key":"BloodDonationMachine"},{"floor":29.0,"key":"BlankCard"},{"floor":31.0,"key":"GuppysPaw"},{"floor":18,"key":"Dota2Spire:OrchidMalevolence"},{"floor":20,"key":"StoneCalendar"},{"floor":21,"key":"Lantern"},{"floor":22,"key":"PreservedInsect"},{"floor":24,"key":"AT_ForceNature"},{"floor":26,"key":"BelialBook"},{"floor":27,"key":"reliquary:TuningFork"},{"floor":28,"key":"Incense Burner"},{"floor":29,"key":"Ornamental Fan"},{"floor":29,"key":"AT_ArchangelStaff"},{"floor":31,"key":"AT_LudenTempest"}],"event_choices":[{"damage_healed":0,"gold_gain":0,"cards_transformed":["DemoMod:Strike_Huntress"],"player_choice":"Transformed","damage_taken":0,"max_hp_gain":0,"max_hp_loss":0,"event_name":"Transmorgrifier","floor":30,"gold_loss":0,"cards_obtained":["DemoMod:Purify"]}],"is_beta":false,"boss_relics":[{"not_picked":["Replay:Wanted Poster","Painkiller Herb"],"picked":"ChampionBelt"},{"not_picked":[]}],"items_purged_floors":[19,30],"is_endless":false,"potions_floor_spawned":[1,4,6,11,14,29,21,22,24,29,33],"ascension_level":20}}