{"host":"sl16z9iy022tq7s2","time":1613323862,"event":{"mods":["100% Spire Juice","ATMod(阿瑾Mod)","BaseMod","Colored Powertips","Googly Eyes","KinomotoSakuraMod(木之本樱)","Marisa（F雨　魔理沙）","Minty Spire (QoL Compilation)","Prisma Mod","Quick Restart","Remilia（蕾米莉亚）","Replay The Spire","StSLib","TestMod","The Animator","The Servant 0.9.4","WarShipGirlsR/战舰少女R mod","Yuyuko","【遗物卡牌】REMEMod"],"gold_per_floor":[217,142,161,193,219,262,262,296,323,342,376,406,440,51,51,148,148,166,209,109,207,220,220,253,263,289,320,339,355,375,400,400,679,679,706,581,981,981,981,1089,1089,1137,1137,1198,209,209,209,131,131,381],"floor_reached":51,"language":"ZHS","playtime":3514,"items_purged":["animator:Strike","animator:Strike","animator:Defend","animator:Defend"],"score":1074,"play_id":"31e8933e-ce9b-4df1-a421-1e6954d4f788","local_time":"20210215013102","is_ascension_mode":true,"campfire_choices":[{"data":"AT_FamilyPortrait","floor":7.0,"key":"SMITH"},{"data":"animator:DolaSchwi","floor":15.0,"key":"SMITH"},{"data":"animator:HigakiRinne","floor":23,"key":"SMITH"},{"data":"animator:EmiyaShirou","floor":32,"key":"SMITH"},{"data":"animator:Saber","floor":41,"key":"SMITH"},{"data":"animator:SakuraMatou","floor":47,"key":"SMITH"},{"data":"animator:Caster","floor":49,"key":"SMITH"}],"circlet_count":0,"master_deck":["animator:Strike_Fate","animator:Defend_Fate","animator:Defend","animator:Alexander","animator:Rider","REME_WheelOfFate","AT_FamilyPortrait+1","animator:Alexander","animator:MetalKnight","animator:ShinjiMatou","animator:TukaLunaMarceau","animator:HigakiRinne+1","animator:DolaSchwi+1","animator:Illya","animator:Lancer","animator:Archer","animator:Ainz","animator:Berserker+1","animator:EmiyaShirou+1","animator:Emonzaemon+1","animator:Alexander","animator:Berserker+1","animator:RinTohsaka","animator:Saber+1","animator:HigakiRinne","animator:Illya","animator:Archer+1","animator:SakuraMatou+1","animator:Hibiki+1","animator:Caster+1"],"relics":["animator:LivingPicture","animator:TheMissingPiece","REME_ComplimentaryCards","AT_ATBox","testmod-ChristmasGift","Akabeko","ReplayTheSpireMod:TigerMarble","Divine Protection","Happy Flower","Omamori","AT_SeraphEmbrace","AT_ChloranthyRing","Toy Ornithopter","AT_GoldPhoenixTree","Vajra","Boot","Oddly Smooth Stone","REME_ArchaeologicalTools","Coffee Dripper","Replay:Bottled Steam","Molten Egg 2","testmod-TheFather","Ornamental Fan","testmod-Justice","AT_TheCollector","TheAbacus","Centennial Puzzle"],"acts_visited":["Exordium","TheCity","TheBeyond"],"potions_floor_usage":[19,19,19,19,22,31,33,33,33,33,40,40,42,50,50,50,50],"damage_taken":[{"damage":19.0,"enemies":"2 Louse","floor":1.0,"turns":3.0},{"damage":0.0,"enemies":"Small Slimes","floor":3.0,"turns":1.0},{"damage":0.0,"enemies":"Cultist","floor":4.0,"turns":6.0},{"damage":26.0,"enemies":"Lots of Slimes","floor":5.0,"turns":5.0},{"damage":15.0,"enemies":"Lagavulin","floor":6.0,"turns":8.0},{"damage":0.0,"enemies":"3 Sentries","floor":8.0,"turns":3.0},{"damage":0.0,"enemies":"3 Louse","floor":10.0,"turns":1.0},{"damage":10.0,"enemies":"Gremlin Nob","floor":11.0,"turns":3.0},{"damage":8.0,"enemies":"Blue Slaver","floor":12.0,"turns":3.0},{"damage":11.0,"enemies":"3 Sentries","floor":13.0,"turns":5.0},{"damage":0,"enemies":"Hexaghost","floor":16,"turns":6},{"damage":0,"enemies":"Shell Parasite","floor":18,"turns":3},{"damage":0,"enemies":"Chosen","floor":19,"turns":3},{"damage":18,"enemies":"Snecko","floor":21,"turns":5},{"damage":0,"enemies":"Snake Plant","floor":22,"turns":2},{"damage":8,"enemies":"Slavers","floor":24,"turns":5},{"damage":0,"enemies":"Sentry and Sphere","floor":25,"turns":2},{"damage":0,"enemies":"Book of Stabbing","floor":27,"turns":4},{"damage":0,"enemies":"Cultist and Chosen","floor":28,"turns":3},{"damage":0,"enemies":"Snecko","floor":29,"turns":3},{"damage":0,"enemies":"3 Cultists","floor":30,"turns":4},{"damage":4,"enemies":"Slavers","floor":31,"turns":2},{"damage":0,"enemies":"Champ","floor":33,"turns":4},{"damage":0,"enemies":"3 Shapes","floor":35,"turns":2},{"damage":15,"enemies":"R_Hoarder","floor":40,"turns":5},{"damage":0,"enemies":"Reptomancer","floor":42,"turns":4},{"damage":0,"enemies":"R_Hoarder","floor":44,"turns":4},{"damage":5,"enemies":"Replay:Hell Engine","floor":50,"turns":4}],"seed_played":"-4832314553555524159","potions_obtained":[{"floor":6.0,"key":"FairyPotion"},{"floor":13.0,"key":"AttackPotion"},{"floor":19,"key":"ColorlessPotion"},{"floor":22,"key":"testmod-SpacePotion"},{"floor":30,"key":"Swift Potion"},{"floor":31,"key":"testmod-SpacePotion"},{"floor":42,"key":"testmod-SpacePotion"},{"floor":44,"key":"Fire Potion"}],"is_trial":false,"path_per_floor":["M","$","M","M","M","E","R","E","T","M","E","M","E","$","R","B",null,"M","M","$","M","M","R","E","M","T","E","M","M","M","E","R","B",null,"M","$","?","?","?","E","R","E","T","E","$","?","R","$","R","B",null],"character_chosen":"THE_ANIMATOR","items_purchased":["animator:Archer","AT_GoldPhoenixTree","animator:Archer+1","animator:SakuraMatou","testmod-Justice","AT_TheCollector","TheAbacus","animator:Caster"],"campfire_rested":0,"item_purchase_floors":[14,14,45,45,45,45,45,48],"current_hp_per_floor":[49,49,51,65,43,33,33,61,61,62,56,55,52,52,52,67,67,68,68,68,51,57,57,61,68,68,68,68,68,70,70,70,70,70,70,70,70,70,59,69,69,70,70,70,70,70,70,70,70,67],"gold":381,"neow_bonus":"REMOVE_CARD","is_daily":false,"chose_seed":false,"campfire_upgraded":7,"win_rate":0.0,"timestamp":1613323862,"path_taken":["M","$","M","M","M","E","R","E","T","M","E","M","E","$","R","BOSS","M","M","$","M","M","R","E","M","T","E","M","M","M","E","R","BOSS","M","$","?","?","?","E","R","E","T","E","$","?","R","?","R","BOSS"],"items_purchased_type":["Card","Relic","Card","Card","Relic","Relic","Relic","Card"],"build_version":"2020-12-22","purchased_purges":4,"victory":true,"max_hp_per_floor":[66,66,66,66,66,66,66,66,66,66,67,67,67,67,67,67,67,68,68,68,68,68,68,68,68,68,68,68,68,70,70,70,70,70,70,70,70,70,70,70,70,70,70,70,70,70,70,70,70,70],"card_choices":[{"not_picked":["animator:ZankiKiguchi","animator:Emonzaemon"],"picked":"animator:Alexander","floor":1.0},{"not_picked":["animator:TukaLunaMarceau","animator:Elsword","animator:Alexander"],"picked":"SKIP","floor":3.0},{"not_picked":["animator:Kuribayashi","animator:Shalltear"],"picked":"animator:MetalKnight","floor":4.0},{"not_picked":["animator:Caster","animator:Assassin"],"picked":"animator:ShinjiMatou","floor":5.0},{"not_picked":["animator:ChlammyZell","animator:Shichika"],"picked":"animator:TukaLunaMarceau","floor":6.0},{"not_picked":["animator:Entoma","animator:DolaCouronne"],"picked":"animator:HigakiRinne","floor":8.0},{"not_picked":["animator:YaoHaDucy","animator:Elsword"],"picked":"animator:DolaSchwi","floor":10.0},{"not_picked":["animator:Alexander","animator:SakuraMatou"],"picked":"animator:Illya","floor":11.0},{"not_picked":["animator:Rider","animator:Konayuki"],"picked":"animator:Lancer","floor":12.0},{"not_picked":["animator:Melzalgald","animator:Cocytus","animator:MetalKnight"],"picked":"SKIP","floor":13.0},{"not_picked":["animator:HigakiRinne","animator:Sora"],"picked":"animator:Ainz","floor":16},{"not_picked":["animator:Illya","animator:NarberalGamma"],"picked":"animator:Berserker+1","floor":18},{"not_picked":["animator:Illya","animator:Berserker"],"picked":"animator:EmiyaShirou","floor":19},{"not_picked":["animator:ZankiKiguchi","animator:Shiro"],"picked":"animator:Emonzaemon+1","floor":21},{"not_picked":["animator:Elsword","animator:Demiurge","animator:Azekura"],"picked":"SKIP","floor":22},{"not_picked":["animator:IzunaHatsuse","animator:PandorasActor","animator:Shalltear"],"picked":"SKIP","floor":24},{"not_picked":["animator:Rider","animator:Illya"],"picked":"animator:Alexander","floor":25},{"not_picked":["animator:Cocytus+1","animator:YaoHaDucy","animator:UneriGinkaku"],"picked":"SKIP","floor":27},{"not_picked":["animator:Tyuule","animator:Lancer","animator:Berserker"],"picked":"SKIP","floor":28},{"not_picked":["animator:Raven","animator:Melzalgald+1"],"picked":"animator:Berserker+1","floor":29},{"not_picked":["animator:Alexander","animator:Berserker"],"picked":"animator:RinTohsaka","floor":30},{"not_picked":["animator:Boros","animator:Tatsumaki","animator:Lancer"],"picked":"SKIP","floor":31},{"not_picked":["animator:PinaCoLada","animator:Saitama"],"picked":"animator:Saber","floor":33},{"not_picked":["animator:Add+1","animator:Chung+1","animator:MumenRider"],"picked":"SKIP","floor":35},{"not_picked":["animator:Aisha+1","animator:Rena+1","animator:Demiurge+1"],"picked":"SKIP","floor":40},{"not_picked":["animator:Jibril+1","animator:Raven+1"],"picked":"animator:Illya","floor":44},{"not_picked":["animator:IchigoKurosaki","animator:MamizouFutatsuiwa"],"picked":"animator:Hibiki+1","floor":46}],"player_experience":521697,"relics_obtained":[{"floor":6.0,"key":"ReplayTheSpireMod:TigerMarble"},{"floor":8.0,"key":"Divine Protection"},{"floor":9.0,"key":"Happy Flower"},{"floor":11.0,"key":"Omamori"},{"floor":13.0,"key":"Toy Ornithopter"},{"floor":24,"key":"Vajra"},{"floor":26,"key":"Boot"},{"floor":27,"key":"Oddly Smooth Stone"},{"floor":31,"key":"REME_ArchaeologicalTools"},{"floor":40,"key":"Replay:Bottled Steam"},{"floor":42,"key":"Molten Egg 2"},{"floor":43,"key":"testmod-TheFather"},{"floor":44,"key":"Ornamental Fan"}],"event_choices":[{"damage_healed":0,"gold_gain":400,"player_choice":"Sell","damage_taken":0,"max_hp_gain":0,"max_hp_loss":0,"event_name":"恩洛斯的盘子","floor":37,"relics_lost":["testmod-TestBox"],"gold_loss":0},{"damage_healed":0,"gold_gain":0,"player_choice":"Ignored","damage_taken":0,"max_hp_gain":0,"max_hp_loss":0,"event_name":"Tomb of Lord Red Mask","floor":38,"gold_loss":0},{"damage_healed":0,"gold_gain":0,"player_choice":"Embrace Madness","damage_taken":9,"max_hp_gain":0,"max_hp_loss":0,"event_name":"Winding Halls","floor":39,"gold_loss":0,"cards_obtained":["animator:HigakiRinne"]},{"damage_healed":0,"gold_gain":0,"player_choice":"Memory 1","damage_taken":0,"max_hp_gain":0,"max_hp_loss":0,"event_name":"SensoryStone","floor":46,"gold_loss":0}],"is_beta":false,"boss_relics":[{"not_picked":["testmod-IncinerationGenerator","testmod-PortableAltar","testmod-EnergyCheck"]},{"not_picked":["Black Star","Replay:Grab Bag"],"picked":"Coffee Dripper"}],"items_purged_floors":[2,20,36,45],"is_endless":false,"potions_floor_spawned":[6,8,10,11,13,19,21,22,30,31,35,42,44],"ascension_level":3}}