{"host":"1n4zh8skucxnzijq","time":1613324206,"event":{"mods":["BaseMod","Minty Spire (QoL Compilation)","Quick Restart"],"gold_per_floor":[119,119,194,144,69,100,100,121,121,121,154,54,72,98,98,196,196,206,206,206,206,206],"floor_reached":21,"language":"ENG","playtime":941,"items_purged":["Strike_P","Defend_P"],"score":348,"play_id":"50a12278-3473-4b03-901b-d0b463a7d47b","local_time":"20210214173646","is_ascension_mode":true,"campfire_choices":[{"data":"Eruption","floor":7,"key":"SMITH"},{"data":"Evaluate","floor":10,"key":"SMITH"},{"data":"Vigilance","floor":15,"key":"SMITH"}],"circlet_count":0,"master_deck":["Strike_P+1","Strike_P","Defend_P","Defend_P","Eruption+1","Vigilance+1","CrushJoints+1","CutThroughFate","Evaluate+1","DeusExMachina","Vengeance","LessonLearned"],"relics":["PureWater","NeowsBlessing","MealTicket","Odd Mushroom","PreservedInsect","Art of War","Orichalcum","Philosopher\u0027s Stone"],"acts_visited":["Exordium","TheCity"],"potions_floor_usage":[11,18,18],"damage_taken":[{"damage":0,"enemies":"Jaw Worm","floor":1,"turns":1},{"damage":0,"enemies":"3 Sentries","floor":6,"turns":2},{"damage":0,"enemies":"The Mushroom Lair","floor":8,"turns":1},{"damage":0,"enemies":"Gremlin Nob","floor":11,"turns":2},{"damage":4,"enemies":"2 Louse","floor":13,"turns":2},{"damage":0,"enemies":"Lagavulin","floor":14,"turns":3},{"damage":0,"enemies":"The Guardian","floor":16,"turns":14},{"damage":8,"enemies":"2 Thieves","floor":18,"turns":3},{"damage":7,"enemies":"3 Byrds","floor":21,"turns":2}],"seed_played":"-4822600036041842967","potions_obtained":[{"floor":8,"key":"AttackPotion"},{"floor":11,"key":"Explosive Potion"},{"floor":14,"key":"Explosive Potion"},{"floor":16,"key":"Ancient Potion"}],"is_trial":false,"path_per_floor":["M","?","?","?","$","E","R","?","T","R","E","$","M","E","R","B",null,"M","?","?","M"],"character_chosen":"WATCHER","items_purchased":[],"campfire_rested":0,"item_purchase_floors":[],"current_hp_per_floor":[72,72,61,61,61,61,61,61,61,61,61,72,68,68,68,68,72,64,51,51,44,44],"gold":206,"neow_bonus":"THREE_ENEMY_KILL","is_daily":false,"chose_seed":false,"campfire_upgraded":3,"win_rate":0.0,"timestamp":1613324206,"path_taken":["M","?","?","?","?","E","R","?","T","R","E","$","?","E","R","BOSS","M","?","?","M"],"items_purchased_type":[],"build_version":"2020-12-22","purchased_purges":2,"victory":false,"max_hp_per_floor":[72,72,72,72,72,72,72,72,72,72,72,72,72,72,72,72,72,72,77,77,77,77],"card_choices":[{"not_picked":["Protect","EmptyFist"],"picked":"CrushJoints","floor":1},{"not_picked":["ThirdEye","SignatureMove"],"picked":"CutThroughFate","floor":6},{"not_picked":["Fasting2","EmptyFist"],"picked":"Evaluate","floor":8},{"not_picked":["MasterReality","ForeignInfluence"],"picked":"DeusExMachina","floor":11},{"not_picked":["SashWhip","PathToVictory"],"picked":"Vengeance","floor":13},{"not_picked":["DeceiveReality","WreathOfFlame","Study"],"picked":"SKIP","floor":14},{"not_picked":["Scrawl","Establishment"],"picked":"LessonLearned","floor":16},{"not_picked":["EmptyMind","PathToVictory+1","Worship"],"picked":"SKIP","floor":18}],"player_experience":1050059,"relics_obtained":[{"floor":6,"key":"MealTicket"},{"floor":8,"key":"Odd Mushroom"},{"floor":9,"key":"PreservedInsect"},{"floor":11,"key":"Art of War"},{"floor":14,"key":"Orichalcum"}],"event_choices":[{"cards_removed":["Defend_P"],"damage_healed":0,"gold_gain":0,"player_choice":"Forget","damage_taken":0,"max_hp_gain":0,"max_hp_loss":0,"event_name":"Living Wall","floor":2,"gold_loss":0},{"damage_healed":0,"gold_gain":75,"player_choice":"Gather Gold","damage_taken":11,"max_hp_gain":0,"max_hp_loss":0,"event_name":"World of Goop","floor":3,"gold_loss":0},{"cards_removed":["Strike_P"],"damage_healed":0,"gold_gain":0,"player_choice":"Card Removal","damage_taken":0,"max_hp_gain":0,"max_hp_loss":0,"event_name":"The Cleric","floor":4,"gold_loss":50},{"damage_healed":0,"gold_gain":0,"player_choice":"Fought Mushrooms","damage_taken":0,"max_hp_gain":0,"max_hp_loss":0,"event_name":"Mushrooms","floor":8,"gold_loss":0},{"damage_healed":0,"gold_gain":0,"player_choice":"Shed Blood","damage_taken":18,"max_hp_gain":5,"max_hp_loss":0,"event_name":"Forgotten Altar","floor":19,"gold_loss":0},{"damage_healed":0,"gold_gain":0,"player_choice":"0 cards matched","damage_taken":0,"max_hp_gain":0,"max_hp_loss":0,"event_name":"Match and Keep!","floor":20,"gold_loss":0,"cards_obtained":[]}],"is_beta":false,"boss_relics":[{"not_picked":["Empty Cage","SacredBark"],"picked":"Philosopher\u0027s Stone"}],"items_purged_floors":[5,12],"is_endless":false,"potions_floor_spawned":[8,11,14,16],"killed_by":"3 Byrds","ascension_level":2}}