{"host":"cpsutu8lprjuipd6","time":1613292102,"event":{"mods":["BaseMod","Colored Map","Minty Spire (QoL Compilation)","Permanent Neow","StSLib","SuperFastMode","The Bug Knight","Together in Spire"],"gold_per_floor":[115,133,143,93,93,125,300,300,382,413,413,413,428,446,446,546,546,565,182,195,127,140,140,158,158,205,224,224,224,234,248,248,248,248],"floor_reached":33,"language":"KOR","playtime":2714,"items_purged":["Doubt"],"score":259,"play_id":"47bbe8d0-f63e-4f4f-8e36-79f98fb121c1","local_time":"20210214174142","is_ascension_mode":false,"campfire_choices":[{"data":"Anger","floor":8,"key":"SMITH"},{"floor":12,"key":"REST"},{"floor":15,"key":"REST"},{"data":"Cleave","floor":23,"key":"SMITH"},{"floor":28,"key":"REST"},{"floor":32,"key":"REST"}],"circlet_count":0,"master_deck":["Strike_R","Strike_R","Strike_R","Defend_R","Defend_R","Bash","Corruption+1","Combust+1","Headbutt+1","Cleave","Anger+1","Clash","Hemokinesis","Double Tap","Cleave+1","Thunderclap","Bludgeon","Hemokinesis+1","Twin Strike+1","Anger","True Grit","Feel No Pain+1","Heavy Blade","Pommel Strike+1","Demon Form","Heavy Blade"],"relics":["Astrolabe","HollowMod:PaleOreRelic","Gremlin Horn","MealTicket","SlaversCollar","Champion Belt","PreservedInsect"],"acts_visited":["Exordium","TheCity"],"potions_floor_usage":[2,16,16,20,24,31],"damage_taken":[{"damage":1,"enemies":"Cultist","floor":1,"turns":4},{"damage":12,"enemies":"Small Slimes","floor":2,"turns":3},{"damage":0,"enemies":"2 Louse","floor":3,"turns":2},{"damage":25,"enemies":"Gremlin Nob","floor":6,"turns":4},{"damage":44,"enemies":"Lagavulin","floor":10,"turns":6},{"damage":11,"enemies":"Large Slime","floor":13,"turns":3},{"damage":0,"enemies":"Exordium Thugs","floor":14,"turns":2},{"damage":13,"enemies":"Slime Boss","floor":16,"turns":9},{"damage":5,"enemies":"3 Byrds","floor":18,"turns":4},{"damage":18,"enemies":"2 Thieves","floor":20,"turns":4},{"damage":45,"enemies":"Sentry and Sphere","floor":22,"turns":6},{"damage":34,"enemies":"Centurion and Healer","floor":24,"turns":3},{"damage":10,"enemies":"3 Cultists","floor":27,"turns":4},{"damage":36,"enemies":"Snake Plant","floor":30,"turns":4},{"damage":27,"enemies":"Chosen and Byrds","floor":31,"turns":6},{"damage":34,"enemies":"Collector","floor":33,"turns":2}],"seed_played":"-2815980095096380103","potions_obtained":[{"floor":1,"key":"Fruit Juice"},{"floor":13,"key":"AttackPotion"},{"floor":14,"key":"SneckoOil"},{"floor":16,"key":"Regen Potion"},{"floor":18,"key":"PowerPotion"},{"floor":24,"key":"SpeedPotion"},{"floor":30,"key":"ElixirPotion"}],"is_trial":false,"path_per_floor":["M","M","M","?","?","E","?","R","T","E","?","R","M","M","R","B",null,"M","$","M","$","M","R","M","?","T","M","R","?","M","M","R","B"],"character_chosen":"IRONCLAD","items_purchased":["Champion Belt","Anger","True Grit"],"campfire_rested":4,"item_purchase_floors":[19,21,21],"current_hp_per_floor":[79,72,72,72,77,52,52,52,52,8,8,35,24,24,51,38,90,85,90,72,87,42,42,17,17,17,7,34,64,28,1,28,0,0],"gold":248,"neow_bonus":"BOSS_RELIC","is_daily":false,"chose_seed":false,"campfire_upgraded":2,"win_rate":0.0,"timestamp":1613292102,"path_taken":["M","M","?","?","?","E","?","R","T","E","?","R","?","M","R","BOSS","M","$","M","$","M","R","M","?","T","M","R","?","?","M","R","BOSS"],"items_purchased_type":["Relic","Card","Card"],"build_version":"2020-12-22","purchased_purges":1,"victory":false,"max_hp_per_floor":[80,85,85,85,90,90,90,90,90,90,90,90,90,90,90,90,90,90,90,90,90,90,90,90,90,90,90,90,90,90,90,90,90,90],"card_choices":[{"not_picked":["Hemokinesis","Iron Wave"],"picked":"Cleave","floor":1},{"not_picked":["Iron Wave","Twin Strike"],"picked":"Anger","floor":2},{"not_picked":["Dual Wield","Warcry"],"picked":"Clash","floor":3},{"not_picked":["Disarm","Bloodletting"],"picked":"Hemokinesis","floor":6},{"not_picked":["Blood for Blood","Reaper"],"picked":"Double Tap","floor":10},{"not_picked":["Clothesline","Reckless Charge"],"picked":"Cleave","floor":13},{"not_picked":["Entrench","Twin Strike"],"picked":"Thunderclap","floor":14},{"not_picked":["Limit Break","Corruption"],"picked":"Bludgeon","floor":16},{"not_picked":["Shrug It Off","True Grit+1"],"picked":"Hemokinesis+1","floor":18},{"not_picked":["Pummel","True Grit"],"picked":"Twin Strike+1","floor":20},{"not_picked":["Burning Pact","Shrug It Off"],"picked":"Feel No Pain+1","floor":22},{"not_picked":["Intimidate","Twin Strike"],"picked":"Heavy Blade","floor":24},{"not_picked":["Twin Strike+1","Dark Embrace+1"],"picked":"Pommel Strike+1","floor":27},{"not_picked":["Armaments","Anger"],"picked":"Demon Form","floor":30},{"not_picked":["Armaments","Clash"],"picked":"Heavy Blade","floor":31}],"player_experience":52102,"relics_obtained":[{"floor":6,"key":"HollowMod:PaleOreRelic"},{"floor":9,"key":"Gremlin Horn"},{"floor":10,"key":"MealTicket"},{"floor":26,"key":"PreservedInsect"}],"event_choices":[{"cards_removed":["Defend_R"],"damage_healed":0,"gold_gain":0,"player_choice":"Card Removal","damage_taken":0,"max_hp_gain":0,"max_hp_loss":0,"event_name":"The Cleric","floor":4,"gold_loss":50},{"damage_healed":0,"gold_gain":0,"player_choice":"Donut","damage_taken":0,"max_hp_gain":5,"max_hp_loss":0,"event_name":"Big Fish","floor":5,"gold_loss":0},{"damage_healed":0,"gold_gain":175,"player_choice":"AGREE","damage_taken":0,"max_hp_gain":0,"max_hp_loss":0,"event_name":"Liars Game","floor":7,"gold_loss":0,"cards_obtained":["Doubt"]},{"damage_healed":0,"gold_gain":0,"player_choice":"Ignored","damage_taken":0,"max_hp_gain":0,"max_hp_loss":0,"event_name":"Shining Light","floor":11,"gold_loss":0},{"damage_healed":0,"gold_gain":0,"player_choice":"Ignored","damage_taken":0,"max_hp_gain":0,"max_hp_loss":0,"event_name":"Vampires","floor":25,"gold_loss":0},{"damage_healed":30,"gold_gain":0,"player_choice":"Heal","damage_taken":0,"max_hp_gain":0,"max_hp_loss":0,"event_name":"The Library","floor":29,"gold_loss":0}],"is_beta":false,"boss_relics":[{"not_picked":["Black Star","Tiny House"],"picked":"SlaversCollar"}],"items_purged_floors":[19],"is_endless":false,"potions_floor_spawned":[1,13,14,16,18,24,30],"killed_by":"Collector","ascension_level":0}}