{"host":"wo90phlywfjtsb40","time":1613293684,"event":{"mods":["BaseMod","Hermit","Minty Spire (QoL Compilation)","StSLib","The Cursed"],"gold_per_floor":[117,31,47,58,58,76,76,107,107,121,121,155,66,84,84,180,180,193,21,37,57,71,101,118,118,172,172,192,192,203,203,203,203,203],"floor_reached":33,"language":"ENG","playtime":2773,"items_purged":[],"score":306,"play_id":"c88b8613-4ef0-4078-af4d-0f4e1f922c62","local_time":"20210214100804","is_ascension_mode":false,"campfire_choices":[{"floor":7,"key":"REST"},{"data":"Go for the Eyes","floor":11,"key":"SMITH"},{"floor":15,"key":"REST"},{"floor":25,"key":"REST"},{"floor":27,"key":"REST"},{"data":"Sunder","floor":29,"key":"SMITH"},{"data":"Go for the Eyes","floor":32,"key":"SMITH"}],"circlet_count":0,"master_deck":["Strike_B","Strike_B","Strike_B","Strike_B","Defend_B","Defend_B","Defend_B","Defend_B","Zap+1","Dualcast","Swift Strike","Sunder+1","Doom and Gloom","Sweeping Beam","Go for the Eyes+1","Cold Snap","Self Repair","Self Repair","Gash","Doom and Gloom","Leap","Force Field+1","Fusion+1","Streamline+1","Steam","Go for the Eyes+1","Aggregate","Doom and Gloom","Ball Lightning","Coolheaded","Cold Snap","Reinforced Body+1","Redo","Ball Lightning+1","Cold Snap"],"relics":["Cracked Core","Pear","Ornamental Fan","Meat on the Bone","Astrolabe","Centennial Puzzle","Boot","Ancient Tea Set"],"acts_visited":["Exordium","TheCity"],"potions_floor_usage":[23],"damage_taken":[{"damage":3,"enemies":"Jaw Worm","floor":1,"turns":3},{"damage":5,"enemies":"Small Slimes","floor":3,"turns":3},{"damage":0,"enemies":"2 Louse","floor":4,"turns":2},{"damage":13,"enemies":"Looter","floor":6,"turns":3},{"damage":27,"enemies":"3 Sentries","floor":8,"turns":5},{"damage":0,"enemies":"Exordium Wildlife","floor":10,"turns":2},{"damage":17,"enemies":"Gremlin Nob","floor":12,"turns":4},{"damage":33,"enemies":"Gremlin Gang","floor":14,"turns":4},{"damage":35,"enemies":"Slime Boss","floor":16,"turns":8},{"damage":15,"enemies":"3 Byrds","floor":18,"turns":5},{"damage":18,"enemies":"Spheric Guardian","floor":20,"turns":5},{"damage":13,"enemies":"Cultist and Chosen","floor":21,"turns":6},{"damage":9,"enemies":"Snake Plant","floor":22,"turns":4},{"damage":103,"enemies":"Book of Stabbing","floor":23,"turns":9},{"damage":14,"enemies":"3 Cultists","floor":24,"turns":5},{"damage":33,"enemies":"Shelled Parasite and Fungi","floor":28,"turns":8},{"damage":6,"enemies":"Chosen and Byrds","floor":30,"turns":4},{"damage":75,"enemies":"Collector","floor":33,"turns":7}],"seed_played":"-2658989576011215297","potions_obtained":[{"floor":1,"key":"AttackPotion"},{"floor":3,"key":"ColorlessPotion"},{"floor":10,"key":"AttackPotion"},{"floor":14,"key":"FearPotion"},{"floor":16,"key":"FairyPotion"},{"floor":18,"key":"Strength Potion"},{"floor":20,"key":"FairyPotion"},{"floor":22,"key":"Ancient Potion"},{"floor":30,"key":"DuplicationPotion"}],"is_trial":false,"path_per_floor":["M","$","M","M","?","M","R","E","T","M","R","E","$","M","R","B",null,"M","$","M","M","M","E","M","R","T","R","M","R","M","?","R","B"],"character_chosen":"DEFECT","items_purchased":["Doom and Gloom","Sweeping Beam","Doom and Gloom","Leap","Go for the Eyes","Aggregate","Doom and Gloom"],"campfire_rested":4,"item_purchase_floors":[2,2,13,13,19,19,19],"current_hp_per_floor":[72,72,67,67,67,54,75,65,65,79,79,62,62,55,80,59,85,77,77,73,67,58,33,45,70,70,85,66,66,74,74,74,0,0],"gold":203,"neow_bonus":"RANDOM_COLORLESS","is_daily":false,"chose_seed":false,"campfire_upgraded":3,"win_rate":0.0,"timestamp":1613293684,"path_taken":["M","$","M","M","?","M","R","E","T","M","R","E","$","M","R","BOSS","M","$","M","M","M","E","M","R","T","R","M","R","M","?","R","BOSS"],"items_purchased_type":["Card","Card","Card","Card","Card","Card","Card"],"build_version":"2020-12-22","purchased_purges":0,"victory":false,"max_hp_per_floor":[75,75,75,75,75,75,75,85,85,85,85,85,85,85,85,85,85,85,85,85,85,85,85,85,85,85,85,85,85,85,85,85,85,85],"card_choices":[{"not_picked":["Impatience","Trip"],"picked":"Swift Strike","floor":0},{"not_picked":["Auto Shields","Steam"],"picked":"Sunder","floor":1},{"not_picked":["Turbo","Reinforced Body"],"picked":"Go for the Eyes","floor":3},{"not_picked":["Coolheaded","Echo Form"],"picked":"Cold Snap","floor":4},{"not_picked":["Static Discharge","Barrage"],"picked":"Self Repair","floor":6},{"not_picked":["Amplify","Sunder"],"picked":"Self Repair","floor":8},{"not_picked":["Rebound","Ball Lightning"],"picked":"Gash","floor":10},{"not_picked":["Barrage","Sweeping Beam"],"picked":"Beam Cell","floor":12},{"not_picked":["Streamline","Reprogram"],"picked":"Leap","floor":14},{"not_picked":["Seek","Amplify"],"picked":"Creative AI","floor":16},{"not_picked":["Heatsinks","Conserve Battery"],"picked":"Steam","floor":18},{"not_picked":["Streamline","Compile Driver"],"picked":"Ball Lightning","floor":20},{"not_picked":["Steam","Beam Cell"],"picked":"Coolheaded","floor":21},{"not_picked":["Steam+1","Barrage"],"picked":"Cold Snap","floor":22},{"not_picked":["Stack","Reprogram+1"],"picked":"Reinforced Body+1","floor":23},{"not_picked":["Beam Cell","Scrape"],"picked":"Redo","floor":24},{"not_picked":["Conserve Battery","Coolheaded"],"picked":"Ball Lightning+1","floor":28},{"not_picked":["Beam Cell","Fission"],"picked":"Cold Snap","floor":30}],"player_experience":33396,"relics_obtained":[{"floor":8,"key":"Pear"},{"floor":9,"key":"Ornamental Fan"},{"floor":12,"key":"Meat on the Bone"},{"floor":23,"key":"Centennial Puzzle"},{"floor":26,"key":"Boot"}],"event_choices":[{"damage_healed":0,"gold_gain":0,"player_choice":"Grow","damage_taken":0,"max_hp_gain":0,"max_hp_loss":0,"event_name":"Living Wall","floor":5,"gold_loss":0,"cards_upgraded":["Zap"]},{"damage_healed":0,"gold_gain":0,"player_choice":"Opened","damage_taken":0,"relics_obtained":["Ancient Tea Set"],"max_hp_gain":0,"max_hp_loss":0,"event_name":"The Mausoleum","floor":31,"gold_loss":0}],"is_beta":false,"boss_relics":[{"not_picked":["Velvet Choker","Cursed Key"],"picked":"Astrolabe"}],"items_purged_floors":[],"is_endless":false,"potions_floor_spawned":[1,3,10,14,16,18,20,22,30],"killed_by":"Collector","ascension_level":0}}