{"host":"cbu6enf2xtq4r7r3","time":1613331795,"event":{"mods":["2.2 Compatiblity","AlwaysNeverKeys","BaseMod","Better Match","Better Note","Better Sensory Stone","Better Skull","Better Third Choice","Colored Map","Colored Powertips","Defuse TimeMaze Blight","Emptier Cage","Minty Spire (QoL Compilation)","Permanent Neow","Quick Restart","Random Character Button","Relic Sorter","Reorder Act Four","Shop Mod","StSLib"],"gold_per_floor":[112,131,141,155,169,169,198,198,198,231,231,251,271,286,286,387,387,403,423,440,440,458,458,485,501,501,520,552,564,105,124,124,224,224,236,83,101,101,451,486,486,527,550,550,567,576,46,46,46,46],"floor_reached":51,"language":"ENG","playtime":2521,"items_purged":["Strike_G","Pain"],"score":952,"play_id":"383879f6-1e4d-42c8-b90c-fd2d9a97f024","local_time":"20210214204315","is_ascension_mode":true,"campfire_choices":[{"data":"Noxious Fumes","floor":6,"key":"SMITH"},{"data":"Neutralize","floor":8,"key":"SMITH"},{"data":"Dodge and Roll","floor":15,"key":"SMITH"},{"data":"Burst","floor":23,"key":"SMITH"},{"data":"Blur","floor":29,"key":"SMITH"},{"data":"Deflect","floor":32,"key":"SMITH"},{"data":"Burst","floor":41,"key":"SMITH"},{"data":"Footwork","floor":44,"key":"SMITH"},{"data":"Backflip","floor":49,"key":"SMITH"}],"circlet_count":0,"master_deck":["Strike_G","Defend_G","Defend_G","Defend_G","Defend_G","Defend_G","Survivor","Neutralize+1","Flying Knee","Poisoned Stab","Noxious Fumes+1","Dagger Throw","PiercingWail","After Image","Dodge and Roll+1","Deflect+1","Burst+1","Dodge and Roll+1","Backflip+1","Blur+1","Corpse Explosion","Deadly Poison","Burst+1","Leg Sweep+1","Dodge and Roll+1","Dodge and Roll+1","Bouncing Flask+1","Backflip+1","Caltrops+1","Footwork+1"],"relics":["Question Card","CaptainsWheel","Du-Vu Doll","Coffee Dripper","Ice Cream","Torii","MerchantsRug","Juzu Bracelet","Bag of Marbles","Runic Pyramid","Oddly Smooth Stone","Ancient Tea Set","WarpedTongs","Omamori","Singing Bowl"],"acts_visited":["Exordium","TheCity","TheBeyond"],"potions_floor_usage":[3,12,16,19,19,22,24,28,28,35,42,42,50,50,50],"damage_taken":[{"damage":0,"enemies":"Cultist","floor":1,"turns":1},{"damage":0,"enemies":"Jaw Worm","floor":2,"turns":2},{"damage":1,"enemies":"Small Slimes","floor":3,"turns":4},{"damage":5,"enemies":"Exordium Thugs","floor":4,"turns":4},{"damage":5,"enemies":"3 Louse","floor":5,"turns":4},{"damage":11,"enemies":"Lagavulin","floor":7,"turns":6},{"damage":0,"enemies":"Gremlin Nob","floor":10,"turns":5},{"damage":2,"enemies":"Exordium Wildlife","floor":12,"turns":4},{"damage":12,"enemies":"Gremlin Gang","floor":13,"turns":4},{"damage":2,"enemies":"Blue Slaver","floor":14,"turns":5},{"damage":24,"enemies":"Hexaghost","floor":16,"turns":12},{"damage":0,"enemies":"Shell Parasite","floor":18,"turns":8},{"damage":0,"enemies":"2 Thieves","floor":19,"turns":5},{"damage":8,"enemies":"Snake Plant","floor":20,"turns":7},{"damage":10,"enemies":"Chosen and Byrds","floor":22,"turns":6},{"damage":0,"enemies":"Book of Stabbing","floor":24,"turns":8},{"damage":0,"enemies":"Cultist and Chosen","floor":25,"turns":3},{"damage":0,"enemies":"Snecko","floor":27,"turns":6},{"damage":1,"enemies":"Gremlin Leader","floor":28,"turns":8},{"damage":0,"enemies":"3 Cultists","floor":31,"turns":3},{"damage":49,"enemies":"Champ","floor":33,"turns":15},{"damage":0,"enemies":"3 Shapes","floor":35,"turns":6},{"damage":0,"enemies":"Orb Walker","floor":37,"turns":6},{"damage":0,"enemies":"Mind Bloom Boss Battle","floor":39,"turns":7},{"damage":0,"enemies":"Giant Head","floor":40,"turns":3},{"damage":1,"enemies":"Reptomancer","floor":42,"turns":7},{"damage":9,"enemies":"Jaw Worm Horde","floor":45,"turns":5},{"damage":6,"enemies":"Time Eater","floor":50,"turns":13}],"seed_played":"5823844217771022337","potions_obtained":[{"floor":2,"key":"ColorlessPotion"},{"floor":10,"key":"Explosive Potion"},{"floor":12,"key":"Strength Potion"},{"floor":13,"key":"CunningPotion"},{"floor":16,"key":"Swift Potion"},{"floor":18,"key":"BlessingOfTheForge"},{"floor":19,"key":"BlessingOfTheForge"},{"floor":22,"key":"Weak Potion"},{"floor":27,"key":"Energy Potion"},{"floor":31,"key":"BlessingOfTheForge"},{"floor":33,"key":"Energy Potion"},{"floor":39,"key":"EssenceOfSteel"},{"floor":42,"key":"Energy Potion"}],"is_trial":false,"path_per_floor":["M","M","M","M","M","R","E","R","T","E","?","M","M","M","R","B",null,"M","M","M","?","M","R","E","M","T","M","E","R","$","M","R","B",null,"M","$","M","?","?","E","R","E","T","R","M","?","$","?","R","B",null],"character_chosen":"THE_SILENT","items_purchased":["MerchantsRug","Juzu Bracelet","Bag of Marbles","Deadly Poison","Orrery","PowerPotion","Omamori","Singing Bowl","Energy Potion"],"campfire_rested":0,"item_purchase_floors":[30,30,30,30,36,47,47,47,47],"current_hp_per_floor":[70,70,69,64,59,59,48,48,48,48,53,51,39,37,37,13,75,75,75,67,67,57,57,57,57,57,57,56,56,56,56,56,7,75,75,75,75,75,75,75,75,74,74,74,65,65,65,75,75,69],"gold":46,"neow_bonus":"BOSS_RELIC","is_daily":false,"chose_seed":false,"campfire_upgraded":9,"win_rate":0.0,"timestamp":1613331795,"path_taken":["M","M","M","?","M","R","E","R","T","E","?","M","M","M","R","BOSS","M","M","M","?","M","R","E","M","T","?","E","R","$","M","R","BOSS","M","$","M","?","?","E","R","E","T","R","M","?","$","?","R","BOSS"],"items_purchased_type":["Relic","Relic","Relic","Card","Relic","Potion","Relic","Relic","Potion"],"build_version":"2020-12-22","purchased_purges":2,"victory":true,"max_hp_per_floor":[70,70,70,70,70,70,70,70,70,70,75,75,75,75,75,75,75,75,75,75,75,75,75,75,75,75,75,75,75,75,75,75,75,75,75,75,75,75,75,75,75,75,75,75,75,75,75,75,75,75],"card_choices":[{"not_picked":["Deadly Poison","Well Laid Plans"],"picked":"Flying Knee","floor":1},{"not_picked":["Eviscerate","Footwork"],"picked":"Poisoned Stab","floor":2},{"not_picked":["Slice","Catalyst"],"picked":"Dagger Spray","floor":3},{"not_picked":["Well Laid Plans","Quick Slash"],"picked":"Noxious Fumes","floor":4},{"not_picked":["Bane","Sucker Punch"],"picked":"Dagger Throw","floor":5},{"not_picked":["Slice","Bane"],"picked":"PiercingWail","floor":7},{"not_picked":["Dagger Throw","Catalyst","Endless Agony"],"picked":"After Image","floor":10},{"not_picked":["Prepared","Sucker Punch","Dagger Throw"],"picked":"Dodge and Roll","floor":12},{"not_picked":["Riddle With Holes","Heel Hook","Cloak And Dagger"],"picked":"Deflect","floor":13},{"not_picked":["Sucker Punch","Choke","Prepared","Acrobatics"],"picked":"SKIP","floor":14},{"not_picked":["A Thousand Cuts","Envenom","Phantasmal Killer"],"picked":"Burst","floor":16},{"not_picked":["Dash+1","Accuracy","Bouncing Flask","Predator"],"picked":"SKIP","floor":18},{"not_picked":["Cloak And Dagger","Sucker Punch","Flying Knee"],"picked":"Dodge and Roll+1","floor":19},{"not_picked":["Setup","Prepared+1","Quick Slash+1"],"picked":"Backflip+1","floor":20},{"not_picked":["Backstab","Bane","Riddle With Holes"],"picked":"Blur","floor":22},{"not_picked":["Cloak And Dagger","Sucker Punch+1","Eviscerate"],"picked":"Corpse Explosion","floor":24},{"not_picked":["Cloak And Dagger","Quick Slash","Tactician+1","Slice"],"picked":"SKIP","floor":25},{"not_picked":["Quick Slash","Flechettes","Prepared","Flying Knee"],"picked":"SKIP","floor":27},{"not_picked":["Tactician","Bane","Venomology","Setup"],"picked":"SKIP","floor":28},{"not_picked":["Prepared","Endless Agony","Skewer","Dagger Throw"],"picked":"SKIP","floor":31},{"not_picked":["Venomology","Storm of Steel","Wraith Form v2"],"picked":"Burst","floor":33},{"not_picked":["Concentrate","Bouncing Flask","Outmaneuver"],"picked":"Leg Sweep+1","floor":35},{"not_picked":["Accuracy+1","Backflip","Terror+1"],"picked":"Dodge and Roll+1","floor":36},{"not_picked":["Blade Dance","Dagger Spray","Finisher+1"],"picked":"Dodge and Roll+1","floor":36},{"not_picked":["Blade Dance+1","Tactician+1","Cloak And Dagger+1"],"picked":"Bouncing Flask+1","floor":36},{"not_picked":["Outmaneuver","All Out Attack+1","Dagger Spray+1"],"picked":"Backflip","floor":36},{"not_picked":["Calculated Gamble+1","Dagger Throw","Deadly Poison+1","Doppelganger"],"picked":"SKIP","floor":37},{"not_picked":["PiercingWail+1","Backstab","All Out Attack+1"],"picked":"Caltrops+1","floor":39},{"not_picked":["Deadly Poison+1","Poisoned Stab","Cloak And Dagger","Heel Hook"],"picked":"SKIP","floor":40},{"not_picked":["Finisher+1","Setup","Quick Slash+1"],"picked":"Footwork","floor":42},{"not_picked":["Concentrate+1","Reflex+1","Outmaneuver+1","Underhanded Strike"],"picked":"SKIP","floor":45}],"player_experience":148228,"relics_obtained":[{"floor":7,"key":"Question Card"},{"floor":9,"key":"CaptainsWheel"},{"floor":10,"key":"Du-Vu Doll"},{"floor":24,"key":"Ice Cream"},{"floor":26,"key":"Torii"},{"floor":28,"key":"MawBank"},{"floor":39,"key":"Old Coin"},{"floor":40,"key":"CeramicFish"},{"floor":42,"key":"Oddly Smooth Stone"},{"floor":43,"key":"Ancient Tea Set"}],"event_choices":[{"damage_healed":0,"gold_gain":0,"player_choice":"Donut","damage_taken":0,"max_hp_gain":5,"max_hp_loss":0,"event_name":"Big Fish","floor":11,"gold_loss":0},{"damage_healed":0,"gold_gain":0,"player_choice":"Ignored","damage_taken":0,"max_hp_gain":0,"max_hp_loss":0,"event_name":"betterNote:BetterNote","floor":21,"gold_loss":0,"cards_obtained":["Ragnarok"]},{"cards_removed":["Dagger Spray"],"damage_healed":0,"gold_gain":0,"player_choice":"Removed Attack","damage_taken":0,"max_hp_gain":0,"max_hp_loss":0,"event_name":"Falling","floor":38,"gold_loss":0},{"damage_healed":0,"gold_gain":0,"player_choice":"Fight","damage_taken":0,"max_hp_gain":0,"max_hp_loss":0,"event_name":"MindBloom","floor":39,"gold_loss":0},{"damage_healed":0,"gold_gain":0,"player_choice":"Rummage","damage_taken":0,"relics_obtained":["WarpedTongs"],"max_hp_gain":0,"max_hp_loss":0,"event_name":"Accursed Blacksmith","floor":46,"gold_loss":0,"cards_obtained":["Pain"]},{"damage_healed":19,"gold_gain":0,"player_choice":"Writhe","damage_taken":0,"max_hp_gain":0,"max_hp_loss":0,"event_name":"Winding Halls","floor":48,"gold_loss":0,"cards_obtained":["Writhe"]}],"is_beta":false,"boss_relics":[{"not_picked":["Tiny House","Astrolabe"],"picked":"Coffee Dripper"},{"not_picked":["SacredBark","Runic Dome"],"picked":"Runic Pyramid"}],"items_purged_floors":[30,47],"is_endless":false,"potions_floor_spawned":[2,10,12,13,16,18,19,22,27,31,33,39,42],"ascension_level":1}}