{"host":"ypphcgdomtfqpc2w","time":1613298377,"event":{"mods":["BaseMod","Marisa（霧雨　魔理沙）","Minty Spire (QoL Compilation)","StSLib"],"gold_per_floor":[115,127,142,142,12,52,17,17,40,40,40,132,185,2,2,115,115,192,64,175,175,273,273,353,428,451,561,627,627,713,34,34,378,378,531,97,196,273,36,299,299,455,455,559,663,832,44,44,44,684,1078,1078,1078,52,121,169],"floor_reached":57,"language":"ENG","playtime":6919,"items_purged":["Strike_MRS","ShootTheMoon","DC"],"score":3000,"play_id":"4dca3564-32db-41b7-8014-0abe9e65341e","local_time":"20210214192617","is_ascension_mode":true,"campfire_choices":[{"data":"WitchOfGreed","floor":8.0,"key":"SMITH"},{"data":"GrandCross","floor":11.0,"key":"SMITH"},{"data":"Singularity","floor":15.0,"key":"SMITH"},{"data":"OneTimeOff","floor":23.0,"key":"SMITH"},{"floor":32.0,"key":"REST"},{"data":"PulseMagic","floor":41.0,"key":"SMITH"},{"floor":49,"key":"RECALL"},{"data":"MilkyWay","floor":53,"key":"SMITH"}],"circlet_count":0,"master_deck":["AscendersBane","Defend_MRS","Defend_MRS","Defend_MRS+1","MasterSpark","UpSweep+1","NonDirectionalLaser","AsteroidBelt+1","GrandCross+1","WitchOfGreed+1","Robbery","DarkMatter","Robbery","Singularity+1","Acceleration","FairyDestructionRay","CasketOfStar","OneTimeOff+1","OneTimeOff","PulseMagic+1","MilkyWay+1","DeepEcoloBomb","GalacticHalo","DarkMatter+1","Master of Strategy","UnstableBomb","ShootingEcho","Acceleration","MeteoricShower","OneTimeOff","Dark Shackles","ManaConvection","Master of Strategy","AlicesGift","6A"],"relics":["MiniHakkero","Regal Pillow","Oddly Smooth Stone","Busted Crown","Dream Catcher","MealTicket","Gambling Chip","Orrery","Runic Pyramid","Medical Kit","Singing Bowl","Sling","HornCleat","SproutingBranch","Thread and Needle","MawBank","Pear","Toy Ornithopter","HandDrill","AmplifyWand","Ornamental Fan","DollysMirror","Bag of Preparation"],"acts_visited":["Exordium","TheCity","TheBeyond","TheEnding"],"potions_floor_usage":[45,51,55,56,56],"damage_taken":[{"damage":0.0,"enemies":"2 Louse","floor":1.0,"turns":3.0},{"damage":9.0,"enemies":"Small Slimes","floor":2.0,"turns":3.0},{"damage":0.0,"enemies":"Cultist","floor":3.0,"turns":3.0},{"damage":4.0,"enemies":"3 Sentries","floor":6.0,"turns":7.0},{"damage":8.0,"enemies":"Lagavulin","floor":12.0,"turns":5.0},{"damage":3.0,"enemies":"Red Slaver","floor":13.0,"turns":3.0},{"damage":15.0,"enemies":"Slime Boss","floor":16.0,"turns":6.0},{"damage":1.0,"enemies":"2 Thieves","floor":18.0,"turns":4.0},{"damage":0.0,"enemies":"Chosen","floor":20.0,"turns":4.0},{"damage":2.0,"enemies":"Sentry and Sphere","floor":22.0,"turns":4.0},{"damage":0.0,"enemies":"3 Cultists","floor":24.0,"turns":4.0},{"damage":33.0,"enemies":"Slavers","floor":25.0,"turns":6.0},{"damage":7.0,"enemies":"Centurion and Healer","floor":27.0,"turns":6.0},{"damage":2.0,"enemies":"Snake Plant","floor":28.0,"turns":5.0},{"damage":3.0,"enemies":"Chosen and Byrds","floor":30.0,"turns":6.0},{"damage":25.0,"enemies":"Champ","floor":33.0,"turns":8.0},{"damage":17.0,"enemies":"3 Darklings","floor":35.0,"turns":7.0},{"damage":0.0,"enemies":"Orb Walker","floor":37.0,"turns":4.0},{"damage":18.0,"enemies":"Sphere and 2 Shapes","floor":38.0,"turns":5.0},{"damage":13.0,"enemies":"Nemesis","floor":40.0,"turns":7.0},{"damage":12.0,"enemies":"Reptomancer","floor":42.0,"turns":7.0},{"damage":0,"enemies":"Giant Head","floor":44,"turns":5},{"damage":0,"enemies":"Jaw Worm Horde","floor":45,"turns":7},{"damage":0,"enemies":"Nemesis","floor":46,"turns":5},{"damage":50,"enemies":"Donu and Deca","floor":50,"turns":9},{"damage":41,"enemies":"Awakened One","floor":51,"turns":13},{"damage":2,"enemies":"Shield and Spear","floor":55,"turns":4},{"damage":53,"enemies":"The Heart","floor":56,"turns":7}],"seed_played":"424124034911245830","potions_obtained":[{"floor":1.0,"key":"DistilledChaos"},{"floor":3.0,"key":"EssenceOfSteel"},{"floor":6.0,"key":"SkillPotion"},{"floor":6.0,"key":"CultistPotion"},{"floor":12.0,"key":"Dexterity Potion"},{"floor":13.0,"key":"Energy Potion"},{"floor":16.0,"key":"Weak Potion"},{"floor":18.0,"key":"Fire Potion"},{"floor":20.0,"key":"Dexterity Potion"},{"floor":22.0,"key":"EssenceOfSteel"},{"floor":24.0,"key":"Dexterity Potion"},{"floor":25.0,"key":"SneckoOil"},{"floor":25.0,"key":"Dexterity Potion"},{"floor":27.0,"key":"EntropicBrew"},{"floor":27.0,"key":"Dexterity Potion"},{"floor":28.0,"key":"AttackPotion"},{"floor":29.0,"key":"SkillPotion"},{"floor":30.0,"key":"BottledSpark"},{"floor":33.0,"key":"Block Potion"},{"floor":35.0,"key":"ShroomBrew"},{"floor":37.0,"key":"Dexterity Potion"},{"floor":37.0,"key":"SteroidPotion"},{"floor":38.0,"key":"SpeedPotion"},{"floor":40.0,"key":"Weak Potion"},{"floor":40.0,"key":"BlessingOfTheForge"},{"floor":42.0,"key":"LiquidBronze"},{"floor":44,"key":"SpeedPotion"},{"floor":44,"key":"SkillPotion"},{"floor":45,"key":"Weak Potion"},{"floor":45,"key":"Block Potion"},{"floor":55,"key":"BlessingOfTheForge"}],"is_trial":false,"path_per_floor":["M","M","M","?","$","E","?","R","T","?","R","E","M","$","R","B",null,"M","$","M","?","M","R","M","E","T","M","M","?","M","$","R","B",null,"M","$","M","M","$","E","R","E","T","E","M","E","$","?","R","B","B",null,"R","$","E","B",null],"character_chosen":"MARISA","items_purchased":["WitchOfGreed","Singularity","Acceleration","FairyDestructionRay","ShootTheMoon","OneTimeOff","Gambling Chip","Orrery","Master of Strategy","Medical Kit","Singing Bowl","Sling","ShootingEcho","Acceleration","Pear","Toy Ornithopter","HandDrill","OneTimeOff","AmplifyWand","Ornamental Fan","ManaConvection","DollysMirror","SkillPotion","AlicesGift"],"campfire_rested":1,"item_purchase_floors":[5,14,14,14,19,19,31,31,31,36,36,39,39,39,47,47,47,47,54,54,54,54,54,54],"current_hp_per_floor":[63,54,54,54,54,50,63,63,63,44,44,36,33,33,33,18,52,51,51,51,51,49,49,49,16,16,9,7,7,4,19,52,27,54,37,52,54,38,53,42,42,32,32,46,63,75,85,79,79,42,21,72,72,87,89,48],"gold":169,"neow_bonus":"REMOVE_TWO","is_daily":false,"chose_seed":false,"campfire_upgraded":6,"win_rate":0.0,"timestamp":1613298377,"path_taken":["M","M","M","?","$","E","?","R","T","?","R","E","M","$","R","BOSS","M","$","M","?","M","R","M","E","T","M","M","?","M","$","R","BOSS","M","$","M","?","?","E","R","E","T","E","M","E","$","?","R","BOSS","BOSS","R","$","E","BOSS"],"items_purchased_type":["Card","Card","Card","Card","Card","Card","Relic","Relic","Card","Relic","Relic","Relic","Card","Card","Relic","Relic","Relic","Card","Relic","Relic","Card","Relic","Potion","Card"],"build_version":"2020-12-22","purchased_purges":3,"victory":true,"max_hp_per_floor":[63,63,63,63,63,63,63,63,63,63,63,63,63,63,63,63,63,63,63,63,63,63,63,63,63,63,63,63,63,63,63,63,63,63,63,63,65,67,67,69,69,71,71,71,73,75,85,89,89,89,89,89,89,89,89,89],"card_choices":[{"not_picked":["PowerUp","DoubleSpark"],"picked":"NonDirectionalLaser","floor":1.0},{"not_picked":["GravityBeat","PropBag"],"picked":"AsteroidBelt","floor":2.0},{"not_picked":["Orbital","ShootingEcho"],"picked":"GrandCross","floor":3.0},{"not_picked":["ChargingUp","DC"],"picked":"Robbery","floor":6.0},{"not_picked":["WitchLeyline","MysteriousBeam"],"picked":"DarkMatter","floor":12.0},{"not_picked":["PowerUp","UnstableBomb"],"picked":"Robbery","floor":13.0},{"not_picked":["MaximisePower","BlazingStar"],"picked":"CasketOfStar","floor":16.0},{"not_picked":["DC"],"picked":"SKIP","floor":18.0},{"not_picked":[],"picked":"OneTimeOff","floor":20.0},{"not_picked":["WitchOfGreed"],"picked":"SKIP","floor":22.0},{"not_picked":["WitchOfGreed"],"picked":"SKIP","floor":22.0},{"not_picked":["WitchOfGreed"],"picked":"SKIP","floor":22.0},{"not_picked":["Robbery"],"picked":"SKIP","floor":24.0},{"not_picked":[],"picked":"MilkyWay","floor":25.0},{"not_picked":["DC"],"picked":"SKIP","floor":27.0},{"not_picked":[],"picked":"DeepEcoloBomb","floor":28.0},{"not_picked":[],"picked":"GalacticHalo","floor":30.0},{"not_picked":[],"picked":"DarkMatter+1","floor":31.0},{"not_picked":["UnstableBomb"],"picked":"SKIP","floor":35.0},{"not_picked":["UnstableBomb"],"picked":"SKIP","floor":35.0},{"not_picked":[],"picked":"UnstableBomb","floor":35.0},{"not_picked":["DC"],"picked":"Singing Bowl","floor":37.0},{"not_picked":["OrrerysSun"],"picked":"Singing Bowl","floor":38.0},{"not_picked":["OortCloud"],"picked":"Singing Bowl","floor":40.0},{"not_picked":["OpenUniverse"],"picked":"Singing Bowl","floor":42.0},{"not_picked":[],"picked":"MeteoricShower","floor":44},{"not_picked":["DoubleSpark+1"],"picked":"Singing Bowl","floor":45},{"not_picked":["NonDirectionalLaser"],"picked":"Singing Bowl","floor":46},{"not_picked":["The Bomb"],"picked":"Singing Bowl","floor":48},{"not_picked":[],"picked":"Dark Shackles","floor":48},{"not_picked":["Bandage Up"],"picked":"Singing Bowl","floor":48},{"not_picked":[],"picked":"6A","floor":55}],"player_experience":3291288,"relics_obtained":[{"floor":6.0,"key":"Regal Pillow"},{"floor":9.0,"key":"Oddly Smooth Stone"},{"floor":25.0,"key":"Dream Catcher"},{"floor":26.0,"key":"MealTicket"},{"floor":40.0,"key":"HornCleat"},{"floor":42.0,"key":"SproutingBranch"},{"floor":44,"key":"Thread and Needle"},{"floor":46,"key":"MawBank"},{"floor":55,"key":"Bag of Preparation"}],"event_choices":[{"damage_healed":0.0,"max_hp_gain":0.0,"max_hp_loss":0.0,"gold_gain":0.0,"event_name":"Living Wall","player_choice":"Grow","floor":4.0,"gold_loss":0.0,"damage_taken":0.0,"cards_upgraded":["UpSweep"]},{"damage_healed":15.0,"max_hp_gain":0.0,"max_hp_loss":0.0,"gold_gain":0.0,"event_name":"The Cleric","player_choice":"Healed","floor":7.0,"gold_loss":35.0,"damage_taken":0.0},{"damage_healed":0.0,"max_hp_gain":0.0,"max_hp_loss":0.0,"gold_gain":0.0,"event_name":"Shining Light","player_choice":"Entered Light","floor":10.0,"gold_loss":0.0,"damage_taken":19.0,"cards_upgraded":["AsteroidBelt","Defend_MRS"]},{"damage_healed":0.0,"max_hp_gain":0.0,"max_hp_loss":0.0,"gold_gain":0.0,"cards_transformed":["Strike_MRS","Strike_MRS"],"event_name":"Drug Dealer","player_choice":"Became Test Subject","floor":21.0,"gold_loss":0.0,"damage_taken":0.0,"cards_obtained":["DC","PulseMagic"]},{"damage_healed":0.0,"max_hp_gain":0.0,"max_hp_loss":0.0,"gold_gain":0.0,"event_name":"Lab","player_choice":"Got Potions","floor":29.0,"gold_loss":0.0,"damage_taken":0.0},{"damage_healed":0,"gold_gain":0,"player_choice":"Memory 3","damage_taken":10,"max_hp_gain":0,"max_hp_loss":0,"event_name":"SensoryStone","floor":48,"gold_loss":0}],"is_beta":false,"boss_relics":[{"not_picked":["Fusion Hammer","SlaversCollar"],"picked":"Busted Crown"},{"not_picked":["BewitchedHakkero","Astrolabe"],"picked":"Runic Pyramid"}],"items_purged_floors":[5,47,54],"is_endless":false,"potions_floor_spawned":[1,3,6,22,25,27,33,37,38,40,44,45],"ascension_level":20}}