{"host":"soaz6px0nzwfajlp","time":1613307516,"event":{"mods":["2.2 Compatiblity","AchievementEnabler","Act Like it!","BaseMod","BetterRewards","Downfall","Minty Spire (QoL Compilation)","StSLib","The Bug Knight","[IsaacMod]????"],"gold_per_floor":[119,119,129,144,144,171,171,198,198,217,392,409,425,437,437,541,541,541,8,8,8,0,0,0,0,0,0,0,0,0,0,0,0,0,0,0,0,0,0,0,0,0,0,0,0,0,0,0,0,0],"floor_reached":51,"language":"ENG","playtime":2456,"items_purged":["Doubt"],"score":1317,"play_id":"af92058e-5f9f-4e78-9aad-92dbfb9fa42f","local_time":"20210214135836","is_ascension_mode":true,"campfire_choices":[{"data":"EpicFetus","floor":7,"key":"SMITH"},{"data":"Adrenaline","floor":15,"key":"SMITH"},{"data":"Night Terror","floor":23,"key":"SMITH"},{"floor":25,"key":"REST"},{"data":"DoctorFetus","floor":32,"key":"SMITH"},{"data":"Storm of Steel","floor":45,"key":"SMITH"},{"data":"Blade Dance","floor":49,"key":"SMITH"}],"circlet_count":0,"master_deck":["AscendersBane","Strike_G","Strike_G","Strike_G","Strike_G","Defend_G","Defend_G","Defend_G","Defend_G","Defend_G","Survivor+1","Neutralize","EpicFetus+1","DoctorFetus+1","Infinite Blades","Blade Dance+1","Cloak And Dagger","Deflect","Blade Dance","Adrenaline+1","Prepared","Leg Sweep","Cloak And Dagger","Night Terror+1","Caltrops","Necronomicurse","Well Laid Plans","Acrobatics","Blade Dance","Cloak And Dagger+1","PiercingWail+1","Storm of Steel+1","Backstab","Writhe","Skewer+1","Dramatic Entrance","Concentrate+1"],"relics":["Ring of the Snake","HushsDoor","Leech","UnicornStump","Strawberry","DeadEye","Ectoplasm","BFFS","Thread and Needle","Necronomicon","Eternal Feather","AnarchistCookbook","Blood Vial","Dead Branch","BookofShadows","Busted Crown","GuppysPaw","Oddly Smooth Stone","Pear","Orichalcum","Anchor"],"acts_visited":["Exordium","TheCity","TheBeyond"],"potions_floor_usage":[8,10,16,16,31,33],"damage_taken":[{"damage":13,"enemies":"2 Louse","floor":1,"turns":2},{"damage":6,"enemies":"Small Slimes","floor":3,"turns":3},{"damage":0,"enemies":"Cultist","floor":4,"turns":3},{"damage":16,"enemies":"HollowMod:MossKnight","floor":6,"turns":5},{"damage":15,"enemies":"3 Sentries","floor":8,"turns":4},{"damage":0,"enemies":"Exordium Thugs","floor":10,"turns":3},{"damage":5,"enemies":"Blue Slaver","floor":12,"turns":2},{"damage":18,"enemies":"Large Slime","floor":13,"turns":2},{"damage":0,"enemies":"Exordium Thugs","floor":14,"turns":4},{"damage":11,"enemies":"The Guardian","floor":16,"turns":9},{"damage":5,"enemies":"Shell Parasite","floor":18,"turns":5},{"damage":13,"enemies":"2 Thieves","floor":22,"turns":2},{"damage":55,"enemies":"Slavers","floor":24,"turns":7},{"damage":0,"enemies":"Cultist and Chosen","floor":29,"turns":3},{"damage":0,"enemies":"Snecko","floor":30,"turns":4},{"damage":14,"enemies":"Colosseum Slavers","floor":31,"turns":4},{"damage":12,"enemies":"Colosseum Nobs","floor":31,"turns":4},{"damage":2,"enemies":"Champ","floor":33,"turns":6},{"damage":27,"enemies":"3 Shapes","floor":35,"turns":2},{"damage":22,"enemies":"2 Orb Walkers","floor":36,"turns":4},{"damage":0,"enemies":"Orb Walker","floor":37,"turns":2},{"damage":0,"enemies":"Reptomancer","floor":40,"turns":3},{"damage":0,"enemies":"Spire Growth","floor":44,"turns":2},{"damage":28,"enemies":"Sphere and 2 Shapes","floor":47,"turns":3},{"damage":20,"enemies":"Nemesis","floor":48,"turns":3},{"damage":0,"enemies":"Awakened One","floor":50,"turns":7}],"seed_played":"-3317958819166526995","potions_obtained":[{"floor":6,"key":"Block Potion"},{"floor":8,"key":"Fruit Juice"},{"floor":12,"key":"bronze:BurnAndBuffPotion"},{"floor":13,"key":"Energy Potion"},{"floor":14,"key":"GhostInAJar"},{"floor":22,"key":"DuplicationPotion"},{"floor":24,"key":"PowerPotion"},{"floor":31,"key":"Energy Potion"},{"floor":40,"key":"LiquidBronze"}],"is_trial":false,"path_per_floor":["M","?","M","M","?","E","R","E","T","M","?","M","M","M","R","B",null,"M","$","?","?","M","R","E","R","T","$","?","M","M","?","R","B",null,"M","?","M","$","?","E","?","?","T","M","R","T","M","E","R","B",null],"character_chosen":"THE_SILENT","items_purchased":["BFFS","Thread and Needle"],"campfire_rested":1,"item_purchase_floors":[19,19],"current_hp_per_floor":[51,51,47,49,35,23,23,23,23,26,26,22,6,9,9,4,63,62,62,46,46,35,50,1,40,40,40,24,29,34,18,36,41,76,53,36,39,39,61,65,65,65,75,78,97,97,71,55,76,79],"gold":0,"neow_bonus":"RANDOM_COLORLESS_2","is_daily":false,"chose_seed":false,"campfire_upgraded":6,"win_rate":0.0,"timestamp":1613307516,"path_taken":["M","?","M","M","?","E","R","E","T","M","?","M","M","?","R","BOSS","M","$","?","?","M","R","E","R","T","?","?","?","M","?","R","BOSS","M","?","M","$","?","E","?","?","T","M","R","?","?","E","R","BOSS"],"items_purchased_type":["Relic","Relic"],"build_version":"2020-12-22","purchased_purges":1,"victory":true,"max_hp_per_floor":[70,70,70,70,70,70,70,82,82,82,82,82,82,82,82,82,82,82,82,82,82,82,82,82,82,82,82,87,87,87,87,87,87,87,87,87,87,87,87,87,87,87,97,97,97,97,97,97,97,79],"card_choices":[{"not_picked":[],"picked":"EpicFetus","floor":0},{"not_picked":["Chrysalis","BloodyBrimstone"],"picked":"DoctorFetus","floor":0},{"not_picked":["Bane","Leg Sweep"],"picked":"Infinite Blades","floor":1},{"not_picked":["Underhanded Strike","Flying Knee"],"picked":"Blade Dance","floor":3},{"not_picked":["Terror","Prepared"],"picked":"Cloak And Dagger","floor":4},{"not_picked":["Slice","Riddle With Holes"],"picked":"Deflect","floor":6},{"not_picked":["Endless Agony","Distraction"],"picked":"Blade Dance","floor":8},{"not_picked":["All Out Attack","Finisher"],"picked":"Adrenaline","floor":10},{"not_picked":["Dodge and Roll","Calculated Gamble"],"picked":"Prepared","floor":12},{"not_picked":["Heel Hook","Distraction"],"picked":"Leg Sweep","floor":13},{"not_picked":["Deadly Poison","Slice"],"picked":"Cloak And Dagger","floor":14},{"not_picked":["Bullet Time","Unload"],"picked":"Night Terror","floor":16},{"not_picked":["Catalyst","Crippling Poison"],"picked":"Caltrops","floor":18},{"not_picked":["Flying Knee","Dodge and Roll"],"picked":"Well Laid Plans","floor":22},{"not_picked":["Corpse Explosion","Tactician"],"picked":"Acrobatics","floor":24},{"not_picked":["Poisoned Stab","Deflect"],"picked":"Blade Dance","floor":29},{"not_picked":["Crippling Poison","Calculated Gamble+1"],"picked":"Cloak And Dagger+1","floor":30},{"not_picked":["Terror","Choke"],"picked":"PiercingWail+1","floor":31},{"not_picked":["Grand Finale","Malaise"],"picked":"Storm of Steel","floor":33},{"not_picked":["Deflect"],"picked":"SKIP","floor":35},{"not_picked":[],"picked":"Backstab","floor":36},{"not_picked":["Predator"],"picked":"SKIP","floor":37},{"not_picked":[],"picked":"Skewer+1","floor":40},{"not_picked":[],"picked":"Dramatic Entrance","floor":42},{"not_picked":["Bane"],"picked":"SKIP","floor":44},{"not_picked":[],"picked":"Concentrate+1","floor":47},{"not_picked":["Backflip"],"picked":"SKIP","floor":48}],"player_experience":269738,"relics_obtained":[{"floor":6,"key":"UnicornStump"},{"floor":8,"key":"Strawberry"},{"floor":9,"key":"DeadEye"},{"floor":20,"key":"Necronomicon"},{"floor":24,"key":"AnarchistCookbook"},{"floor":26,"key":"Blood Vial"},{"floor":31,"key":"Dead Branch"},{"floor":31,"key":"BookofShadows"},{"floor":36,"key":"GuppysPaw"},{"floor":40,"key":"Oddly Smooth Stone"},{"floor":43,"key":"Pear"},{"floor":46,"key":"Orichalcum"},{"floor":48,"key":"Anchor"}],"event_choices":[{"cards_removed":["Injury"],"damage_healed":0,"gold_gain":0,"player_choice":"Forget","damage_taken":0,"max_hp_gain":0,"max_hp_loss":0,"event_name":"Living Wall","floor":2,"gold_loss":0},{"damage_healed":0,"gold_gain":0,"player_choice":"Entered Light","damage_taken":14,"max_hp_gain":0,"max_hp_loss":0,"event_name":"Shining Light","floor":5,"gold_loss":0,"cards_upgraded":["Strike_G","Survivor"]},{"damage_healed":0,"gold_gain":175,"player_choice":"AGREE","damage_taken":0,"max_hp_gain":0,"max_hp_loss":0,"event_name":"Liars Game","floor":11,"gold_loss":0,"cards_obtained":["Doubt"]},{"damage_healed":0,"gold_gain":0,"player_choice":"Obtained Book","damage_taken":16,"max_hp_gain":0,"max_hp_loss":0,"event_name":"Cursed Tome","floor":20,"gold_loss":0},{"damage_healed":0,"gold_gain":0,"player_choice":"Opened","damage_taken":0,"relics_obtained":["Eternal Feather"],"max_hp_gain":0,"max_hp_loss":0,"event_name":"The Mausoleum","floor":21,"gold_loss":0},{"damage_healed":0,"gold_gain":0,"player_choice":"Shed Blood","damage_taken":21,"max_hp_gain":5,"max_hp_loss":0,"event_name":"Forgotten Altar","floor":28,"gold_loss":0},{"damage_healed":0,"gold_gain":0,"player_choice":"Fight","damage_taken":0,"max_hp_gain":0,"max_hp_loss":0,"event_name":"Colosseum","floor":31,"gold_loss":0},{"damage_healed":0,"gold_gain":0,"player_choice":"Fought Nobs","damage_taken":0,"max_hp_gain":0,"max_hp_loss":0,"event_name":"Colosseum","floor":31,"gold_loss":0},{"damage_healed":0,"gold_gain":0,"player_choice":"Fight","damage_taken":0,"max_hp_gain":0,"max_hp_loss":0,"event_name":"Mysterious Sphere","floor":36,"gold_loss":0},{"damage_healed":22,"gold_gain":0,"player_choice":"Writhe","damage_taken":0,"max_hp_gain":0,"max_hp_loss":0,"event_name":"Winding Halls","floor":39,"gold_loss":0,"cards_obtained":["Writhe"]},{"cards_removed":["Strike_G"],"damage_healed":0,"gold_gain":0,"player_choice":"Removed Attack","damage_taken":0,"max_hp_gain":0,"max_hp_loss":0,"event_name":"Falling","floor":41,"gold_loss":0},{"damage_healed":0,"gold_gain":0,"player_choice":"Memory 1","damage_taken":0,"max_hp_gain":0,"max_hp_loss":0,"event_name":"SensoryStone","floor":42,"gold_loss":0}],"is_beta":false,"boss_relics":[{"not_picked":["Calling Bell","SacredBark"],"picked":"Ectoplasm"},{"not_picked":[]},{"not_picked":["Pandora\u0027s Box","Astrolabe"],"picked":"Busted Crown"},{"not_picked":[]}],"items_purged_floors":[19],"is_endless":false,"potions_floor_spawned":[6,8,12,13,14,22,24,30,31,31,36,40],"ascension_level":11}}