{"host":"v0xbo920qxoewo3e","time":1613314117,"event":{"mods":["Act Like it!","Aspiration","Astrologer","BaseMod","Conspire","Downfall","Friendly Minions","GifTheSpireLib","Halation","Hermit","Hubris","Infinite Spire","Jedi Mod","Jorbs\u0027s Wanderer Trilogy","Koishi","Marisa????????","Minty Spire (QoL Compilation)","Potionbrewer","Rare Cards Sparkle","Reimu??????","Remilia??????","Replay The Spire","StSLib","Stuff the Spire","The Animator","The Blackbeard","The Bladedancer","The Bug Knight","The Construct","The Cursed","The Disciple","The Gatherer","The Jungle","The Problem Sleuth","The Runesmith","The Servant 0.9.4","TheBandit","Unceasing Turn Reminder"],"gold_per_floor":[210,210,224,242,259,259,18,18,45,57,57,71,100,100,100,178,178,194,194,194,210,224,252,267,296,342,358,358,371,388,403,403,474,474,494,508,508,523,542,542,569,569,569,587,621,641,674,685,685,685],"floor_reached":51,"language":"ENG","playtime":3541,"items_purged":["Strike_R"],"score":1435,"play_id":"3e287dab-8c82-4276-be18-a63bbdc283a9","local_time":"20210214164837","is_ascension_mode":true,"campfire_choices":[{"data":"Armaments","floor":6,"key":"SMITH"},{"data":"Sever Soul","floor":8,"key":"SMITH"},{"data":"Abandon","floor":11,"key":"SMITH"},{"data":"Fire Breathing","floor":15,"key":"SMITH"},{"data":"True Grit","floor":28,"key":"SMITH"},{"data":"Fire Breathing","floor":32,"key":"SMITH"},{"data":"Battle Trance","floor":37,"key":"SMITH"},{"data":"ReplayTheSpireMod:Strike From Hell","floor":40,"key":"SMITH"},{"data":"Replay:Many Hands","floor":42,"key":"SMITH"},{"floor":49,"key":"REST"}],"circlet_count":0,"master_deck":["AscendersBane","Strike_R+1","Strike_R+1","Strike_R+1","Strike_R+1","Defend_R+1","Defend_R+1","Defend_R+1","Defend_R+1","Bash","Sever Soul+1","Abandon+1","Armaments+1","Battle Trance+1","Fire Breathing+1","ReplayTheSpireMod:Strike From Hell+1","Injury","Replay:Many Hands+1","Sentinel","Whirlwind+1","jedi:suffering+1","Iron Wave+1","StuffTheSpire:Resist+1","True Grit+1","Fire Breathing+1","StuffTheSpire:Slingshot+1","ReplayTheSpireMod:Strike From Hell+1","StuffTheSpire:RockThrow+1","Hemogenesis+1","StuffTheSpire:RockThrow+1","Offering","Burning Pact+1","Pommel Strike+1","StuffTheSpire:Incineration+1"],"relics":["Burning Blood","halation:PromiseList","Bronze Scales","aspiration:HummingbirdHeart","Molten Egg 2","jedi:battlestandard","CaptainsWheel","Shuriken","Toy Ornithopter","jedi:arcanewood","construct:WeddingRing","Nunchaku","Mummified Hand","halation:WeightlessCrab","Chameleon Ring"],"acts_visited":["Exordium","TheCity","TheBeyond"],"potions_floor_usage":[27,39,50],"damage_taken":[{"damage":6,"enemies":"Jaw Worm","floor":1,"turns":5},{"damage":7,"enemies":"Small Slimes","floor":3,"turns":3},{"damage":1,"enemies":"2 Louse","floor":4,"turns":3},{"damage":1,"enemies":"2 Fungi Beasts","floor":5,"turns":3},{"damage":1,"enemies":"Exordium Thugs","floor":10,"turns":4},{"damage":7,"enemies":"Gremlin Gang","floor":12,"turns":4},{"damage":0,"enemies":"Replay:BlueRogue","floor":13,"turns":6},{"damage":24,"enemies":"Hexaghost","floor":16,"turns":8},{"damage":0,"enemies":"3 Byrds","floor":18,"turns":2},{"damage":0,"enemies":"Spheric Guardian","floor":21,"turns":3},{"damage":3,"enemies":"Shelled Parasite and Fungi","floor":22,"turns":4},{"damage":18,"enemies":"Nightmare","floor":23,"turns":4},{"damage":2,"enemies":"Centurion and Healer","floor":24,"turns":4},{"damage":2,"enemies":"conspire:Head Lice","floor":25,"turns":4},{"damage":0,"enemies":"Chosen and Byrds","floor":27,"turns":6},{"damage":9,"enemies":"conspire:HollyBat","floor":29,"turns":7},{"damage":0,"enemies":"3 Cultists","floor":30,"turns":4},{"damage":8,"enemies":"Centurion and Healer","floor":31,"turns":5},{"damage":50,"enemies":"conspire:MysteriousRune","floor":33,"turns":7},{"damage":1,"enemies":"Orb Walker","floor":35,"turns":3},{"damage":1,"enemies":"3 Shapes","floor":36,"turns":3},{"damage":19,"enemies":"Spire Growth","floor":38,"turns":5},{"damage":0,"enemies":"Sphere and 2 Shapes","floor":39,"turns":5},{"damage":2,"enemies":"Giant Head","floor":41,"turns":5},{"damage":0,"enemies":"4 Shapes","floor":44,"turns":3},{"damage":26,"enemies":"Reptomancer","floor":45,"turns":5},{"damage":6,"enemies":"3 Darklings","floor":46,"turns":4},{"damage":39,"enemies":"Nightmare","floor":47,"turns":7},{"damage":6,"enemies":"Transient","floor":48,"turns":6},{"damage":61,"enemies":"Awakened One","floor":50,"turns":9}],"seed_played":"3608088719738999799","potions_obtained":[{"floor":3,"key":"potionbrewer:AcidPotion"},{"floor":4,"key":"potionbrewer:CleansingPotion"},{"floor":12,"key":"potionbrewer:StunPotion"},{"floor":29,"key":"BlessingOfTheForge"},{"floor":39,"key":"champ:CounterPotion"},{"floor":44,"key":"FairyPotion"}],"is_trial":false,"path_per_floor":["M","?","M","M","M","R","$","R","T","M","R","M","E","?","R","B",null,"M","?","?","M","M","NM","M","E","T","M","R","M","M","M","R","B",null,"M","M","R","M","M","R","E","R","T","M","E","M","NM","M","R","B",null],"character_chosen":"IRONCLAD","items_purchased":["halation:PromiseList"],"campfire_rested":1,"item_purchase_floors":[7],"current_hp_per_floor":[68,45,44,49,54,54,54,54,54,59,59,58,64,64,64,46,68,74,74,67,73,75,63,67,71,71,75,75,72,75,73,73,29,64,69,74,74,69,75,75,75,75,75,75,57,65,40,48,70,28],"gold":685,"neow_bonus":"HUNDRED_GOLD","is_daily":false,"chose_seed":false,"campfire_upgraded":9,"win_rate":0.0,"timestamp":1613314117,"path_taken":["M","?","M","M","M","R","$","R","T","M","R","M","E","?","R","BOSS","M","?","?","M","M","NM","M","E","T","?","R","M","M","M","R","BOSS","M","M","?","M","M","R","E","R","T","M","E","M","NM","M","R","BOSS"],"items_purchased_type":["Relic"],"build_version":"2020-12-22","purchased_purges":1,"victory":true,"max_hp_per_floor":[75,75,75,75,75,75,75,75,75,75,75,75,75,75,75,75,75,75,75,75,75,75,75,75,75,75,75,75,75,75,75,75,75,75,75,75,75,75,75,75,75,75,75,75,75,75,75,75,75,75],"card_choices":[{"not_picked":["StuffTheSpire:RockThrow","Infernal Blade"],"picked":"Sever Soul","floor":1},{"not_picked":["Shrug It Off","Dark Embrace"],"picked":"Abandon","floor":3},{"not_picked":["Combust","conspire:ExplosiveBarrier"],"picked":"Armaments","floor":4},{"not_picked":["True Grit","Replay:Undeath\u0027s Touch"],"picked":"Battle Trance","floor":5},{"not_picked":["Twin Strike","Bludgeon"],"picked":"Fire Breathing","floor":10},{"not_picked":["Dual Wield","Flex","Armaments"],"picked":"SKIP","floor":12},{"not_picked":["StuffTheSpire:Resist","Flex"],"picked":"ReplayTheSpireMod:Strike From Hell","floor":13},{"not_picked":["Brutality","Eclipse"],"picked":"Replay:Many Hands","floor":16},{"not_picked":["Replay:Undeath\u0027s Touch+1","Anger+1"],"picked":"Sentinel","floor":18},{"not_picked":["Flex","Disarm"],"picked":"Whirlwind+1","floor":21},{"not_picked":["StuffTheSpire:RagingBull+1","Body Slam+1"],"picked":"jedi:suffering+1","floor":22},{"not_picked":["Body Slam+1","Shrug It Off"],"picked":"Iron Wave+1","floor":23},{"not_picked":["Disarm","Carnage+1"],"picked":"StuffTheSpire:Resist+1","floor":24},{"not_picked":["Warcry","Iron Wave+1"],"picked":"True Grit","floor":25},{"not_picked":["Thunderclap+1","Metallicize"],"picked":"Fire Breathing","floor":27},{"not_picked":["Warcry","Fiend Fire+1"],"picked":"StuffTheSpire:Slingshot+1","floor":29},{"not_picked":["Cleave+1","Warcry"],"picked":"ReplayTheSpireMod:Strike From Hell+1","floor":30},{"not_picked":["Battle Trance","Massacre+1"],"picked":"StuffTheSpire:RockThrow+1","floor":31},{"not_picked":["Double Tap","Exhume"],"picked":"Hemogenesis+1","floor":33},{"not_picked":["Perfected Strike+1","Warcry","Twin Strike+1"],"picked":"SKIP","floor":35},{"not_picked":["Disarm+1","Replay:Undeath\u0027s Touch+1"],"picked":"StuffTheSpire:RockThrow+1","floor":36},{"not_picked":["Havoc+1","Thunderclap+1","Heavy Blade+1"],"picked":"SKIP","floor":38},{"not_picked":["jedi:controlledanger","Body Slam+1","StuffTheSpire:RagingBull+1"],"picked":"SKIP","floor":39},{"not_picked":["jedi:fear","Havoc","Perfected Strike+1"],"picked":"SKIP","floor":41},{"not_picked":["Carnage+1","StuffTheSpire:RagingBull+1"],"picked":"Offering","floor":44},{"not_picked":["Body Slam+1","Fire Breathing"],"picked":"Burning Pact+1","floor":45},{"not_picked":["Pummel+1","Massacre+1"],"picked":"Pommel Strike+1","floor":46},{"not_picked":["Iron Wave+1","Body Slam+1"],"picked":"StuffTheSpire:Incineration+1","floor":47},{"not_picked":["ReplayTheSpireMod:Strike From Hell+1","Dual Wield+1","Run Through+1"],"picked":"SKIP","floor":48}],"player_experience":1492558,"relics_obtained":[{"floor":9,"key":"Bronze Scales"},{"floor":13,"key":"aspiration:HummingbirdHeart"},{"floor":23,"key":"Shuriken"},{"floor":25,"key":"Toy Ornithopter"},{"floor":26,"key":"jedi:arcanewood"},{"floor":41,"key":"Nunchaku"},{"floor":43,"key":"Mummified Hand"},{"floor":45,"key":"halation:WeightlessCrab"},{"floor":47,"key":"Chameleon Ring"}],"event_choices":[{"damage_healed":0,"gold_gain":0,"player_choice":"Entered Light","damage_taken":23,"max_hp_gain":0,"max_hp_loss":0,"event_name":"Shining Light","floor":2,"gold_loss":0,"cards_upgraded":["Defend_R","Defend_R"]},{"damage_healed":0,"gold_gain":0,"player_choice":"Simplicity","damage_taken":0,"max_hp_gain":0,"max_hp_loss":0,"event_name":"Back to Basics","floor":19,"gold_loss":0,"cards_upgraded":["Strike_R","Strike_R","Strike_R","Strike_R","Defend_R","Defend_R"]},{"damage_healed":0,"gold_gain":0,"player_choice":"CaptainsWheel","damage_taken":0,"relics_obtained":["CaptainsWheel"],"max_hp_gain":0,"max_hp_loss":0,"event_name":"blackbeard:ShipwreckEvent","floor":20,"gold_loss":0}],"is_beta":false,"boss_relics":[{"not_picked":["StuffTheSpire:RunicHypercube","Astrolabe"],"picked":"jedi:battlestandard"},{"not_picked":["halation:PlatinumPhoenix","halation:SmartPhone"],"picked":"construct:WeddingRing"}],"items_purged_floors":[7],"is_endless":false,"potions_floor_spawned":[3,4,10,12,22,23,29,30,39,44,45,46],"ascension_level":17}}