{"host":"agdto6ifbg57aw9m","time":1613279790,"event":{"mods":["2.2 Compatiblity","Aspiration","BaseMod","BetterRewards","Duelist Mod","Friendly Minions","GifTheSpireLib","Halation","Infinite Spire","Minty Spire (QoL Compilation)","Replay The Spire","Spikes Relics","StSLib","Stuff the Spire","The Spell Scribe"],"gold_per_floor":[136,146,164,175,194,226,226,258,258,273,303,322,322,355,355,355,355],"floor_reached":16,"language":"ENG","playtime":1186,"items_purged":[],"score":278,"play_id":"73e5b029-93a1-4283-b7a5-3f72f77aef01","local_time":"20210214001630","is_ascension_mode":true,"campfire_choices":[{"data":"theDuelist:RedMirror","floor":7,"key":"SMITH"},{"floor":15,"key":"REST"}],"circlet_count":0,"master_deck":["theDuelist:ArchfiendSoldier","theDuelist:ArchfiendSoldier","theDuelist:ArchfiendSoldier","AscendersBane","theDuelist:CastleWalls","theDuelist:CastleWalls","theDuelist:CastleWalls","theDuelist:FiendMegacyber","theDuelist:Sparks","theDuelist:Sparks","theDuelist:SummonedSkull","theDuelist:DarkHole","theDuelist:DarklordMarie","theDuelist:FabledAshenveil","theDuelist:RedMirror+1","theDuelist:GracefulCharity","theDuelist:MillenniumGolem","theDuelist:PotForbidden","theDuelist:FuryFire+2","theDuelist:DarkTinker","theDuelist:DarkFusion","theDuelist:CastleDarkIllusions"],"relics":["theDuelist:MillenniumPuzzle","theDuelist:CardPoolRelic","theDuelist:CardPoolBasicRelic","theDuelist:BoosterPackPoolRelic","theDuelist:CardPoolAddRelic","theDuelist:CardPoolMinusRelic","theDuelist:CardPoolSaveRelic","theDuelist:CardPoolOptionsRelic","NeowsBlessing","aspiration:HummingbirdHeart","Gremlin Food","theDuelist:GiftAnubis","Ancient Tea Set","theDuelist:DuelistTeaSet"],"acts_visited":["Exordium"],"potions_floor_usage":[],"damage_taken":[{"damage":0,"enemies":"Jaw Worm","floor":1,"turns":1},{"damage":0,"enemies":"Small Slimes","floor":2,"turns":1},{"damage":0,"enemies":"Cultist","floor":3,"turns":1},{"damage":4,"enemies":"Blue Slaver","floor":4,"turns":3},{"damage":10,"enemies":"2 Fungi Beasts","floor":5,"turns":5},{"damage":0,"enemies":"Gremlin Nob","floor":6,"turns":3},{"damage":15,"enemies":"3 Sentries","floor":8,"turns":7},{"damage":1,"enemies":"3 Louse","floor":10,"turns":5},{"damage":30,"enemies":"Lagavulin","floor":11,"turns":7},{"damage":0,"enemies":"Blue Slaver","floor":12,"turns":1},{"damage":15,"enemies":"3 Sentries","floor":14,"turns":7},{"damage":38,"enemies":"The Guardian","floor":16,"turns":5}],"seed_played":"-1032309451629262512","potions_obtained":[{"floor":1,"key":"theDuelist:TokenPotionB"},{"floor":4,"key":"SteroidPotion"}],"is_trial":false,"path_per_floor":["M","M","M","M","M","E","R","E","T","M","E","M","?","E","R","B"],"character_chosen":"THE_DUELIST","items_purchased":[],"campfire_rested":1,"item_purchase_floors":[],"current_hp_per_floor":[63,63,63,59,52,55,55,46,46,48,24,24,24,9,30,0,0],"gold":355,"neow_bonus":"THREE_ENEMY_KILL","is_daily":false,"chose_seed":false,"campfire_upgraded":1,"win_rate":0.0,"timestamp":1613279790,"path_taken":["M","M","M","M","M","E","R","E","T","M","E","M","?","E","R","BOSS"],"items_purchased_type":[],"build_version":"2020-12-22","purchased_purges":0,"victory":false,"max_hp_per_floor":[70,70,70,70,70,70,70,70,70,70,70,70,70,70,70,70,70],"card_choices":[{"not_picked":["theDuelist:MudragonSwamp","theDuelist:Mudora","theDuelist:JamBreeding","theDuelist:HarpieFeather"],"picked":"theDuelist:DarkHole","floor":1},{"not_picked":["theDuelist:Zombyra","theDuelist:KingYami","theDuelist:UmbralHorrorUniform","theDuelist:FlyingSaucer"],"picked":"theDuelist:DarklordMarie","floor":2},{"not_picked":["theDuelist:Relinkuriboh","theDuelist:UmbralHorrorUniform","theDuelist:MsJudge","theDuelist:DarkTinker"],"picked":"theDuelist:FabledAshenveil","floor":3},{"not_picked":["theDuelist:DoomDonuts","theDuelist:DarknessNeosphere","theDuelist:Doomdog","theDuelist:CallGrave"],"picked":"theDuelist:RedMirror","floor":4},{"not_picked":["theDuelist:BerserkerCrush","theDuelist:DarkEnergy","theDuelist:PotDuality","theDuelist:TributeDoomed"],"picked":"theDuelist:GracefulCharity","floor":5},{"not_picked":["theDuelist:EarthquakeGiant","theDuelist:BattleFootballer","theDuelist:Kuriboh","theDuelist:HeavyStorm"],"picked":"theDuelist:MillenniumGolem","floor":6},{"not_picked":["theDuelist:BlockGolem","theDuelist:Blockman","theDuelist:PowerGiant","theDuelist:RainbowKuriboh"],"picked":"theDuelist:PotForbidden","floor":8},{"not_picked":["theDuelist:Hinotama+1","theDuelist:LightningDarts","theDuelist:OneForOne+1","theDuelist:Wiretap"],"picked":"theDuelist:FuryFire+1","floor":10},{"not_picked":["theDuelist:Zombyra","theDuelist:FlyingSaucer","theDuelist:CheerfulCoffin","theDuelist:KingYami"],"picked":"theDuelist:DarkTinker","floor":11},{"not_picked":["theDuelist:DarkEnergy","theDuelist:TributeDoomed","theDuelist:ReleaseFromStone","theDuelist:ShardGreed"],"picked":"theDuelist:DarkFusion","floor":12},{"not_picked":["theDuelist:GaiaMidNightSun","theDuelist:MillenniumScorpion","theDuelist:CatapultZone","theDuelist:WormKing"],"picked":"theDuelist:CastleDarkIllusions","floor":14}],"player_experience":617579,"relics_obtained":[{"floor":6,"key":"aspiration:HummingbirdHeart"},{"floor":8,"key":"Gremlin Food"},{"floor":9,"key":"theDuelist:GiftAnubis"},{"floor":11,"key":"Ancient Tea Set"},{"floor":14,"key":"theDuelist:DuelistTeaSet"}],"event_choices":[{"damage_healed":0,"gold_gain":0,"player_choice":"Leave","duelist":true,"damage_taken":0,"max_hp_gain":0,"max_hp_loss":0,"event_name":"Battle City","floor":13,"gold_loss":0}],"is_beta":false,"boss_relics":[],"items_purged_floors":[],"is_endless":false,"potions_floor_spawned":[1,4,8,12],"killed_by":"The Guardian","ascension_level":15}}