{"host":"ucgrft0m53zzt06v","time":1613302544,"event":{"mods":["BaseMod","Colored Map","Colored Powertips","Conspire","HololiveMod","KinomotoSakuraMod(木之本樱)","Lobotomy","Minty Spire (QoL Compilation)","Quick Restart","Replay The Spire","Shop Mod","Spicy Shops","StSLib","Td1madao Mod","The Senshi","Waifu the Spire","WarShipGirlsR/战舰少女R mod","【遗物卡牌】REMEMod"],"gold_per_floor":[178,178,32,32,58,58,100,173,198,198,266,266,308,308,308,429,429,494,561,99,369,77,136,202,275,275,275,353,61,61,61,61,204,204,247,247,247,326,128,189,189,282,357,357,421,492,492,9,9,81],"floor_reached":51,"language":"ZHS","playtime":5401,"items_purged":["conspire:Blindness","Decay","Clumsy"],"score":2316,"play_id":"90e9cea4-9b51-4ce5-818c-1e0355ac379f","local_time":"20210214193544","is_ascension_mode":true,"campfire_choices":[{"data":"Hololive_StarCraft","floor":6.0,"key":"SMITH"},{"data":"Hololive_CallYuzukiChoco","floor":10.0,"key":"SMITH"},{"data":"Hololive_CallDoris","floor":12.0,"key":"SMITH"},{"data":"Hololive_CallAZKi","floor":27.0,"key":"SMITH"},{"data":"Hololive_StarCraft","floor":32,"key":"SMITH"},{"data":"Hololive_StarCraft","floor":41,"key":"SMITH"},{"data":"Hololive_Spy","floor":44,"key":"SMITH"},{"data":"Hololive_Spy","floor":47,"key":"SMITH"},{"data":"Hololive_CallOzoraSubaru","floor":49,"key":"SMITH"}],"circlet_count":0,"master_deck":["AscendersBane","Hololive_CallOkamiMio+1","Hololive_CallOzoraSubaru+1","Hololive_CallShirakamiFubuki","Hololive_CallNakiriAyame","Hololive_CallMurasakiShion","Hololive_CallAkaiHaato","Hololive_Defend","REME_Flogging+1","Hololive_CallYuzukiChoco+1","Hololive_StarCraft+1","Hololive_CallAkaiHaato","Hololive_BringToTrial","Hololive_CallDoris+1","Hololive_Spy+1","Hololive_StarCraft+1","Hololive_CocoNews","Hololive_StarCraft+1","Hololive_CallAZKi+1","Hololive_RevenueBasedLive+1","Hololive_OvertimeWork+1","Hololive_FlyingPonyTail","Hololive_CallHoushouMarine","Hololive_DurableLive+1","Hololive_FlyingPonyTail+1","Hololive_LuckPotion","Hololive_Spy+1","Hololive_CallYukihanaLamy","Hololive_CallHimemoriLuna+1","Hololive_Yoholoon+1","Hololive_Yoholoon+1"],"relics":["Hololive_TheStar","Hololive_Kindergarten","REME_ComplimentaryCards","Replay:Bandana","Nunchaku","Bronze Scales","conspire:SeveredTorchhead","MerchantsRug","conspire:Flyswatter","Anchor","Torii","Regal Pillow","ReplayTheSpireMod:TigerMarble","Molten Egg 2","HornCleat","Juzu Bracelet","ReplayFunnel","theSenshi:SuperSailorFukuRelic","CaptainsWheel","REME_HourglassOfDeath","Guide Book","White Beast Statue","Kunai","PreservedInsect","Hololive_FriedShrimpLion","ReplayTheSpireMod:Lightbulb","Strange Spoon"],"acts_visited":["Exordium","TheCity","TheBeyond"],"potions_floor_usage":[50,50],"damage_taken":[{"damage":5.0,"enemies":"Small Slimes","floor":1.0,"turns":4.0},{"damage":3.0,"enemies":"2 Louse","floor":5.0,"turns":2.0},{"damage":0.0,"enemies":"Cultist","floor":7.0,"turns":3.0},{"damage":0.0,"enemies":"Lagavulin","floor":8.0,"turns":5.0},{"damage":0.0,"enemies":"Gremlin Nob","floor":11.0,"turns":4.0},{"damage":0.0,"enemies":"3 Louse","floor":13.0,"turns":3.0},{"damage":0.0,"enemies":"Hexaghost","floor":16.0,"turns":5.0},{"damage":0.0,"enemies":"conspire:FuzzyDice","floor":18.0,"turns":5.0},{"damage":0.0,"enemies":"Chosen","floor":19.0,"turns":4.0},{"damage":0.0,"enemies":"conspire:SneckoGhost","floor":23.0,"turns":5.0},{"damage":0.0,"enemies":"Snake Plant","floor":24.0,"turns":3.0},{"damage":0.0,"enemies":"Replay:Snechameleon","floor":25.0,"turns":5.0},{"damage":0.0,"enemies":"REME_1_Revenger","floor":28.0,"turns":4.0},{"damage":0,"enemies":"Pondfish","floor":33,"turns":9},{"damage":0,"enemies":"3 Shapes","floor":35,"turns":5},{"damage":0,"enemies":"Orb Walker","floor":38,"turns":4},{"damage":0,"enemies":"R_Hoarder","floor":40,"turns":7},{"damage":0,"enemies":"Nemesis","floor":42,"turns":5},{"damage":0,"enemies":"R_Hoarder","floor":46,"turns":6},{"damage":0,"enemies":"Donu and Deca","floor":50,"turns":8}],"seed_played":"4741558040981678637","potions_obtained":[{"floor":7.0,"key":"Toxic Potion"},{"floor":11.0,"key":"LiquidBronze"},{"floor":13.0,"key":"SteroidPotion"},{"floor":23.0,"key":"Venom Potion"},{"floor":33,"key":"Energy Potion"},{"floor":35,"key":"DistilledChaos"},{"floor":40,"key":"Energy Potion"}],"is_trial":false,"path_per_floor":["M","?","$","?","M","R","M","E","T","R","E","R","M","?","R_BF","B",null,"M","M","$","?","$","E","M","E","T","R","E","$","?","?","R","B",null,"M","?","?","M","$","E","R","E","T","R","?","E","R","$","R_BF","B",null],"character_chosen":"Hololive_HololiveCharacter","items_purchased":["Replay:Bandana","MerchantsRug","conspire:Flyswatter","Anchor","Torii","Hololive_OvertimeWork+1","Hololive_FlyingPonyTail","Hololive_CallHoushouMarine","Juzu Bracelet","Guide Book","Hololive_Yoholoon+1","ReplayTheSpireMod:Lightbulb","Strange Spoon"],"campfire_rested":0,"item_purchase_floors":[3,20,20,20,22,29,29,29,29,39,48,48,48],"current_hp_per_floor":[27,27,27,32,29,29,29,29,29,29,29,29,29,22,34,34,39,39,39,39,6,6,6,6,6,6,6,6,6,6,40,40,40,40,40,40,40,40,40,47,47,47,47,47,29,29,29,29,29,29],"gold":81,"neow_bonus":"HUNDRED_GOLD","is_daily":false,"chose_seed":false,"campfire_upgraded":9,"win_rate":0.0,"timestamp":1613302544,"path_taken":["M","?","$","?","M","R","M","E","T","R","E","R","?","?","R_BF","BOSS","M","M","$","?","$","E","M","E","T","R","E","$","?","?","R","BOSS","M","?","?","M","?","E","R","E","T","R","?","E","R","$","R_BF","BOSS"],"items_purchased_type":["Relic","Relic","Relic","Relic","Relic","Card","Card","Card","Relic","Relic","Card","Relic","Relic"],"build_version":"2020-12-22","purchased_purges":3,"victory":true,"max_hp_per_floor":[35,35,35,40,40,40,40,40,40,40,40,40,40,40,40,40,40,40,40,40,40,40,40,40,40,40,40,40,40,40,40,40,40,40,40,40,40,40,40,47,47,47,47,47,47,47,47,47,47,47],"card_choices":[{"not_picked":["Hololive_Rebound","Hololive_Breathe","Hololive_HuntDinosaur"],"picked":"Hololive_CallYuzukiChoco","floor":1.0},{"not_picked":["Hololive_RevenueBasedLive","Hololive_CallYukihanaLamy","Hololive_CallAkaiHaato"],"picked":"Hololive_StarCraft","floor":5.0},{"not_picked":["Hololive_CallMoonaHoshinova","Hololive_Rebound","Hololive_Sequa"],"picked":"Hololive_CallAkaiHaato","floor":7.0},{"not_picked":["Hololive_Sequa","Hololive_Trident","Hololive_MaximGun"],"picked":"Hololive_BringToTrial","floor":8.0},{"not_picked":["Hololive_CallUruhaRushia","Hololive_StrengthChampion","Hololive_Sequa"],"picked":"Hololive_CallDoris","floor":11.0},{"not_picked":["Hololive_CallYuzukiChoco","Hololive_LuckPotion","Hololive_Breathe"],"picked":"Hololive_Spy","floor":13.0},{"not_picked":["Hololive_FlareMind","Hololive_ScarfAndHalo","Hololive_BeCareful"],"picked":"Hololive_StarCraft","floor":16.0},{"not_picked":["Hololive_CallRoboco+1","Hololive_CallAkaiHaato","Hololive_Rebound+1"],"picked":"Hololive_CocoNews","floor":18.0},{"not_picked":["Hololive_StrengthChampion+1","Hololive_CallNatsuiroMatsuri","Hololive_Sequa","Hololive_OvertimeWork"],"picked":"SKIP","floor":19.0},{"not_picked":["Hololive_CallNekomataOkayu","Hololive_CallAZKi","Hololive_Drill"],"picked":"Hololive_StarCraft","floor":23.0},{"not_picked":["Hololive_Trident","Hololive_SummonFox","Hololive_CallAyundaRisu+1"],"picked":"Hololive_CallAZKi","floor":24.0},{"not_picked":["Hololive_CallYuzukiChoco","Hololive_ManjiGathering","Hololive_HighAtkLowDef","Hololive_CallOzoraSubaru"],"picked":"SKIP","floor":25.0},{"not_picked":["Hololive_CocoNews+1","Hololive_CallKiryuuCoco","Hololive_Watashimo"],"picked":"Hololive_RevenueBasedLive+1","floor":28.0},{"not_picked":["Hololive_Recruit","Hololive_Nanodesu+1","Hololive_AWSL"],"picked":"Hololive_DurableLive","floor":33},{"not_picked":["CurseOfTheBell","Replay:Hysterical Blindness","ReplayTheSpireMod:IOU"],"picked":"Clumsy","floor":34},{"not_picked":["Hallucinations","Regret","ReplayTheSpireMod:Doomed"],"picked":"Decay","floor":34},{"not_picked":["Normality","ReplayTheSpireMod:Faulty Equipment","Looming Evil"],"picked":"conspire:Blindness","floor":34},{"not_picked":["Hololive_RevenueBasedLive","Hololive_CallTokinoSora","Hololive_Psychosis+1"],"picked":"Hololive_FlyingPonyTail+1","floor":35},{"not_picked":["Hololive_Sequa+1","Hololive_Trident+1","Hololive_CallRosalyn"],"picked":"Hololive_LuckPotion","floor":38},{"not_picked":["Hololive_CallSakuraMiko+1","Hololive_CallFriendA+1","Hololive_CocoNews+1","Hololive_Drill+1"],"picked":"SKIP","floor":40},{"not_picked":["Hololive_CallShiranuiFlare","Hololive_LuckPotion+1","Hololive_CallMurasakiShion"],"picked":"Hololive_Spy","floor":42},{"not_picked":["Hololive_RevenueBasedLive","Hololive_FlareMind","Hololive_CallYuzukiChoco"],"picked":"Hololive_CallYukihanaLamy","floor":45},{"not_picked":["Hololive_CallArtia+1","Hololive_Trident+1","Hololive_HuntDinosaur+1"],"picked":"Hololive_CallHimemoriLuna+1","floor":46}],"player_experience":241957,"relics_obtained":[{"floor":8.0,"key":"Nunchaku"},{"floor":9.0,"key":"Bronze Scales"},{"floor":11.0,"key":"Darkstone Periapt"},{"floor":23.0,"key":"Regal Pillow"},{"floor":25.0,"key":"ReplayTheSpireMod:TigerMarble"},{"floor":26.0,"key":"Molten Egg 2"},{"floor":28.0,"key":"HornCleat"},{"floor":40,"key":"Strawberry"},{"floor":42,"key":"White Beast Statue"},{"floor":43,"key":"Kunai"},{"floor":45,"key":"PreservedInsect"},{"floor":46,"key":"Hololive_FriedShrimpLion"}],"event_choices":[{"damage_healed":0.0,"max_hp_gain":0.0,"max_hp_loss":0.0,"gold_gain":0.0,"event_name":"conspire:LoneGhost","player_choice":"Disagree","floor":2.0,"gold_loss":0.0,"damage_taken":0.0},{"damage_healed":0.0,"max_hp_gain":5.0,"max_hp_loss":0.0,"gold_gain":0.0,"event_name":"Big Fish","player_choice":"Donut","floor":4.0,"gold_loss":0.0,"damage_taken":0.0},{"cards_removed":["Hololive_Strike"],"damage_healed":0.0,"max_hp_gain":0.0,"max_hp_loss":0.0,"gold_gain":0.0,"event_name":"Golden Wing","player_choice":"Card Removal","floor":14.0,"gold_loss":0.0,"damage_taken":7.0},{"damage_healed":0.0,"max_hp_gain":0.0,"max_hp_loss":0.0,"gold_gain":270.0,"event_name":"Knowing Skull","player_choice":"GOLD GOLD GOLD POTION ","floor":21.0,"potions_obtained":["Swift Potion"],"gold_loss":0.0,"damage_taken":33.0,"cards_obtained":[]},{"damage_healed":0,"gold_gain":0,"player_choice":"Ignored","damage_taken":0,"max_hp_gain":0,"max_hp_loss":0,"event_name":"Ghosts","floor":30,"gold_loss":0},{"cards_removed":["Hololive_CallMinatoAqua"],"damage_healed":34,"gold_gain":0,"player_choice":"Offered Uncommon","damage_taken":0,"max_hp_gain":0,"max_hp_loss":0,"event_name":"Bonfire Elementals","floor":31,"gold_loss":0},{"damage_healed":0,"gold_gain":0,"player_choice":"Ignored","damage_taken":0,"max_hp_gain":0,"max_hp_loss":0,"event_name":"SecretPortal","floor":36,"gold_loss":0},{"damage_healed":0,"gold_gain":0,"player_choice":"Gave Potion","damage_taken":0,"relics_obtained":["REME_HourglassOfDeath"],"max_hp_gain":0,"max_hp_loss":0,"event_name":"WeMeetAgain","floor":37,"gold_loss":0}],"is_beta":false,"boss_relics":[{"not_picked":["Empty Cage","Velvet Choker"],"picked":"conspire:SeveredTorchhead"},{"not_picked":["Snecko Eye","REME_ChargedStone"],"picked":"Replay:Ancient Bell"},{"not_picked":["Centennial Puzzle","Vajra"],"picked":"ReplayFunnel"},{"not_picked":["conspire:Dentures","Replay:WaspNest"],"picked":"theSenshi:SuperSailorFukuRelic"},{"not_picked":["Replay:PocketPolymizer","Ginger"],"picked":"CaptainsWheel"}],"items_purged_floors":[39,39,48],"is_endless":false,"potions_floor_spawned":[7,11,13,23,28,33,35,40,46],"ascension_level":13}}