{"host":"sc0o2qwpf9j16a4i","time":1613323787,"event":{"mods":["AchievementEnabler","BaseMod","BetterRewards","Block Reminder","Colored Map","Colored Powertips","Custom Start","Highlight Path","Jorbs\u0027s Wanderer Trilogy","Minty Spire (QoL Compilation)","Relic Stats","StSLib"],"gold_per_floor":[119,119,69,79,79,119,160,218,269,42,42,73,147,191,191,320,320,343,343,261,261,304,348,348,137,137,189,104,104,33,69,69,207,207,241,268,228,262,296,296,348,23,23,75,122,122,12,57,57,57],"floor_reached":51,"language":"ENG","playtime":2090,"items_purged":[],"score":1039,"play_id":"e2274cc6-2e0f-4247-86da-5159ab672995","local_time":"20210214192947","daily_mods":["Specialized","Flight","Night Terrors"],"is_ascension_mode":false,"campfire_choices":[{"data":"Power Through","floor":15,"key":"SMITH"},{"data":"Dark Embrace","floor":29,"key":"SMITH"},{"data":"Feel No Pain","floor":32,"key":"SMITH"},{"data":"Feel No Pain","floor":40,"key":"SMITH"},{"floor":49,"key":"REST"}],"circlet_count":0,"master_deck":["Strike_R","Strike_R","Strike_R","Strike_R","Strike_R","Defend_R","Defend_R","Defend_R","Defend_R","Bash+1","Feel No Pain+1","Feel No Pain","Feel No Pain+1","Feel No Pain+1","Twin Strike","Iron Wave","Injury","Blood for Blood","Shrug It Off","Power Through+1","Second Wind","Fire Breathing","CurseOfTheBell","Dark Embrace+1","True Grit+1","Sentinel+1","True Grit+1","Shrug It Off+1","Pummel+1","Writhe","Second Wind+1","Good Instincts+1","Spot Weakness+1","Seeing Red+1","Flame Barrier+1","Enlightenment+1","Seeing Red+1","Entrench+1","Juggernaut","Dual Wield+1","Sentinel+1","Apotheosis+1","Panacea+1","Apotheosis+1","Armaments+1","Entrench+1","Shockwave+1","Body Slam","True Grit+1","Ghostly Armor+1","Flex+1","Chrysalis+1","Blind+1","Double Tap+1","Intimidate+1","Armaments+1","Finesse+1","Evolve","Infernal Blade+1"],"relics":["Burning Blood","Red Skull","Golden Idol","Matryoshka","Dead Branch","Vajra","Anchor","Happy Flower","StoneCalendar","MealTicket","Meat on the Bone","Calling Bell","Art of War","Toxic Egg 2","Prayer Wheel","Nilry\u0027s Codex","Red Mask","Centennial Puzzle","CaptainsWheel","Membership Card","CeramicFish","Darkstone Periapt","Kunai","Mercury Hourglass","Runic Dome","Bottled Flame","Medical Kit","Oddly Smooth Stone","Paper Frog","Ancient Tea Set","Champion Belt","Strawberry"],"acts_visited":["Exordium","TheCity","TheBeyond"],"potions_floor_usage":[12,13,22,35,41,50,50],"damage_taken":[{"damage":11.0,"enemies":"Small Slimes","floor":1.0,"turns":6.0},{"damage":10.0,"enemies":"Cultist","floor":4.0,"turns":4.0},{"damage":27.0,"enemies":"Gremlin Nob","floor":6.0,"turns":4.0},{"damage":21.0,"enemies":"Lagavulin","floor":7.0,"turns":7.0},{"damage":6,"enemies":"Gremlin Nob","floor":12,"turns":3},{"damage":14,"enemies":"Gremlin Nob","floor":13,"turns":4},{"damage":3,"enemies":"Lagavulin","floor":14,"turns":7},{"damage":10,"enemies":"Hexaghost","floor":16,"turns":8},{"damage":17,"enemies":"3 Byrds","floor":18,"turns":6},{"damage":52,"enemies":"Masked Bandits","floor":22,"turns":6},{"damage":22,"enemies":"Book of Stabbing","floor":23,"turns":6},{"damage":1,"enemies":"Slavers","floor":27,"turns":5},{"damage":6,"enemies":"Spheric Guardian","floor":31,"turns":7},{"damage":22,"enemies":"Automaton","floor":33,"turns":10},{"damage":0,"enemies":"3 Darklings","floor":35,"turns":6},{"damage":0,"enemies":"3 Shapes","floor":38,"turns":5},{"damage":10,"enemies":"3 Darklings","floor":39,"turns":3},{"damage":6,"enemies":"Giant Head","floor":41,"turns":3},{"damage":23,"enemies":"Nemesis","floor":45,"turns":5},{"damage":46,"enemies":"Reptomancer","floor":48,"turns":7},{"damage":4,"enemies":"Awakened One","floor":50,"turns":6}],"seed_played":"-1324309633022049424","potions_obtained":[{"floor":4.0,"key":"Swift Potion"},{"floor":7.0,"key":"FearPotion"},{"floor":12,"key":"BloodPotion"},{"floor":16,"key":"Dexterity Potion"},{"floor":22,"key":"SteroidPotion"},{"floor":33,"key":"GamblersBrew"},{"floor":38,"key":"Strength Potion"},{"floor":39,"key":"SkillPotion"}],"is_trial":true,"path_per_floor":["M","?","?","M","?","E","E","?","T","$","?","E","?","E","R","B",null,"M","?","$","?","?","E","?","$","T","E","?","R","$","M","R","B",null,"M","?","?","M","M","R","E","$","T","T","E","?","$","E","R","B",null],"character_chosen":"IRONCLAD","items_purchased":["Happy Flower","Power Through","Sentinel+1","True Grit+1","Membership Card","Second Wind+1","Good Instincts+1","Seeing Red+1","Flame Barrier+1","Enlightenment+1","Medical Kit","Oddly Smooth Stone","Ghostly Armor+1","Flex+1","Chrysalis+1","Blind+1","Intimidate+1","Armaments+1","Finesse+1","Evolve","Strength Potion"],"campfire_rested":1,"item_purchase_floors":[10,10,20,20,25,25,25,30,30,30,42,42,42,42,42,42,47,47,47,47,47],"current_hp_per_floor":[75,63,63,59,59,38,23,23,23,23,23,23,31,34,34,42,80,69,53,68,68,34,30,30,45,45,50,50,50,65,65,65,49,80,80,70,70,76,72,72,72,80,80,80,63,63,78,57,82,82],"gold":57,"neow_bonus":"","is_daily":false,"chose_seed":false,"campfire_upgraded":4,"win_rate":0.0,"timestamp":1613323787,"path_taken":["M","?","?","?","?","E","E","?","T","?","?","E","?","E","R","BOSS","M","?","$","?","?","E","?","$","T","E","?","R","?","M","R","BOSS","M","?","?","?","?","R","E","?","T","?","E","?","$","E","R","BOSS"],"items_purchased_type":["Relic","Card","Card","Card","Relic","Card","Card","Card","Card","Card","Relic","Relic","Card","Card","Card","Card","Card","Card","Card","Card","Potion"],"build_version":"2020-12-22","purchased_purges":0,"victory":true,"max_hp_per_floor":[80,80,80,80,80,80,80,80,80,80,80,80,80,80,80,80,80,80,80,80,80,80,80,80,80,80,80,80,80,80,80,80,80,80,80,80,80,80,80,80,80,80,80,80,80,80,80,87,82,82],"relic_stats":{"Darkstone Periapt":0,"Happy Flower":[32],"counters":[21,118],"Golden Idol":199,"Dead Branch":[222],"CeramicFish":243,"StoneCalendar":[133],"Medical Kit":[4],"Burning Blood":118,"Mercury Hourglass":[242],"Centennial Puzzle":[24],"MealTicket":68,"Prayer Wheel":5,"Art of War":[20],"Kunai":[5],"Champion Belt":[6],"obtain_stats":[{"Darkstone Periapt":26,"Nilry\u0027s Codex":19,"CeramicFish":26,"Vajra":9,"StoneCalendar":12,"Ancient Tea Set":44,"Burning Blood":0,"Centennial Puzzle":23,"Matryoshka":6,"Strawberry":48,"MealTicket":13,"Prayer Wheel":17,"Red Mask":22,"Kunai":27,"Toxic Egg 2":17,"Red Skull":2,"Paper Frog":43,"Happy Flower":10,"Golden Idol":5,"Dead Branch":7,"Oddly Smooth Stone":42,"Medical Kit":42,"Mercury Hourglass":28,"Calling Bell":17,"Runic Dome":34,"Anchor":9,"CaptainsWheel":24,"Bottled Flame":41,"Art of War":17,"Membership Card":25,"Champion Belt":45,"Meat on the Bone":14},{"Darkstone Periapt":11,"Nilry\u0027s Codex":9,"CeramicFish":11,"Vajra":4,"StoneCalendar":5,"Ancient Tea Set":18,"Burning Blood":0,"Centennial Puzzle":11,"Matryoshka":3,"Strawberry":20,"MealTicket":6,"Prayer Wheel":8,"Red Mask":10,"Kunai":12,"Toxic Egg 2":8,"Red Skull":1,"Paper Frog":18,"Happy Flower":4,"Golden Idol":2,"Dead Branch":4,"Oddly Smooth Stone":18,"Medical Kit":18,"Mercury Hourglass":12,"Calling Bell":8,"Runic Dome":14,"Anchor":4,"CaptainsWheel":11,"Bottled Flame":18,"Art of War":8,"Membership Card":11,"Champion Belt":19,"Meat on the Bone":7},{"Darkstone Periapt":61,"Nilry\u0027s Codex":49,"CeramicFish":61,"Vajra":21,"StoneCalendar":24,"Ancient Tea Set":100,"Burning Blood":0,"Centennial Puzzle":61,"Matryoshka":14,"Strawberry":112,"MealTicket":28,"Prayer Wheel":43,"Red Mask":55,"Kunai":66,"Toxic Egg 2":43,"Red Skull":6,"Paper Frog":100,"Happy Flower":21,"Golden Idol":10,"Dead Branch":21,"Oddly Smooth Stone":100,"Medical Kit":100,"Mercury Hourglass":66,"Calling Bell":43,"Runic Dome":83,"Anchor":21,"CaptainsWheel":61,"Bottled Flame":100,"Art of War":43,"Membership Card":61,"Champion Belt":105,"Meat on the Bone":35}],"Meat on the Bone":48},"card_choices":[{"not_picked":["Havoc","Sword Boomerang"],"picked":"Twin Strike","floor":1.0},{"not_picked":["Pommel Strike","Perfected Strike"],"picked":"Iron Wave","floor":4.0},{"not_picked":["Twin Strike","Juggernaut"],"picked":"Blood for Blood","floor":6.0},{"not_picked":["Blood for Blood","Anger"],"picked":"Shrug It Off","floor":7.0},{"not_picked":["Headbutt","Entrench"],"picked":"Second Wind","floor":12},{"not_picked":["Anger","Bloodletting"],"picked":"Fire Breathing","floor":14},{"not_picked":["Flex+1","Warcry+1"],"picked":"Dark Embrace","floor":18},{"not_picked":["Heavy Blade+1","Cleave+1"],"picked":"True Grit+1","floor":18},{"not_picked":["Dark Embrace","Clash+1"],"picked":"Shrug It Off+1","floor":22},{"not_picked":["Feel No Pain+1","Carnage+1"],"picked":"Pummel+1","floor":23},{"not_picked":["Iron Wave+1","Dropkick+1"],"picked":"Spot Weakness+1","floor":27},{"not_picked":["Blood for Blood","Anger+1"],"picked":"Seeing Red+1","floor":31},{"not_picked":["Wild Strike","Clothesline"],"picked":"Entrench+1","floor":31},{"not_picked":["Demon Form","Brutality"],"picked":"Juggernaut","floor":33},{"not_picked":["Twin Strike","Iron Wave"],"picked":"Dual Wield+1","floor":35},{"not_picked":["Headbutt","True Grit+1"],"picked":"Sentinel+1","floor":35},{"not_picked":["Finesse+1","Mind Blast"],"picked":"Apotheosis+1","floor":36},{"not_picked":["Trip+1","Finesse+1"],"picked":"Panacea+1","floor":36},{"not_picked":["Sadistic Nature","Flash of Steel"],"picked":"Apotheosis+1","floor":36},{"not_picked":["Thunderclap","Twin Strike+1"],"picked":"Armaments+1","floor":38},{"not_picked":["Body Slam","Pommel Strike"],"picked":"Entrench+1","floor":38},{"not_picked":["Perfected Strike","Metallicize+1"],"picked":"Shockwave+1","floor":39},{"not_picked":["Heavy Blade","Wild Strike+1"],"picked":"Body Slam","floor":39},{"not_picked":["Thunderclap","Cleave+1"],"picked":"True Grit+1","floor":41},{"not_picked":["Inflame+1","Clash+1"],"picked":"Double Tap+1","floor":45},{"not_picked":["Iron Wave+1","Pommel Strike+1"],"picked":"Infernal Blade+1","floor":48}],"player_experience":1427717,"relics_obtained":[{"floor":6.0,"key":"Matryoshka"},{"floor":7.0,"key":"Dead Branch"},{"floor":9.0,"key":"Vajra"},{"floor":9.0,"key":"Anchor"},{"floor":12,"key":"StoneCalendar"},{"floor":13,"key":"MealTicket"},{"floor":14,"key":"Meat on the Bone"},{"floor":17,"key":"Art of War"},{"floor":17,"key":"Toxic Egg 2"},{"floor":17,"key":"Prayer Wheel"},{"floor":19,"key":"Nilry\u0027s Codex"},{"floor":22,"key":"Red Mask"},{"floor":23,"key":"Centennial Puzzle"},{"floor":26,"key":"CeramicFish"},{"floor":26,"key":"Darkstone Periapt"},{"floor":27,"key":"Kunai"},{"floor":41,"key":"Bottled Flame"},{"floor":43,"key":"Paper Frog"},{"floor":44,"key":"Ancient Tea Set"},{"floor":45,"key":"Champion Belt"},{"floor":48,"key":"Strawberry"}],"event_choices":[{"damage_healed":0.0,"max_hp_gain":0.0,"max_hp_loss":0.0,"gold_gain":0.0,"event_name":"Scrap Ooze","player_choice":"Success","floor":2.0,"gold_loss":0.0,"damage_taken":12.0,"relics_obtained":["Red Skull"]},{"cards_removed":["Feel No Pain"],"damage_healed":0.0,"max_hp_gain":0.0,"max_hp_loss":0.0,"gold_gain":0.0,"event_name":"The Cleric","player_choice":"Card Removal","floor":3.0,"gold_loss":50.0,"damage_taken":0.0},{"damage_healed":0.0,"max_hp_gain":0.0,"max_hp_loss":0.0,"gold_gain":0.0,"event_name":"Golden Idol","player_choice":"Take Wound","floor":5.0,"gold_loss":0.0,"damage_taken":0.0,"relics_obtained":["Golden Idol"],"cards_obtained":["Injury"]},{"damage_healed":0.0,"max_hp_gain":0.0,"max_hp_loss":0.0,"gold_gain":58.0,"event_name":"Golden Wing","player_choice":"Gained Gold","floor":8.0,"gold_loss":0.0,"damage_taken":0.0},{"damage_healed":0.0,"max_hp_gain":0.0,"max_hp_loss":0.0,"gold_gain":0.0,"event_name":"Living Wall","player_choice":"Grow","floor":11.0,"gold_loss":0.0,"damage_taken":0.0,"cards_upgraded":["Bash"]},{"damage_healed":0,"gold_gain":0,"player_choice":"Searched \u00271\u0027 times","damage_taken":0,"max_hp_gain":0,"max_hp_loss":0,"event_name":"Dead Adventurer","floor":13,"gold_loss":0},{"damage_healed":0,"gold_gain":0,"player_choice":"Obtained Book","damage_taken":16,"max_hp_gain":0,"max_hp_loss":0,"event_name":"Cursed Tome","floor":19,"gold_loss":0},{"damage_healed":0,"gold_gain":0,"player_choice":"Ignored","damage_taken":0,"max_hp_gain":0,"max_hp_loss":0,"event_name":"Beggar","floor":21,"gold_loss":0},{"damage_healed":0,"gold_gain":0,"player_choice":"Fought Bandits","damage_taken":0,"max_hp_gain":0,"max_hp_loss":0,"event_name":"Masked Bandits","floor":22,"gold_loss":0},{"damage_healed":0,"gold_gain":0,"player_choice":"Opened","damage_taken":0,"relics_obtained":["CaptainsWheel"],"max_hp_gain":0,"max_hp_loss":0,"event_name":"The Mausoleum","floor":24,"gold_loss":0,"cards_obtained":["Writhe"]},{"damage_healed":0,"gold_gain":0,"player_choice":"Obtained Relic","damage_taken":0,"relics_obtained":["Mercury Hourglass"],"max_hp_gain":0,"max_hp_loss":0,"event_name":"Addict","floor":28,"gold_loss":85},{"damage_healed":0,"gold_gain":0,"player_choice":"Memory 3","damage_taken":10,"max_hp_gain":0,"max_hp_loss":0,"event_name":"SensoryStone","floor":36,"gold_loss":0},{"damage_healed":0,"gold_gain":0,"player_choice":"Upgrade","damage_taken":0,"max_hp_gain":0,"max_hp_loss":0,"event_name":"Designer","floor":37,"gold_loss":40,"cards_upgraded":["Feel No Pain"]},{"damage_healed":0,"gold_gain":0,"player_choice":"Ignored","damage_taken":0,"max_hp_gain":0,"max_hp_loss":0,"event_name":"Tomb of Lord Red Mask","floor":46,"gold_loss":0}],"is_beta":false,"boss_relics":[{"not_picked":["Velvet Choker","Black Star"],"picked":"Calling Bell"},{"not_picked":["Empty Cage","Black Blood"],"picked":"Runic Dome"}],"items_purged_floors":[],"is_endless":false,"potions_floor_spawned":[4,7,12,16,22,33,38,39],"ascension_level":0}}