{"host":"fiyb7gvx7tok3jeh","time":1613323875,"event":{"mods":["BaseMod","Colored Map","Colored Powertips","DeckTracker","Googly Eyes","Highlight Path","Minty Spire (QoL Compilation)"],"gold_per_floor":[215,215,105,125,143,178,253,253,253,253,269,285,285,356,356,475,475,491,766,787,604,627,658,658,658,708,437,472,472,283,302,302,398,398,418,418,437,447,272,304,320,51,74,100,100,100,115,128,128,128],"floor_reached":51,"language":"ENG","playtime":3750,"items_purged":["Strike_B","Regret","Doubt","Strike_B","Defend_B","Defend_B"],"score":1044,"play_id":"1599ed7e-bbb1-417a-b50a-31b6363221e7","local_time":"20210214193115","is_ascension_mode":true,"campfire_choices":[{"data":"Dualcast","floor":8,"key":"SMITH"},{"data":"Defragment","floor":10,"key":"SMITH"},{"data":"Defragment","floor":13,"key":"SMITH"},{"floor":15,"key":"REST"},{"data":"Coolheaded","floor":24,"key":"SMITH"},{"data":"Seek","floor":29,"key":"SMITH"},{"data":"Defragment","floor":32,"key":"SMITH"},{"floor":46,"key":"REST"},{"floor":49,"key":"REST"}],"circlet_count":0,"master_deck":["Strike_B+1","Strike_B+1","Defend_B+1","Defend_B+1","Zap+1","Dualcast+1","Streamline+1","Self Repair+1","Defragment+1","Defragment+1","Echo Form+1","Coolheaded+1","Coolheaded+1","Echo Form+1","Glacier+1","Enlightenment+1","Streamline+1","Cold Snap+1","Loop+1","Streamline+1","Seek+1","Glacier+1","Defragment+1","Echo Form+1","Capacitor+1","Parasite","Seek+1"],"relics":["Cracked Core","Bloody Idol","Sundial","Darkstone Periapt","Symbiotic Virus","Cursed Key","Dream Catcher","Toy Ornithopter","Orrery","Lantern","Philosopher\u0027s Stone","Happy Flower","War Paint","Pen Nib","Mark of the Bloom"],"acts_visited":["Exordium","TheCity","TheBeyond"],"potions_floor_usage":[11,16,23,38,38,40,47,50],"damage_taken":[{"damage":3,"enemies":"2 Louse","floor":1,"turns":2},{"damage":0,"enemies":"Small Slimes","floor":4,"turns":3},{"damage":16,"enemies":"Cultist","floor":5,"turns":4},{"damage":20,"enemies":"Gremlin Nob","floor":6,"turns":4},{"damage":17,"enemies":"Red Slaver","floor":11,"turns":5},{"damage":9,"enemies":"Lots of Slimes","floor":12,"turns":5},{"damage":22,"enemies":"Lagavulin Event","floor":14,"turns":4},{"damage":24,"enemies":"Hexaghost","floor":16,"turns":9},{"damage":5,"enemies":"Spheric Guardian","floor":18,"turns":3},{"damage":8,"enemies":"3 Byrds","floor":20,"turns":4},{"damage":7,"enemies":"Centurion and Healer","floor":22,"turns":12},{"damage":25,"enemies":"Gremlin Leader","floor":23,"turns":8},{"damage":19,"enemies":"Slavers","floor":28,"turns":11},{"damage":14,"enemies":"Shelled Parasite and Fungi","floor":31,"turns":7},{"damage":0,"enemies":"Automaton","floor":33,"turns":15},{"damage":8,"enemies":"3 Shapes","floor":35,"turns":5},{"damage":8,"enemies":"Orb Walker","floor":37,"turns":5},{"damage":32,"enemies":"4 Shapes","floor":38,"turns":5},{"damage":69,"enemies":"Reptomancer","floor":40,"turns":9},{"damage":10,"enemies":"Sphere and 2 Shapes","floor":41,"turns":7},{"damage":0,"enemies":"Giant Head","floor":44,"turns":9},{"damage":13,"enemies":"Maw","floor":47,"turns":7},{"damage":0,"enemies":"Spire Growth","floor":48,"turns":5},{"damage":27,"enemies":"Time Eater","floor":50,"turns":10}],"seed_played":"-3911662015966071486","potions_obtained":[{"floor":4,"key":"LiquidBronze"},{"floor":5,"key":"BlessingOfTheForge"},{"floor":11,"key":"SteroidPotion"},{"floor":16,"key":"Swift Potion"},{"floor":22,"key":"FearPotion"},{"floor":28,"key":"GamblersBrew"},{"floor":31,"key":"SkillPotion"},{"floor":36,"key":"Energy Potion"},{"floor":41,"key":"GamblersBrew"},{"floor":47,"key":"ColorlessPotion"},{"floor":48,"key":"Dexterity Potion"}],"is_trial":false,"path_per_floor":["M","?","$","M","M","E","?","R","T","R","M","M","R","?","R","B",null,"M","?","M","$","M","E","R","?","T","$","E","R","$","M","R","B",null,"M","?","M","M","$","E","M","$","T","E","?","R","M","M","R","B",null],"character_chosen":"DEFECT","items_purchased":["Self Repair","Enlightenment","Orrery","Glacier","Capacitor"],"campfire_rested":3,"item_purchase_floors":[3,21,27,30,42],"current_hp_per_floor":[72,54,54,61,52,39,28,28,28,28,25,23,23,8,30,13,60,62,68,67,67,67,56,56,56,67,67,67,67,67,65,65,77,85,82,82,86,74,74,22,31,31,42,61,61,61,48,48,48,21],"gold":128,"neow_bonus":"HUNDRED_GOLD","is_daily":false,"chose_seed":false,"campfire_upgraded":6,"win_rate":0.0,"timestamp":1613323875,"path_taken":["M","?","$","M","M","E","?","R","T","R","M","M","R","?","R","BOSS","M","?","?","?","?","E","R","?","T","$","E","R","$","M","R","BOSS","M","?","M","M","?","E","M","$","T","E","?","R","M","M","R","BOSS"],"items_purchased_type":["Card","Card","Relic","Card","Card"],"build_version":"2020-12-22","purchased_purges":6,"victory":true,"max_hp_per_floor":[75,75,75,75,75,75,75,75,75,75,75,75,75,75,75,75,75,75,81,81,81,81,81,81,81,87,87,87,87,87,87,87,87,87,87,87,87,87,87,87,87,87,93,93,93,93,93,93,93,93],"card_choices":[{"not_picked":["Turbo","Conserve Battery"],"picked":"Streamline","floor":1},{"not_picked":["Undo","Rebound"],"picked":"Defragment","floor":4},{"not_picked":["Barrage","Leap"],"picked":"Defragment","floor":5},{"not_picked":["Beam Cell","Capacitor"],"picked":"Echo Form","floor":6},{"not_picked":["Auto Shields","Steam"],"picked":"Coolheaded","floor":11},{"not_picked":["Stack","Rebound"],"picked":"Coolheaded","floor":12},{"not_picked":["Meteor Strike","Machine Learning"],"picked":"Echo Form","floor":16},{"not_picked":["Blizzard","Rebound","Chaos"],"picked":"SKIP","floor":18},{"not_picked":["Steam","Static Discharge"],"picked":"Glacier+1","floor":20},{"not_picked":["White Noise","Sweeping Beam"],"picked":"Streamline","floor":22},{"not_picked":["Aggregate","Conserve Battery","Genetic Algorithm+1"],"picked":"SKIP","floor":23},{"not_picked":["Melter","Go for the Eyes+1"],"picked":"Cold Snap","floor":27},{"not_picked":["Steam Power","Cold Snap"],"picked":"Loop","floor":27},{"not_picked":["Lockon+1","Stack+1"],"picked":"Streamline+1","floor":27},{"not_picked":["Gash+1","Stack"],"picked":"Seek","floor":28},{"not_picked":["Blizzard","Hello World"],"picked":"Defragment","floor":31},{"not_picked":["Core Surge","Rainbow"],"picked":"Echo Form","floor":33},{"not_picked":["Gash+1","Go for the Eyes+1","Rebound+1"],"picked":"SKIP","floor":35},{"not_picked":["Redo+1","Chaos","Coolheaded+1"],"picked":"SKIP","floor":37},{"not_picked":["Leap","BootSequence+1","Reprogram"],"picked":"SKIP","floor":38},{"not_picked":["Amplify","FTL","Sweeping Beam"],"picked":"SKIP","floor":40},{"not_picked":["Ball Lightning+1","Genetic Algorithm","Coolheaded+1"],"picked":"SKIP","floor":41},{"not_picked":["Melter+1","Barrage"],"picked":"Seek","floor":44},{"not_picked":["Recycle","Rebound+1","Barrage"],"picked":"SKIP","floor":47},{"not_picked":["Rebound","Gash+1","Double Energy"],"picked":"SKIP","floor":48}],"player_experience":305437,"relics_obtained":[{"floor":6,"key":"Sundial"},{"floor":9,"key":"Darkstone Periapt"},{"floor":23,"key":"Dream Catcher"},{"floor":26,"key":"Toy Ornithopter"},{"floor":28,"key":"Lantern"},{"floor":40,"key":"Happy Flower"},{"floor":43,"key":"War Paint"},{"floor":44,"key":"Pen Nib"}],"event_choices":[{"damage_healed":0,"gold_gain":0,"player_choice":"Take Damage","damage_taken":18,"relics_obtained":["Golden Idol"],"max_hp_gain":0,"max_hp_loss":0,"event_name":"Golden Idol","floor":2,"gold_loss":0},{"damage_healed":0,"gold_gain":75,"player_choice":"Gather Gold","damage_taken":11,"max_hp_gain":0,"max_hp_loss":0,"event_name":"World of Goop","floor":7,"gold_loss":0},{"damage_healed":0,"gold_gain":0,"player_choice":"Searched \u00272\u0027 times","damage_taken":0,"relics_obtained":["Symbiotic Virus"],"max_hp_gain":0,"max_hp_loss":0,"event_name":"Dead Adventurer","floor":14,"gold_loss":0},{"damage_healed":0,"gold_gain":275,"player_choice":"Desecrate","damage_taken":0,"max_hp_gain":0,"max_hp_loss":0,"event_name":"Golden Shrine","floor":19,"gold_loss":0,"cards_obtained":["Regret"]},{"damage_healed":0,"gold_gain":0,"player_choice":"Gave Idol","damage_taken":0,"relics_obtained":["Bloody Idol"],"max_hp_gain":0,"max_hp_loss":0,"event_name":"Forgotten Altar","floor":25,"relics_lost":["Golden Idol"],"gold_loss":0},{"damage_healed":0,"gold_gain":0,"player_choice":"Got Potions","damage_taken":0,"max_hp_gain":0,"max_hp_loss":0,"event_name":"Lab","floor":36,"gold_loss":0},{"damage_healed":0,"gold_gain":0,"player_choice":"Upgrade","damage_taken":0,"relics_obtained":["Mark of the Bloom"],"max_hp_gain":0,"max_hp_loss":0,"event_name":"MindBloom","floor":45,"gold_loss":0,"cards_upgraded":["Strike_B","Strike_B","Defend_B","Zap","Streamline","Self Repair","Echo Form","Coolheaded","Echo Form","Streamline","Cold Snap","Loop","Glacier","Echo Form","Capacitor","Seek"]}],"is_beta":false,"boss_relics":[{"not_picked":["Calling Bell","Black Star"],"picked":"Cursed Key"},{"not_picked":["Velvet Choker","Fusion Hammer"],"picked":"Philosopher\u0027s Stone"}],"items_purged_floors":[3,21,27,30,39,42],"is_endless":false,"potions_floor_spawned":[4,5,11,16,22,28,31,33,35,37,41,47,48],"ascension_level":5}}