{"host":"7iv10lxbxedtd0qh","time":1613265545,"event":{"mods":["100% Spire Juice","Act Like it!","BaseMod","Bestiary","CapriCore","Colored Map","Colored Powertips","Downfall","Minty Spire (QoL Compilation)","Spire Arcade","StSLib","The Alterego","The Immortal","The Marked","TheVacant"],"gold_per_floor":[118,118,131,144,160,191,191,224,224,224,237,257,36,56,56,56,56],"floor_reached":16,"language":"ENG","playtime":1335,"items_purged":["alterego_mod:BigMeatyClaws"],"score":120,"play_id":"d7f171bf-4271-4739-a275-6643fd06a14f","local_time":"20210214021905","is_ascension_mode":true,"campfire_choices":[{"data":"alterego_mod:Table","floor":7,"key":"SMITH"},{"data":"alterego_mod:RidiculouslyBig","floor":10,"key":"SMITH"},{"data":"alterego_mod:BrynhildrsRune","floor":15,"key":"SMITH"}],"circlet_count":0,"master_deck":["alterego_mod:Strike","alterego_mod:Strike","alterego_mod:Strike","alterego_mod:Strike","alterego_mod:Defend","alterego_mod:Defend","alterego_mod:Defend","alterego_mod:Defend","alterego_mod:Impale","alterego_mod:BrynhildrsRune+1","alterego_mod:Table+1","alterego_mod:Cushion","alterego_mod:RidiculouslyBig+1","alterego_mod:SideboobHour","alterego_mod:ClassAdvantage"],"relics":["alterego_mod:MasochisticConstitution","NeowsBlessing","hexamod:BolsterEngine","Ginger","Bird Faced Urn","TungstenRod","Tiny Chest"],"acts_visited":["Exordium"],"potions_floor_usage":[6,16],"damage_taken":[{"damage":1,"enemies":"Jaw Worm","floor":1,"turns":2},{"damage":1,"enemies":"2 Louse","floor":3,"turns":2},{"damage":3,"enemies":"Cultist","floor":4,"turns":4},{"damage":46,"enemies":"Large Slime","floor":5,"turns":15},{"damage":19,"enemies":"Gremlin Nob","floor":6,"turns":4},{"damage":20,"enemies":"3 Sentries","floor":8,"turns":14},{"damage":5,"enemies":"Gremlin Gang","floor":11,"turns":8},{"damage":0,"enemies":"Exordium Thugs","floor":12,"turns":11},{"damage":0,"enemies":"Large Slime","floor":14,"turns":10},{"damage":46,"enemies":"Hexaghost","floor":16,"turns":22}],"seed_played":"-1429979733558321164","potions_obtained":[{"floor":4,"key":"FearPotion"},{"floor":12,"key":"champ:CounterPotion"},{"floor":14,"key":"Strength Potion"}],"is_trial":false,"path_per_floor":["M","?","M","M","M","E","R","E","T","R","M","M","$","M","R","B"],"character_chosen":"The_Alterego","items_purchased":["Tiny Chest"],"campfire_rested":0,"item_purchase_floors":[13],"current_hp_per_floor":[70,45,52,57,33,15,15,10,10,10,27,41,41,64,64,20,20],"gold":56,"neow_bonus":"THREE_ENEMY_KILL","is_daily":false,"chose_seed":false,"campfire_upgraded":3,"win_rate":0.0,"timestamp":1613265545,"path_taken":["M","?","M","M","M","E","R","E","T","R","M","M","$","M","R","BOSS"],"items_purchased_type":["Relic"],"build_version":"2020-12-22","purchased_purges":1,"victory":false,"max_hp_per_floor":[71,71,72,73,74,75,75,76,76,76,77,77,77,77,77,77,77],"card_choices":[{"not_picked":["alterego_mod:Cooking","alterego_mod:Cycle"],"picked":"alterego_mod:Table","floor":1},{"not_picked":["alterego_mod:Bounce","alterego_mod:Schoolgirl","alterego_mod:Cooking"],"picked":"SKIP","floor":3},{"not_picked":["alterego_mod:Bounce","alterego_mod:Schoolgirl","alterego_mod:Cooking"],"picked":"SKIP","floor":3},{"not_picked":["alterego_mod:BiFurious","alterego_mod:Bounce","alterego_mod:TrashNCrash"],"picked":"SKIP","floor":4},{"not_picked":["alterego_mod:BiFurious","alterego_mod:Bounce","alterego_mod:TrashNCrash"],"picked":"SKIP","floor":4},{"not_picked":["alterego_mod:Rip","alterego_mod:BeGentle"],"picked":"alterego_mod:Cushion","floor":5},{"not_picked":["alterego_mod:Clones","alterego_mod:Cooking"],"picked":"alterego_mod:RidiculouslyBig","floor":6},{"not_picked":["alterego_mod:Maid","alterego_mod:DeftHands"],"picked":"alterego_mod:SideboobHour","floor":8},{"not_picked":["alterego_mod:Lingerie","alterego_mod:SakuraPetals","alterego_mod:BreastValley"],"picked":"SKIP","floor":11},{"not_picked":["alterego_mod:PerceptionDisorder","alterego_mod:Cycle"],"picked":"alterego_mod:ClassAdvantage","floor":12},{"not_picked":["alterego_mod:Belts","alterego_mod:Bunnysuit","alterego_mod:DestructionOfProperty"],"picked":"SKIP","floor":14}],"player_experience":855890,"relics_obtained":[{"floor":6,"key":"Ginger"},{"floor":8,"key":"Bird Faced Urn"},{"floor":9,"key":"TungstenRod"}],"event_choices":[{"damage_healed":0,"gold_gain":0,"player_choice":"Success","damage_taken":25,"relics_obtained":["hexamod:BolsterEngine"],"max_hp_gain":0,"max_hp_loss":0,"event_name":"Scrap Ooze","floor":2,"gold_loss":0}],"is_beta":false,"boss_relics":[],"items_purged_floors":[13],"is_endless":false,"potions_floor_spawned":[4,12,14],"killed_by":"Hexaghost","ascension_level":1}}