{"host":"1wqvkeuqk47laf9u","time":1613344891,"event":{"mods":["100% Spire Juice","ATMod(∞¢Ë™Mod)","Act Like it!","Arknights","BaseMod","Colored Map","Colored Powertips","Decade(Õı–°√˜)","Gensokyo","GifTheSpireLib","Hallownest","Koishi","KomeijiMod","Marisa£®ÏF”Í°°ƒß¿Ì…≥£©","Minty Spire (QoL Compilation)","Reimu£®≤©¿ˆ¡È√Œ£©","Reliquary","Remilia£®¿Ÿ√◊¿Ú—«£©","Replay The Spire","Robot Space Explorer","SOS£®Àπ∞Õ¥Ô÷Æ◊”£©","StSLib","The Administrix","The Animator","The Cursed","The Dragon Tamer","The Poker Player","The Servant 0.9.4","UnlockEverythingMod","Yakumo Yukari mod","Youmu£®ªÍ∆«—˝√Œ£©","Yuyuko","[GremlinLeader]The Maniac","°æ“≈ŒÔø®≈∆°øREMEMod"],"gold_per_floor":[10,10,10,26,39,39,39,39,117,133,146,166,216,228,228,333,333,353,363,376,376,376,376,376,391,468,485,26,26,26,44,44,44,44],"floor_reached":33,"language":"ZHS","playtime":2405,"items_purged":["Defend_Lin:ReiMu"],"score":266,"play_id":"d543c71d-6264-4b35-af05-92c7aa175f72","local_time":"20210215072131","is_ascension_mode":false,"campfire_choices":[{"data":"AT_FamilyPortrait","floor":6,"key":"SMITH"},{"data":"SpringWay:ReiMu","floor":8,"key":"SMITH"},{"data":"Meditation:ReiMu","floor":15,"key":"SMITH"},{"data":"PrayRite:ReiMu","floor":23,"key":"SMITH"},{"floor":30,"key":"REST"},{"floor":32,"key":"REST"}],"circlet_count":0,"master_deck":["Strike_Lin:ReiMu","Strike_Lin:ReiMu","Strike_Lin:ReiMu","Defend_Lin:ReiMu","Defend_Lin:ReiMu","Defend_Lin:ReiMu","NB:ReiMu","Stagnation:ReiMu","AT_FamilyPortrait+1","SpringWay:ReiMu+1","SpreadBorder2:ReiMu","SafetyPray:ReiMu","Meditation:ReiMu+1","RainPray2:ReiMu","SubcavityInstant:ReiMu","PrayRite:ReiMu+1","Amulet:ReiMu","Conquer:ReiMu","YinYangSange:ReiMu","LearningPray:ReiMu+1","ShadowOfCrow2:ReiMu","REME_PuzzleBox","Authority:ReiMu","FineLineFantasy:ReiMu","MikOfLucky:ReiMu","Revelation:ReiMu"],"relics":["FlyPower:ReiMu","REME_ComplimentaryCards","AT_ATBox","Unceasing Top","Gensokyo:OccultBall","Gensokyo:PortableGap","reliquary:RedPaperclip","reliquary:Aerogel","Gensokyo:ConquerorOfFear","Replay:Accelerometer"],"acts_visited":["Gensokyo:Gensokyo","Gensokyo:Gensokyoer"],"potions_floor_usage":[16,31,33],"damage_taken":[{"damage":0,"enemies":"Gensokyo:3_Fairies","floor":1,"turns":5},{"damage":7,"enemies":"Gensokyo:Python","floor":4,"turns":5},{"damage":3,"enemies":"Gensokyo:2_Kodama","floor":5,"turns":6},{"damage":2,"enemies":"Gensokyo:Kitsune","floor":10,"turns":5},{"damage":2,"enemies":"Gensokyo:VengefulSpirit","floor":11,"turns":7},{"damage":5,"enemies":"Gensokyo:2_Rabbits","floor":12,"turns":6},{"damage":0,"enemies":"Gensokyo:CorruptedTreant","floor":14,"turns":3},{"damage":16,"enemies":"Gensokyo:Reimu","floor":16,"turns":12},{"damage":8,"enemies":"Gensokyo:3_Dogs","floor":18,"turns":8},{"damage":0,"enemies":"Gensokyo:AngelMirror","floor":19,"turns":3},{"damage":0,"enemies":"Gensokyo:Swordslinger","floor":20,"turns":4},{"damage":48,"enemies":"Gensokyo:Monolith_and_Dog","floor":25,"turns":11},{"damage":0,"enemies":"Gensokyo:Wraith","floor":27,"turns":7},{"damage":5,"enemies":"Gensokyo:3_Gloops","floor":31,"turns":5},{"damage":46,"enemies":"Gensokyo:Eiki","floor":33,"turns":10}],"seed_played":"-4203470280847345508","potions_obtained":[{"floor":5,"key":"Reflective Coating"},{"floor":14,"key":"Weak Potion"},{"floor":19,"key":"SteroidPotion"},{"floor":25,"key":"Flashbang"}],"is_trial":false,"path_per_floor":["M","?","?","M","M","R","$","R","T","M","M","M","T","M","R","B",null,"M","M","M","?","?","R","?","M","T","M","$","?","R","M","R","B"],"character_chosen":"REIMU","items_purchased":["REME_PuzzleBox","Authority:ReiMu","FineLineFantasy:ReiMu"],"campfire_rested":2,"item_purchase_floors":[28,28,28],"current_hp_per_floor":[65,65,59,52,49,49,49,49,49,47,45,40,40,40,40,24,59,51,51,51,51,51,51,51,3,3,3,3,3,19,14,30,0,0],"gold":44,"neow_bonus":"ONE_RARE_RELIC","is_daily":false,"chose_seed":false,"campfire_upgraded":4,"win_rate":0.0,"timestamp":1613344891,"path_taken":["M","?","?","M","M","R","$","R","T","M","M","?","?","M","R","BOSS","M","M","M","?","?","R","?","M","T","M","$","?","R","M","R","BOSS"],"items_purchased_type":["Card","Card","Card"],"build_version":"2020-12-22","purchased_purges":1,"victory":false,"max_hp_per_floor":[65,65,59,59,59,59,59,59,59,59,59,59,59,59,59,59,59,59,59,59,55,55,55,55,55,55,55,55,55,55,55,55,55,55],"card_choices":[{"not_picked":["ManaGlint:ReiMu","SubAcupoint:ReiMu"],"picked":"SpringWay:ReiMu","floor":1},{"not_picked":["CareerPray:ReiMu","Meditation:ReiMu"],"picked":"SpreadBorder2:ReiMu","floor":4},{"not_picked":["CollectionFlower2:ReiMu","Enchanting:ReiMu"],"picked":"SafetyPray:ReiMu","floor":5},{"not_picked":["TakeOff:ReiMu","OrbThrow:ReiMu"],"picked":"Meditation:ReiMu","floor":10},{"not_picked":["SealNeedle:ReiMu","SafetyPray:ReiMu"],"picked":"RainPray2:ReiMu","floor":11},{"not_picked":["Enchanting:ReiMu","SubAcupoint:ReiMu","ManaGlint:ReiMu"],"picked":"SKIP","floor":12},{"not_picked":["RainPray2:ReiMu","BarrageOfMoneybags:ReiMu"],"picked":"SubcavityInstant:ReiMu","floor":14},{"not_picked":["CeremonyResonance:ReiMu","HakureiPhantom:ReiMu"],"picked":"PrayRite:ReiMu","floor":16},{"not_picked":["Dreaming2:ReiMu+1","FoulBorder2:ReiMu"],"picked":"Amulet:ReiMu","floor":18},{"not_picked":["AirStrike:ReiMu","EmergencyTakeOff:ReiMu"],"picked":"Conquer:ReiMu","floor":19},{"not_picked":["SubcavityInstant:ReiMu","DoubleButterfly:ReiMu"],"picked":"YinYangSange:ReiMu","floor":20},{"not_picked":["Enchanting:ReiMu","PhosphorusFlame:ReiMu"],"picked":"LearningPray:ReiMu+1","floor":25},{"not_picked":["SubAcupoint:ReiMu","AlertArray:ReiMu"],"picked":"ShadowOfCrow2:ReiMu","floor":27},{"not_picked":["Intuition:ReiMu","WonderfulDomain:ReiMu+1"],"picked":"Revelation:ReiMu","floor":31}],"player_experience":91868,"relics_obtained":[{"floor":9,"key":"Onion Ring"},{"floor":13,"key":"Anchor"},{"floor":16,"key":"Gensokyo:OccultBall"},{"floor":20,"key":"Gensokyo:OccultBall"},{"floor":25,"key":"Gensokyo:ConquerorOfFear"},{"floor":26,"key":"Replay:Accelerometer"}],"event_choices":[],"is_beta":false,"boss_relics":[{"not_picked":["Kintsugi","Replay:Grab Bag"],"picked":"reliquary:RedPaperclip"}],"items_purged_floors":[28],"is_endless":false,"potions_floor_spawned":[5,14,19,25],"killed_by":"Gensokyo:Eiki","ascension_level":0}}