{"host":"y3tal5djvejpcno2","time":1613263926,"event":{"mods":["BaseMod","Colored Map","Colored Powertips","Hermit","Infinite Spire","Minty Spire (QoL Compilation)","Permanent Neow","Quick Restart","Relic Stats","Replay The Spire","SOS???????","StSLib","The Blue Laboratory","The Bug Knight","The Cursed","The Jungle","Wandering Minibosses"],"gold_per_floor":[125,125,136,136,200,269,269,322,370,370,370,370,439,454,454,598,598,655,655,717,754,53,82,82,82,82,128,128,143,143,65,65,132,132,142,186,186,220,220,220,270,254,281,281,281,298,285,285,285,319,319,137,237,95,95,95,45,45,51,51,58,58],"floor_reached":61,"language":"ENG","playtime":8731,"items_purged":["Shoot"],"score":794,"play_id":"e5aae3a4-9b1a-4704-a7ab-30c060feeb53","local_time":"20210213225206","is_ascension_mode":false,"campfire_choices":[{"data":"Replay:Fractal Strike","floor":7,"key":"SMITH"},{"data":"Shock","floor":10,"key":"SMITH"},{"floor":15,"key":"REST"},{"floor":24,"key":"REST"},{"floor":25,"key":"REST"},{"data":"Lucifer","floor":30,"key":"SMITH"},{"data":"Swordmaster","floor":32,"key":"SMITH"},{"floor":44,"key":"REST"},{"floor":51,"key":"REST"}],"circlet_count":0,"master_deck":["Attack_a","Attack_a","Attack_b","Shoot","Provocation","Defend_Dante","Defend_Dante","Defend_Dante+1","Defend_Dante","Redorb+1","Shock+1","Replay:Fractal Strike+1","Stinger","LucifercomboC","Airtrick","Airtrick","ReplayTheSpireMod:Splinters","Flash of Steel","infinitespire:FutureSight","Millionkick","Lucifer+1","Weaponchange+1","Replay:Dark Deal+1","Swordcombo","Millionstab+1","VitalstarM+1","Swordmaster+1","Enemystep","LucifercomboA+1","Millionstab+1","Ecstasy+1","Apotheosis","Swordmaster+1","Ecstasy","LucifercomboC+1","Goldorb","Purpleorb","Sickly","Gilgamesh"],"relics":["SSS","Combocheck","Blue Candle","infinitespire:PuzzleCube","Orichalcum","ReplayTheSpireMod:SealedPack","White Beast Statue","Ice Cream","WingedGreaves","Bottled Flame","Sozu","Peace Pipe","MealTicket","War Paint","Replay:Wanted Poster","PrismaticShard","Replay:Bandana"],"acts_visited":["Exordium","Exordium","TheBeyond","Exordium"],"potions_floor_usage":[13,16,16,27,33,33,52],"damage_taken":[{"damage":0,"enemies":"Small Slimes","floor":1,"turns":4},{"damage":1,"enemies":"2 Louse","floor":3,"turns":2},{"damage":9,"enemies":"Cultist","floor":5,"turns":4},{"damage":48,"enemies":"Lagavulin","floor":6,"turns":6},{"damage":0,"enemies":"Looter","floor":8,"turns":1},{"damage":32,"enemies":"3 Sentries","floor":13,"turns":8},{"damage":0,"enemies":"2 Fungi Beasts","floor":14,"turns":1},{"damage":43,"enemies":"The Guardian","floor":16,"turns":9},{"damage":13,"enemies":"theJungle:GiantWrat","floor":18,"turns":4},{"damage":2,"enemies":"theJungle:5_Spyders","floor":20,"turns":7},{"damage":33,"enemies":"theJungle:Lyon","floor":21,"turns":5},{"damage":0,"enemies":"theJungle:Cassacara","floor":23,"turns":2},{"damage":26,"enemies":"theJungle:JungleHuntersEncounter","floor":27,"turns":5},{"damage":35,"enemies":"theJungle:2_Flameangoes","floor":29,"turns":3},{"damage":36,"enemies":"theJungle:TotemBoss","floor":33,"turns":6},{"damage":0,"enemies":"Orb Walker","floor":35,"turns":2},{"damage":29,"enemies":"3 Shapes","floor":36,"turns":3},{"damage":28,"enemies":"Maw","floor":38,"turns":7},{"damage":4,"enemies":"Mind Bloom Boss Battle","floor":41,"turns":5},{"damage":42,"enemies":"4 Shapes","floor":42,"turns":2},{"damage":54,"enemies":"Transient","floor":46,"turns":5},{"damage":24,"enemies":"Sphere and 2 Shapes","floor":47,"turns":1},{"damage":39,"enemies":"Nightmare","floor":50,"turns":5},{"damage":36,"enemies":"Donu and Deca","floor":52,"turns":4},{"damage":31,"enemies":"2 Louse","floor":54,"turns":4},{"damage":55,"enemies":"Lagavulin","floor":59,"turns":4},{"damage":61,"enemies":"Nightmare","floor":61,"turns":2}],"seed_played":"4830891369954748204","potions_obtained":[{"floor":1,"key":"PowerPotion"},{"floor":3,"key":"ColorlessPotion"},{"floor":6,"key":"DistilledChaos"},{"floor":20,"key":"Explosive Potion"},{"floor":21,"key":"FairyPotion"},{"floor":23,"key":"Weak Potion"},{"floor":27,"key":"SpeedPotion"},{"floor":33,"key":"SkillPotion"}],"is_trial":false,"path_per_floor":["M","?","M","?","M","E","R","M","T","R","?","?","E","M","R","B",null,"M","AVR","M","M","$","E","R","R","T","M","?","M","R","$","R","B",null,"M","M","?","M","?","?","?","M","T","R","?","M","M","PTL","PTL","NM","R","B",null,"M","?","?","?","$","E","$","NM"],"character_chosen":"DANTE","items_purchased":["Replay:Dark Deal","Swordcombo","Ice Cream","Swordmaster"],"campfire_rested":5,"item_purchase_floors":[22,22,22,31],"current_hp_per_floor":[80,61,60,90,81,33,33,33,33,33,63,63,31,31,58,15,90,77,77,75,42,42,42,69,90,90,64,64,29,29,29,29,3,90,90,61,61,43,43,43,39,7,7,32,74,29,15,15,15,26,48,17,74,43,43,43,43,58,13,28,0,0],"gold":58,"neow_bonus":"ONE_RANDOM_RARE_CARD","is_daily":false,"chose_seed":false,"campfire_upgraded":4,"win_rate":0.0,"timestamp":1613263926,"path_taken":["M","?","M","?","?","E","R","M","T","R","?","?","E","M","R","BOSS","M","AVR","M","M","$","E","R","R","T","M","?","M","R","?","R","BOSS","M","M","?","?","?","?","?","M","T","R","?","M","M","PTL","PTL","NM","R","BOSS","M","?","?","?","?","E","$","NM"],"items_purchased_type":["Card","Card","Relic","Card"],"build_version":"2020-12-22","purchased_purges":1,"victory":false,"max_hp_per_floor":[80,80,80,90,90,90,90,90,90,90,90,90,90,90,90,90,90,90,90,90,90,90,90,90,90,90,90,90,90,90,90,90,90,90,90,90,90,90,90,85,85,85,85,85,74,74,74,74,74,74,74,74,74,74,74,74,74,74,74,74,74,74],"relic_stats":{"Sozu":11,"Peace Pipe":0,"counters":[27,111],"Blue Candle":[8],"MealTicket":30,"Orichalcum":[198],"War Paint":["Redorb","Defend_Dante"],"obtain_stats":[{"Ice Cream":22,"Blue Candle":6,"ReplayTheSpireMod:SealedPack":17,"Orichalcum":13,"War Paint":50,"PrismaticShard":56,"White Beast Statue":19,"Combocheck":0,"Sozu":34,"Peace Pipe":41,"Replay:Wanted Poster":53,"SSS":0,"Bottled Flame":26,"Replay:Bandana":59,"MealTicket":43,"WingedGreaves":23,"infinitespire:PuzzleCube":9},{"Ice Cream":11,"Blue Candle":4,"ReplayTheSpireMod:SealedPack":8,"Orichalcum":6,"War Paint":23,"PrismaticShard":25,"White Beast Statue":9,"Combocheck":0,"Sozu":15,"Peace Pipe":19,"Replay:Wanted Poster":24,"SSS":0,"Bottled Flame":12,"Replay:Bandana":26,"MealTicket":20,"WingedGreaves":12,"infinitespire:PuzzleCube":5},{"Ice Cream":51,"Blue Candle":16,"ReplayTheSpireMod:SealedPack":35,"Orichalcum":25,"War Paint":97,"PrismaticShard":105,"White Beast Statue":39,"Combocheck":0,"Sozu":67,"Peace Pipe":84,"Replay:Wanted Poster":101,"SSS":0,"Bottled Flame":53,"Replay:Bandana":109,"MealTicket":86,"WingedGreaves":53,"infinitespire:PuzzleCube":17}]},"card_choices":[{"not_picked":["DT","BeastUppercut"],"picked":"Shock","floor":1},{"not_picked":["ReplayTheSpireMod:Chaos Vortex","infinitespire:UltimateForm"],"picked":"Replay:Fractal Strike","floor":2},{"not_picked":["LucifercomboA","Straight"],"picked":"Stinger","floor":3},{"not_picked":["Unrisingdragon","BeastUppercut"],"picked":"LucifercomboC","floor":5},{"not_picked":["Chargeshoot","Kick13"],"picked":"Airtrick","floor":6},{"not_picked":["VitalstarS","Ecstasy","Whiteorb"],"picked":"SKIP","floor":8},{"not_picked":["LucifercomboD","Whiteorb","Weaponupgrade"],"picked":"SKIP","floor":13},{"not_picked":["SSScard","Dash2","Splesh"],"picked":"SKIP","floor":14},{"not_picked":["Trickster","Enemystep"],"picked":"Airtrick","floor":16},{"not_picked":["Trickster","DevilstarL"],"picked":"Darkslayer","floor":17},{"not_picked":["Panacea","Replay:BasicMightCard"],"picked":"Flash of Steel","floor":17},{"not_picked":["infinitespire:SealOfDarkness+","infinitespire:FinalStrike"],"picked":"infinitespire:FutureSight","floor":17},{"not_picked":["Ecstasy","EbonyIvory"],"picked":"Millionkick","floor":18},{"not_picked":["Weaponupgrade","Dash2+1"],"picked":"Lucifer","floor":20},{"not_picked":["Honeycombofire+1","Chargeshoot2"],"picked":"Weaponchange","floor":21},{"not_picked":["Millionkick+1","Straight"],"picked":"Millionstab+1","floor":23},{"not_picked":["Airhike","Chargeshoot"],"picked":"VitalstarM+1","floor":27},{"not_picked":["SSScard","Gunstinger","Greenorb"],"picked":"SKIP","floor":29},{"not_picked":["Blueorb","Trickster"],"picked":"Enemystep","floor":33},{"not_picked":["Weaponupgrade+1","Fullhouse+1"],"picked":"LucifercomboA+1","floor":35},{"not_picked":["Fullhouse","Rebellion"],"picked":"Millionstab+1","floor":36},{"not_picked":["Chargeshoot+1","Lucifer"],"picked":"Ecstasy+1","floor":38},{"not_picked":["Purity","Violence"],"picked":"Apotheosis","floor":39},{"not_picked":["Whiteorb+1","VitalstarS"],"picked":"Swordmaster+1","floor":41},{"not_picked":["Chargeshoot2","Rebellion"],"picked":"Ecstasy","floor":42},{"not_picked":["Fullhouse+1","Pandora+1"],"picked":"LucifercomboC+1","floor":46},{"not_picked":["Lucifer","DevilstarS"],"picked":"Goldorb","floor":47},{"not_picked":["Honeycombofire","Airhike","Fullhouse"],"picked":"SKIP","floor":50},{"not_picked":["Goldorb","Demonreform"],"picked":"Purpleorb","floor":52},{"not_picked":["DevilstarS","Dash2","Millionkick"],"picked":"SKIP","floor":54},{"not_picked":["hermit:LuckOfTheDraw","Acrobatics"],"picked":"Gilgamesh","floor":59}],"player_experience":39795,"relics_obtained":[{"floor":6,"key":"Blue Candle"},{"floor":9,"key":"infinitespire:PuzzleCube"},{"floor":13,"key":"Orichalcum"},{"floor":23,"key":"WingedGreaves"},{"floor":26,"key":"Bottled Flame"},{"floor":41,"key":"Peace Pipe"},{"floor":43,"key":"MealTicket"},{"floor":50,"key":"War Paint"},{"floor":59,"key":"Replay:Bandana"}],"event_choices":[{"cards_removed":["Airtrick"],"damage_healed":20,"gold_gain":0,"player_choice":"Offered Rare","damage_taken":0,"max_hp_gain":10,"max_hp_loss":0,"event_name":"Bonfire Elementals","floor":4,"gold_loss":0},{"damage_healed":30,"gold_gain":0,"player_choice":"Banana","damage_taken":0,"max_hp_gain":0,"max_hp_loss":0,"event_name":"Big Fish","floor":11,"gold_loss":0},{"damage_healed":0,"gold_gain":0,"player_choice":"Upgraded","damage_taken":0,"max_hp_gain":0,"max_hp_loss":0,"event_name":"Upgrade Shrine","floor":28,"gold_loss":0,"cards_upgraded":["Weaponchange"]},{"damage_healed":0,"gold_gain":0,"player_choice":"Forge","damage_taken":0,"max_hp_gain":0,"max_hp_loss":0,"event_name":"Accursed Blacksmith","floor":37,"gold_loss":0,"cards_upgraded":["Replay:Dark Deal"]},{"damage_healed":0,"gold_gain":0,"player_choice":"Memory 1","damage_taken":0,"max_hp_gain":0,"max_hp_loss":0,"event_name":"SensoryStone","floor":39,"gold_loss":0},{"damage_healed":0,"gold_gain":0,"player_choice":"Max HP","damage_taken":0,"max_hp_gain":0,"max_hp_loss":5,"event_name":"Winding Halls","floor":40,"gold_loss":0},{"damage_healed":0,"gold_gain":0,"player_choice":"Fight","damage_taken":0,"max_hp_gain":0,"max_hp_loss":0,"event_name":"MindBloom","floor":41,"gold_loss":0},{"damage_healed":74,"gold_gain":0,"player_choice":"Heal","damage_taken":0,"max_hp_gain":0,"max_hp_loss":11,"event_name":"The Moai Head","floor":45,"gold_loss":0},{"cards_removed":["Darkslayer"],"damage_healed":0,"gold_gain":0,"player_choice":"Card Removal","damage_taken":0,"max_hp_gain":0,"max_hp_loss":0,"event_name":"The Cleric","floor":57,"gold_loss":50}],"is_beta":false,"boss_relics":[{"not_picked":["ReplayTheSpireMod:DimensionalGlitch","Astrolabe"],"picked":"ReplayTheSpireMod:SealedPack"},{"not_picked":["Velvet Choker","infinitespire:Cupcake"],"picked":"Sozu"},{"not_picked":["Tiny House","Black Star"],"picked":"Replay:Wanted Poster"}],"items_purged_floors":[22],"is_endless":true,"potions_floor_spawned":[1,3,6,20,21,23,27,29,33,35,36,38,41,42,46,47,50,52,54,59],"killed_by":"Nightmare","ascension_level":0}}