{"host":"26n6m4vwjk8adcm5","time":1613317162,"event":{"mods":["AchievementEnabler","BaseMod","Koishi","KomeijiMod","Minty Spire (QoL Compilation)","Replay The Spire","StSLib","[IsaacMod]ÒÔÈö¼âËþ"],"gold_per_floor":[110,122,138,151,151,151,187,43,113,134,167,132,153,207,207,328,328,349,360,374,374,383,383,396,396,396],"floor_reached":25,"language":"ZHS","playtime":3300,"items_purged":["Replay:Hysterical Blindness"],"score":217,"play_id":"905b926d-ec6c-45ce-bcb9-523a23b316b1","local_time":"20210214233922","is_ascension_mode":false,"campfire_choices":[{"data":"Koishi:ReflexRadar","floor":6,"key":"SMITH"},{"data":"BloodyBrimstone","floor":15,"key":"SMITH"},{"floor":23,"key":"REST"}],"circlet_count":0,"master_deck":["Koishi:BasicStrike","Koishi:BasicStrike","Koishi:BasicStrike","Koishi:BasicStrike","Koishi:BasicDefend","Koishi:BasicDefend","Koishi:BasicDefend","Koishi:BasicDefend","Koishi:Provoke","Koishi:HauntingSlash","BloodyBrimstone+1","Defend_P","Strike_B","Koishi:FormlessExistence","Koishi:ReflexRadar+1","Koishi:PhantomStrike","Koishi:PhantomBarrier","Koishi:ApparitionsStalkTheNight","Koishi:FidgetySnatcher","Koishi:Untouchable","Koishi:LastRemote","Koishi:DreadfulBlow","Koishi:FleetingPhantom","Koishi:SubconsciousSweep","Koishi:ReflexRadar","Koishi:ParalyzingFear","Koishi:RollingInRichesHeart","Koishi:TremblingHands","Koishi:VengefulSpirit","Koishi:BramblyRoseGarden","Decay","Koishi:FidgetySnatcher+1","Koishi:YoukaiPolygraph"],"relics":["Koishi:ImaginaryFriend","HushsDoor","YumHeart","Golden Idol","BlankCard","ReplayTheSpireMod:CursedCoin","Gremlin Horn","Replay:Baseball","Blood Vial","Fusion Hammer","PillsDrop"],"acts_visited":["Exordium","TheCity"],"potions_floor_usage":[11,11,16,19,20,25],"damage_taken":[{"damage":0,"enemies":"Cultist","floor":1,"turns":4},{"damage":6,"enemies":"2 Louse","floor":2,"turns":3},{"damage":1,"enemies":"Jaw Worm","floor":3,"turns":5},{"damage":2,"enemies":"Red Slaver","floor":4,"turns":5},{"damage":16,"enemies":"Replay:BlueRogue","floor":7,"turns":11},{"damage":5,"enemies":"Exordium Wildlife","floor":10,"turns":7},{"damage":27,"enemies":"3 Sentries","floor":11,"turns":8},{"damage":0,"enemies":"2 Fungi Beasts","floor":13,"turns":5},{"damage":27,"enemies":"Hexaghost","floor":16,"turns":12},{"damage":0,"enemies":"Chosen","floor":18,"turns":7},{"damage":12,"enemies":"3 Byrds","floor":19,"turns":5},{"damage":33,"enemies":"Centurion and Healer","floor":20,"turns":8},{"damage":35,"enemies":"Chosen and Byrds","floor":22,"turns":8},{"damage":28,"enemies":"Snake Plant","floor":24,"turns":6},{"damage":13,"enemies":"Shelled Parasite and Fungi","floor":25,"turns":2}],"seed_played":"-2636358209085409802","potions_obtained":[{"floor":1,"key":"PowerPotion"},{"floor":7,"key":"Weak Potion"},{"floor":10,"key":"ColorlessPotion"},{"floor":11,"key":"Strength Potion"},{"floor":16,"key":"Explosive Potion"},{"floor":22,"key":"SpeedPotion"},{"floor":24,"key":"Languid Potion"}],"is_trial":false,"path_per_floor":["M","M","M","M","?","R","E","$","T","M","E","?","M","T","R","B",null,"M","M","M","?","M","R","M","M"],"character_chosen":"KOISHI","items_purchased":["Koishi:Untouchable","Koishi:LastRemote","Koishi:DreadfulBlow","ReplayTheSpireMod:CursedCoin","Koishi:FleetingPhantom"],"campfire_rested":1,"item_purchase_floors":[8,8,8,8,8],"current_hp_per_floor":[60,55,56,56,60,60,47,47,47,45,21,36,38,38,60,37,60,60,50,48,48,17,35,10,0,0],"gold":396,"neow_bonus":"THREE_RARE_CARDS","is_daily":false,"chose_seed":false,"campfire_upgraded":2,"win_rate":0.0,"timestamp":1613317162,"path_taken":["M","M","?","M","?","R","E","$","T","M","E","?","?","?","R","BOSS","M","M","M","?","M","R","M","M"],"items_purchased_type":["Card","Card","Card","Relic","Card"],"build_version":"2020-12-22","purchased_purges":1,"victory":false,"max_hp_per_floor":[60,60,60,60,60,60,60,60,60,60,60,60,60,60,60,60,60,60,60,60,60,60,60,57,57,57],"card_choices":[{"not_picked":[],"picked":"BloodyBrimstone","floor":0},{"not_picked":["Koishi:Ego","Koishi:RollingInRichesHeart"],"picked":"Koishi:FormlessExistence","floor":0},{"not_picked":["Koishi:MindNumbingTerror","Koishi:JumpScare"],"picked":"Koishi:ReflexRadar","floor":1},{"not_picked":["Bomb","Koishi:BloodcurdlingScream"],"picked":"Koishi:PhantomStrike","floor":2},{"not_picked":["Koishi:EmbryosDream","Koishi:UnseenTerror"],"picked":"Koishi:PhantomBarrier","floor":3},{"not_picked":["Koishi:Whimsy","Koishi:EmbryosDream"],"picked":"Koishi:ApparitionsStalkTheNight","floor":4},{"not_picked":["Koishi:Catatonia","Koishi:FadingMemory"],"picked":"Koishi:FidgetySnatcher","floor":7},{"not_picked":["Koishi:UnconsciousUprising","Koishi:PhantomBarrier"],"picked":"Koishi:SubconsciousSweep","floor":10},{"not_picked":["Koishi:JumpScare","Koishi:Bloodlust"],"picked":"Koishi:ReflexRadar","floor":11},{"not_picked":["Koishi:CatchAndRose","Koishi:PhantomBarrier"],"picked":"Koishi:ParalyzingFear","floor":13},{"not_picked":["Koishi:MindStellarRelief","Koishi:ConditionedTeleport"],"picked":"Koishi:RollingInRichesHeart","floor":16},{"not_picked":["Koishi:EmbryosDream+1","Koishi:Prune"],"picked":"Koishi:TremblingHands","floor":18},{"not_picked":["Koishi:PhantomStrike","Koishi:RacingHeart"],"picked":"Koishi:VengefulSpirit","floor":19},{"not_picked":["Koishi:StingingMind","Koishi:DreadfulBlow+1"],"picked":"Koishi:BramblyRoseGarden","floor":20},{"not_picked":["Koishi:StrangeCloudFist","Koishi:Prune"],"picked":"Koishi:FidgetySnatcher+1","floor":22},{"not_picked":["Koishi:LastRemote","Koishi:PhilosophyOfTheDespised"],"picked":"Koishi:YoukaiPolygraph","floor":24}],"player_experience":138014,"relics_obtained":[{"floor":7,"key":"BlankCard"},{"floor":9,"key":"Gremlin Horn"},{"floor":11,"key":"Replay:Baseball"},{"floor":14,"key":"Blood Vial"}],"event_choices":[{"damage_healed":0,"gold_gain":0,"player_choice":"Take Damage","damage_taken":15,"relics_obtained":["Golden Idol"],"max_hp_gain":0,"max_hp_loss":0,"event_name":"Golden Idol","floor":5,"gold_loss":0},{"damage_healed":15,"gold_gain":0,"player_choice":"Healed","damage_taken":0,"max_hp_gain":0,"max_hp_loss":0,"event_name":"The Cleric","floor":12,"gold_loss":35}],"is_beta":false,"boss_relics":[{"not_picked":["SlaversCollar","Busted Crown"],"picked":"Fusion Hammer"},{"not_picked":[]}],"items_purged_floors":[8],"is_endless":false,"potions_floor_spawned":[1,7,10,11,16,22,24],"killed_by":"Shelled Parasite and Fungi","ascension_level":0}}