{"host":"5h6e4l6hpn0p5lap","time":1613312427,"event":{"mods":["AchievementEnabler","BaseMod","Better Altar","Better Match","Better Sensory Stone","Better Skull","Better Third Choice","Colored Map","Filter the Spire","Minty Spire (QoL Compilation)","StSLib"],"gold_per_floor":[113,188,204,220,76,76,86,99,99,99,99,131,146,171,171,272,272,242,242],"floor_reached":18,"language":"ENG","playtime":647,"items_purged":[],"score":243,"play_id":"a6f65337-ebe9-4dcb-b630-2e1d01a33067","local_time":"20210214092027","is_ascension_mode":true,"campfire_choices":[{"data":"Establishment","floor":6.0,"key":"SMITH"},{"data":"Eruption","floor":11.0,"key":"SMITH"},{"floor":15.0,"key":"REST"}],"circlet_count":0,"master_deck":["AscendersBane","Strike_P","Strike_P","Strike_P","Strike_P","Defend_P","Defend_P","Defend_P","Defend_P","Eruption+1","Vigilance","FlyingSleeves","CutThroughFate","Halt","SandsOfTime","Establishment+1","SpiritShield","Prostrate","EmptyBody","CutThroughFate","Meditate","Wallop","FollowUp","Devotion"],"relics":["PureWater","Tiny Chest","Orrery","Meat on the Bone","TeardropLocket","Orichalcum","Ectoplasm"],"acts_visited":["Exordium","TheCity"],"potions_floor_usage":[16],"damage_taken":[{"damage":1.0,"enemies":"2 Louse","floor":1.0,"turns":4.0},{"damage":0.0,"enemies":"Small Slimes","floor":3.0,"turns":3.0},{"damage":0.0,"enemies":"Jaw Worm","floor":4.0,"turns":3.0},{"damage":2.0,"enemies":"Blue Slaver","floor":7.0,"turns":5.0},{"damage":25.0,"enemies":"Lots of Slimes","floor":8.0,"turns":6.0},{"damage":24.0,"enemies":"Lagavulin","floor":12.0,"turns":5.0},{"damage":0.0,"enemies":"Large Slime","floor":13.0,"turns":2.0},{"damage":57,"enemies":"The Guardian","floor":16,"turns":15},{"damage":19,"enemies":"2 Thieves","floor":18,"turns":2}],"seed_played":"-2464394239147688655","potions_obtained":[{"floor":1.0,"key":"FairyPotion"},{"floor":8.0,"key":"LiquidBronze"}],"is_trial":false,"path_per_floor":["M","?","M","M","$","R","M","M","T","?","R","E","M","T","R","B",null,"M"],"character_chosen":"WATCHER","items_purchased":["Orrery"],"campfire_rested":1,"item_purchase_floors":[5],"current_hp_per_floor":[64,53,53,53,53,53,51,26,26,50,50,38,38,38,59,14,58,39,39],"gold":242,"neow_bonus":"RANDOM_COMMON_RELIC","is_daily":false,"chose_seed":false,"campfire_upgraded":2,"win_rate":0.0,"timestamp":1613312427,"path_taken":["M","?","M","M","$","R","M","M","T","?","R","E","?","?","R","BOSS","M"],"items_purchased_type":["Relic"],"build_version":"2020-12-22","purchased_purges":0,"victory":false,"max_hp_per_floor":[72,72,72,72,72,72,72,72,72,72,72,72,72,72,72,72,72,72,72],"card_choices":[{"not_picked":["SandsOfTime","JustLucky"],"picked":"FlyingSleeves","floor":1.0},{"not_picked":["Consecrate","JustLucky"],"picked":"CutThroughFate","floor":3.0},{"not_picked":["Pray","BowlingBash"],"picked":"Halt","floor":4.0},{"not_picked":["ClearTheMind","SignatureMove"],"picked":"SandsOfTime","floor":5.0},{"not_picked":["PathToVictory","ClearTheMind"],"picked":"Establishment","floor":5.0},{"not_picked":["FollowUp","DeceiveReality"],"picked":"SpiritShield","floor":5.0},{"not_picked":["Crescendo","EmptyBody"],"picked":"Prostrate","floor":5.0},{"not_picked":["Vault","Crescendo"],"picked":"EmptyBody","floor":5.0},{"not_picked":["Worship","Protect"],"picked":"CutThroughFate","floor":7.0},{"not_picked":["CutThroughFate","Halt"],"picked":"Meditate","floor":8.0},{"not_picked":["Meditate","SignatureMove"],"picked":"Wallop","floor":12.0},{"not_picked":["WindmillStrike","DeceiveReality"],"picked":"FollowUp","floor":13.0},{"not_picked":["ConjureBlade","SpiritShield"],"picked":"Devotion","floor":16}],"player_experience":1111909,"relics_obtained":[{"floor":9.0,"key":"Meat on the Bone"},{"floor":12.0,"key":"TeardropLocket"},{"floor":14.0,"key":"Orichalcum"}],"event_choices":[{"damage_healed":0.0,"max_hp_gain":0.0,"max_hp_loss":0.0,"gold_gain":75.0,"event_name":"betterThird:BetterGoop","player_choice":"Gold","floor":2.0,"gold_loss":0.0,"damage_taken":11.0},{"damage_healed":24.0,"max_hp_gain":0.0,"max_hp_loss":0.0,"gold_gain":0.0,"event_name":"Big Fish","player_choice":"Banana","floor":10.0,"gold_loss":0.0,"damage_taken":0.0}],"is_beta":false,"boss_relics":[{"not_picked":["SlaversCollar","Runic Pyramid"],"picked":"Ectoplasm"}],"items_purged_floors":[],"is_endless":false,"potions_floor_spawned":[1,8],"killed_by":"2 Thieves","ascension_level":10}}