{"host":"b6kqr6ulwax9qd8q","time":1613278232,"event":{"mods":["BaseMod","Minty Spire (QoL Compilation)"],"gold_per_floor":[115,133,143,155,6,6,38,38,61,94,94,111,124,139,139,234,234,250,101,117,117,133,133,158,177,177,210,227,42,42,72,72,168,168,178,193,193,193],"floor_reached":37,"language":"ENG","playtime":6425,"items_purged":["Normality"],"score":542,"play_id":"27f2432c-b456-4918-978d-680ed4c6296f","local_time":"20210213235032","is_ascension_mode":true,"campfire_choices":[{"data":"Eruption","floor":6,"key":"SMITH"},{"floor":8,"key":"REST"},{"floor":15,"key":"REST"},{"floor":23,"key":"REST"},{"floor":32,"key":"REST"}],"circlet_count":0,"master_deck":["Strike_P","Strike_P","Strike_P","Strike_P","Defend_P","Defend_P+1","Defend_P+1","Defend_P+1","Eruption+1","Vigilance+1","EmptyFist+1","CrushJoints","Crescendo+1","BowlingBash","Halt","LessonLearned","FlurryOfBlows","CutThroughFate","FlurryOfBlows","Ragnarok","Wireheading","BattleHymn","Halt","FlurryOfBlows","Indignation","DeusExMachina","Swivel+1","Doubt","FearNoEvil","Alpha","LikeWater+1"],"relics":["SacredBark","Membership Card","Bag of Preparation","Bronze Scales","War Paint","Cursed Key","Kunai","Ancient Tea Set","InkBottle","Lantern","Sling","Orichalcum","CloakClasp","VioletLotus"],"acts_visited":["Exordium","TheCity","TheBeyond"],"potions_floor_usage":[10,11,18,22,24,25,25,25,27,27,28,33,33],"damage_taken":[{"damage":5,"enemies":"Cultist","floor":1,"turns":4},{"damage":2,"enemies":"Jaw Worm","floor":2,"turns":4},{"damage":5,"enemies":"Small Slimes","floor":3,"turns":3},{"damage":19,"enemies":"3 Louse","floor":4,"turns":3},{"damage":13,"enemies":"Gremlin Nob","floor":7,"turns":3},{"damage":0,"enemies":"Lagavulin","floor":10,"turns":4},{"damage":9,"enemies":"Large Slime","floor":12,"turns":4},{"damage":3,"enemies":"Blue Slaver","floor":13,"turns":4},{"damage":0,"enemies":"2 Fungi Beasts","floor":14,"turns":2},{"damage":49,"enemies":"The Guardian","floor":16,"turns":8},{"damage":4,"enemies":"Chosen","floor":18,"turns":4},{"damage":0,"enemies":"Spheric Guardian","floor":20,"turns":1},{"damage":25,"enemies":"Shelled Parasite and Fungi","floor":22,"turns":8},{"damage":0,"enemies":"Book of Stabbing","floor":24,"turns":4},{"damage":3,"enemies":"Cultist and Chosen","floor":25,"turns":3},{"damage":15,"enemies":"Slavers","floor":27,"turns":3},{"damage":24,"enemies":"Snake Plant","floor":28,"turns":2},{"damage":25,"enemies":"Book of Stabbing","floor":31,"turns":3},{"damage":30,"enemies":"Collector","floor":33,"turns":8},{"damage":17,"enemies":"3 Darklings","floor":35,"turns":4},{"damage":24,"enemies":"Orb Walker","floor":36,"turns":2},{"damage":103,"enemies":"Maw","floor":37,"turns":4}],"seed_played":"-2798716245778938085","potions_obtained":[{"floor":3,"key":"Fire Potion"},{"floor":4,"key":"BlessingOfTheForge"},{"floor":7,"key":"EntropicBrew"},{"floor":11,"key":"Fruit Juice"},{"floor":11,"key":"StancePotion"},{"floor":20,"key":"Weak Potion"},{"floor":22,"key":"PowerPotion"},{"floor":25,"key":"Strength Potion"},{"floor":28,"key":"Fire Potion"},{"floor":36,"key":"Fire Potion"}],"is_trial":false,"path_per_floor":["M","M","M","M","$","R","E","R","T","E","?","M","M","M","R","B",null,"M","$","M","?","M","R","E","M","T","E","M","$","T","E","R","B",null,"M","M","M"],"character_chosen":"WATCHER","items_purchased":["Membership Card","BattleHymn","Kunai","FairyPotion","Sling","Dexterity Potion"],"campfire_rested":4,"item_purchase_floors":[5,19,19,29,29,29],"current_hp_per_floor":[67,65,60,41,41,41,28,49,49,49,59,50,47,47,71,22,82,78,78,78,78,53,77,77,74,74,59,35,35,35,10,34,4,82,65,41,0,0],"gold":193,"neow_bonus":"BOSS_RELIC","is_daily":false,"chose_seed":false,"campfire_upgraded":1,"win_rate":0.0,"timestamp":1613278232,"path_taken":["M","M","M","M","$","R","E","R","T","E","?","M","M","?","R","BOSS","M","$","M","?","?","R","E","M","T","E","M","$","?","E","R","BOSS","M","M","M"],"items_purchased_type":["Relic","Card","Relic","Potion","Relic","Potion"],"build_version":"2020-12-22","purchased_purges":1,"victory":false,"max_hp_per_floor":[72,72,72,72,72,72,72,72,72,72,82,82,82,82,82,82,82,82,82,82,82,82,82,82,82,82,82,82,82,82,82,82,82,82,82,82,82,82],"card_choices":[{"not_picked":["CarveReality","Protect"],"picked":"EmptyFist","floor":1},{"not_picked":["Pray","EmptyFist"],"picked":"CrushJoints","floor":2},{"not_picked":["EmptyBody","JustLucky"],"picked":"Crescendo","floor":3},{"not_picked":["ConjureBlade","Wireheading"],"picked":"BowlingBash","floor":4},{"not_picked":["Weave","EmptyBody"],"picked":"Halt","floor":7},{"not_picked":["ClearTheMind","SashWhip"],"picked":"LessonLearned","floor":10},{"not_picked":["SandsOfTime","Protect"],"picked":"FlurryOfBlows","floor":12},{"not_picked":["WreathOfFlame","Protect"],"picked":"CutThroughFate","floor":13},{"not_picked":["Evaluate","PathToVictory"],"picked":"FlurryOfBlows","floor":14},{"not_picked":["ConjureBlade","Scrawl"],"picked":"Ragnarok","floor":16},{"not_picked":["Consecrate+1","Evaluate"],"picked":"Wireheading","floor":18},{"not_picked":["Conclude","Consecrate"],"picked":"Halt","floor":20},{"not_picked":["Evaluate","ThirdEye","Crescendo"],"picked":"SKIP","floor":22},{"not_picked":["Tantrum","Pray"],"picked":"Indignation","floor":24},{"not_picked":["SignatureMove","Halt","Study"],"picked":"SKIP","floor":25},{"not_picked":["Swivel","BattleHymn"],"picked":"DeusExMachina","floor":27},{"not_picked":["Prostrate","Nirvana"],"picked":"Swivel+1","floor":28},{"not_picked":["Adaptation","Pray"],"picked":"FearNoEvil","floor":31},{"not_picked":["Omniscience","Judgement"],"picked":"Alpha","floor":33},{"not_picked":["FlyingSleeves","Crescendo","Evaluate"],"picked":"SKIP","floor":35},{"not_picked":["Consecrate+1","PathToVictory"],"picked":"LikeWater+1","floor":36}],"player_experience":592821,"relics_obtained":[{"floor":7,"key":"Bag of Preparation"},{"floor":9,"key":"Bronze Scales"},{"floor":10,"key":"War Paint"},{"floor":24,"key":"Ancient Tea Set"},{"floor":26,"key":"InkBottle"},{"floor":27,"key":"Lantern"},{"floor":30,"key":"Orichalcum"},{"floor":31,"key":"CloakClasp"}],"event_choices":[{"damage_healed":0,"gold_gain":0,"player_choice":"Got Potions","damage_taken":0,"max_hp_gain":0,"max_hp_loss":0,"event_name":"Lab","floor":11,"gold_loss":0},{"damage_healed":0,"gold_gain":0,"player_choice":"Copied","damage_taken":0,"max_hp_gain":0,"max_hp_loss":0,"event_name":"Duplicator","floor":21,"gold_loss":0,"cards_obtained":["FlurryOfBlows"]}],"is_beta":false,"boss_relics":[{"not_picked":["Velvet Choker","Calling Bell"],"picked":"Cursed Key"},{"not_picked":["Empty Cage","Snecko Eye"],"picked":"VioletLotus"}],"items_purged_floors":[29],"is_endless":false,"potions_floor_spawned":[3,4,7,12,20,22,25,28,36],"killed_by":"Maw","ascension_level":2}}