{"host":"8ztb9kwpjc2zof9s","time":1613285403,"event":{"mods":["BaseMod","Block Reminder","Curses Come First","Minty Spire (QoL Compilation)","Relic Stats","StSLib"],"gold_per_floor":[362,375,450,450,460,460,460],"floor_reached":6,"language":"ENG","playtime":230,"items_purged":[],"score":56,"play_id":"7f29042e-989c-42ca-a59a-524f9b3dbbff","local_time":"20210213225003","is_ascension_mode":true,"campfire_choices":[],"circlet_count":0,"master_deck":["AscendersBane","Strike_G","Strike_G","Strike_G","Strike_G","Strike_G","Defend_G","Defend_G","Defend_G","Defend_G","Defend_G","Survivor","Neutralize","Shame","Cloak And Dagger","Blade Dance","Backflip"],"relics":["Ring of the Snake"],"acts_visited":["Exordium"],"potions_floor_usage":[6],"damage_taken":[{"damage":9,"enemies":"Cultist","floor":1,"turns":5},{"damage":9,"enemies":"Jaw Worm","floor":2,"turns":8},{"damage":1,"enemies":"Small Slimes","floor":5,"turns":5},{"damage":35,"enemies":"3 Sentries","floor":6,"turns":8}],"seed_played":"-4866455529350452811","potions_obtained":[{"floor":1,"key":"Strength Potion"},{"floor":2,"key":"LiquidMemories"}],"is_trial":false,"path_per_floor":["M","M","?","?","M","E"],"character_chosen":"THE_SILENT","items_purchased":[],"campfire_rested":0,"item_purchase_floors":[],"current_hp_per_floor":[54,45,34,34,33,0,0],"gold":460,"neow_bonus":"TWO_FIFTY_GOLD","is_daily":false,"chose_seed":false,"campfire_upgraded":0,"win_rate":0.0,"timestamp":1613285403,"path_taken":["M","M","?","?","M","E"],"items_purchased_type":[],"build_version":"2020-12-22","purchased_purges":0,"victory":false,"max_hp_per_floor":[70,70,70,70,70,70,70],"relic_stats":{"counters":[4,26],"obtain_stats":[{"Ring of the Snake":0},{"Ring of the Snake":0},{"Ring of the Snake":0}],"Ring of the Snake":[8]},"card_choices":[{"not_picked":["Flying Knee","Backflip"],"picked":"Cloak And Dagger","floor":1},{"not_picked":["Deadly Poison","All Out Attack"],"picked":"Blade Dance","floor":2},{"not_picked":["Dagger Spray","Poisoned Stab"],"picked":"Backflip","floor":5}],"player_experience":333866,"relics_obtained":[],"event_choices":[{"damage_healed":0,"gold_gain":75,"player_choice":"Gather Gold","damage_taken":11,"max_hp_gain":0,"max_hp_loss":0,"event_name":"World of Goop","floor":3,"gold_loss":0},{"damage_healed":0,"gold_gain":0,"player_choice":"Ignored","damage_taken":0,"max_hp_gain":0,"max_hp_loss":0,"event_name":"Shining Light","floor":4,"gold_loss":0}],"is_beta":false,"boss_relics":[],"items_purged_floors":[],"is_endless":false,"potions_floor_spawned":[1,2],"killed_by":"3 Sentries","ascension_level":11}}