{"host":"yuoancq4cku3x8wq","time":1613308515,"event":{"mods":["AchievementEnabler","BaseMod","Minty Spire (QoL Compilation)","Quick Restart","StSLib","SuperFastMode"],"gold_per_floor":[113,188,138,152,29,60,70,70,70,70,105,105,436,449,449,545,545,558,573,573,573,587,587,607,637,637,637,173,204,222,249,249,351,351,363,418,418,430,430,463,362,390,466,495,495,526,476,526,526,526,526,526,218,246,246],"floor_reached":56,"language":"ZHS","playtime":2081,"items_purged":["Strike_R","Strike_R","Strike_R","Strike_R","Bash"],"score":1990,"play_id":"198b5264-9b65-4804-9131-0ffe12a3ff49","local_time":"20210214211515","is_ascension_mode":true,"campfire_choices":[{"data":"Armaments","floor":12.0,"key":"SMITH"},{"data":"Body Slam","floor":15.0,"key":"SMITH"},{"data":"Evolve","floor":23.0,"key":"SMITH"},{"data":"Offering","floor":27.0,"key":"SMITH"},{"floor":32.0,"key":"RECALL"},{"data":"Pommel Strike","floor":45.0,"key":"SMITH"},{"data":"Apotheosis","floor":49.0,"key":"SMITH"},{"data":"Second Wind","floor":52.0,"key":"SMITH"}],"circlet_count":0,"master_deck":["Defend_R","Defend_R","Defend_R","Defend_R","Body Slam+1","Armaments+1","Disarm","Feel No Pain","Shockwave","Evolve+1","Second Wind+1","Offering+1","Shrug It Off+1","Ghostly","Ghostly","Ghostly","Ghostly","Ghostly","Power Through","Apotheosis+1","Feel No Pain","Burning Pact","Battle Trance","Pommel Strike+1","Dark Embrace+1"],"relics":["Burning Blood","NeowsBlessing","StoneCalendar","Champion Belt","Smiling Mask","Old Coin","Mark of Pain","Matryoshka","Regal Pillow","Pantograph","Omamori","Red Skull","Ginger","Runic Dome","Incense Burner","WingedGreaves","Lantern","Juzu Bracelet","Ice Cream","Akabeko","Boot","Paper Frog","Bronze Scales"],"acts_visited":["Exordium","TheCity","TheBeyond","TheEnding"],"potions_floor_usage":[55],"damage_taken":[{"damage":0.0,"enemies":"Jaw Worm","floor":1.0,"turns":1.0},{"damage":0.0,"enemies":"Cultist","floor":4.0,"turns":1.0},{"damage":0.0,"enemies":"Lagavulin","floor":6.0,"turns":2.0},{"damage":9.0,"enemies":"2 Louse","floor":7.0,"turns":2.0},{"damage":28.0,"enemies":"3 Sentries","floor":11.0,"turns":7.0},{"damage":0.0,"enemies":"Lagavulin","floor":13.0,"turns":7.0},{"damage":4.0,"enemies":"2 Fungi Beasts","floor":14.0,"turns":4.0},{"damage":37.0,"enemies":"Slime Boss","floor":16.0,"turns":10.0},{"damage":6.0,"enemies":"Chosen","floor":18.0,"turns":6.0},{"damage":19.0,"enemies":"Spheric Guardian","floor":19.0,"turns":5.0},{"damage":1.0,"enemies":"Centurion and Healer","floor":22.0,"turns":8.0},{"damage":6.0,"enemies":"Snake Plant","floor":24.0,"turns":6.0},{"damage":1.0,"enemies":"Book of Stabbing","floor":25.0,"turns":8.0},{"damage":6.0,"enemies":"Gremlin Leader","floor":29.0,"turns":7.0},{"damage":6.0,"enemies":"3 Cultists","floor":30.0,"turns":7.0},{"damage":1.0,"enemies":"Book of Stabbing","floor":31.0,"turns":6.0},{"damage":2.0,"enemies":"Champ","floor":33.0,"turns":8.0},{"damage":1.0,"enemies":"3 Shapes","floor":35.0,"turns":7.0},{"damage":1.0,"enemies":"2 Orb Walkers","floor":36.0,"turns":7.0},{"damage":6.0,"enemies":"3 Darklings","floor":38.0,"turns":7.0},{"damage":6.0,"enemies":"Giant Head","floor":40.0,"turns":7.0},{"damage":5.0,"enemies":"Reptomancer","floor":42.0,"turns":4.0},{"damage":6.0,"enemies":"Nemesis","floor":44.0,"turns":6.0},{"damage":1.0,"enemies":"Reptomancer","floor":46.0,"turns":5.0},{"damage":1.0,"enemies":"Awakened One","floor":50.0,"turns":6.0},{"damage":1.0,"enemies":"Shield and Spear","floor":54.0,"turns":5.0},{"damage":7,"enemies":"The Heart","floor":55,"turns":5}],"seed_played":"7691507736658010600","potions_obtained":[{"floor":4.0,"key":"BloodPotion"},{"floor":13.0,"key":"Weak Potion"},{"floor":14.0,"key":"Block Potion"},{"floor":16.0,"key":"GamblersBrew"},{"floor":29.0,"key":"Swift Potion"},{"floor":38.0,"key":"Block Potion"},{"floor":54.0,"key":"Swift Potion"}],"is_trial":false,"path_per_floor":["M","?","?","M","$","E","M","$","T","$","E","R","E","M","R","B",null,"M","M","?","?","M","R","M","E","T","R","$","E","M","E","R","B",null,"M","?","?","M","?","E","$","E","T","E","R","E","$","T","R","B",null,"R","$","E","B",null],"character_chosen":"IRONCLAD","items_purchased":["Armaments","Omamori","Apotheosis","Feel No Pain","PowerPotion","Paper Frog"],"campfire_rested":0,"item_purchase_floors":[5,28,28,28,41,53],"current_hp_per_floor":[80,69,69,75,75,80,77,77,77,77,55,55,61,63,63,32,68,68,55,40,40,40,40,40,40,40,40,40,40,40,40,40,40,40,40,40,40,40,38,38,38,38,38,38,38,38,38,38,38,38,38,38,38,38,37],"gold":246,"neow_bonus":"THREE_ENEMY_KILL","is_daily":false,"chose_seed":false,"campfire_upgraded":7,"win_rate":0.0,"timestamp":1613308515,"path_taken":["M","?","?","M","$","E","M","?","T","$","E","R","E","M","R","BOSS","M","M","?","?","M","R","?","E","T","R","$","E","M","E","R","BOSS","M","?","?","M","?","E","$","E","T","E","R","E","?","?","R","BOSS","R","$","E","BOSS"],"items_purchased_type":["Card","Relic","Card","Card","Potion","Relic"],"build_version":"2020-12-22","purchased_purges":5,"victory":true,"max_hp_per_floor":[80,80,80,80,80,80,80,80,80,80,80,80,80,80,80,80,80,80,80,40,40,40,40,40,40,40,40,40,40,40,40,40,40,40,40,40,40,40,38,38,38,38,38,38,38,38,38,38,38,38,38,38,38,38,38],"card_choices":[{"not_picked":["Clothesline","Flame Barrier","True Grit"],"picked":"SKIP","floor":1.0},{"not_picked":["Shrug It Off","Whirlwind"],"picked":"Body Slam","floor":4.0},{"not_picked":["Searing Blow","Armaments"],"picked":"Disarm","floor":6.0},{"not_picked":["Shrug It Off","Wild Strike"],"picked":"Feel No Pain","floor":7.0},{"not_picked":["True Grit","Rupture"],"picked":"Shockwave","floor":11.0},{"not_picked":["Pommel Strike","Clash"],"picked":"Evolve","floor":13.0},{"not_picked":["Wild Strike","Evolve"],"picked":"Second Wind","floor":14.0},{"not_picked":["Double Tap","Impervious"],"picked":"Offering","floor":16.0},{"not_picked":["Seeing Red+1","Searing Blow","Headbutt"],"picked":"SKIP","floor":18.0},{"not_picked":["Intimidate","Clothesline+1"],"picked":"Shrug It Off+1","floor":19.0},{"not_picked":["Wild Strike+1","Havoc","Body Slam"],"picked":"SKIP","floor":22.0},{"not_picked":["Thunderclap","Infernal Blade+1","Heavy Blade"],"picked":"SKIP","floor":24.0},{"not_picked":["Juggernaut","Spot Weakness"],"picked":"Power Through","floor":25.0},{"not_picked":["Wild Strike","Hemokinesis"],"picked":"Burning Pact","floor":29.0},{"not_picked":["Infernal Blade","Sword Boomerang","Entrench"],"picked":"SKIP","floor":30.0},{"not_picked":["True Grit","Corruption","Clothesline"],"picked":"SKIP","floor":31.0},{"not_picked":["Twin Strike+1","Cleave","Warcry+1"],"picked":"SKIP","floor":35.0},{"not_picked":["Clothesline","True Grit+1"],"picked":"Battle Trance","floor":36.0},{"not_picked":["Immolate","Clash+1"],"picked":"Pommel Strike","floor":38.0},{"not_picked":["Anger+1","Warcry","Rupture+1"],"picked":"SKIP","floor":40.0},{"not_picked":["Thunderclap","Sword Boomerang+1","Flex"],"picked":"SKIP","floor":42.0},{"not_picked":["Combust","Shrug It Off","Battle Trance+1"],"picked":"SKIP","floor":44.0},{"not_picked":["Rage","Headbutt+1"],"picked":"Dark Embrace+1","floor":46.0},{"not_picked":["Havoc","Body Slam+1","Carnage+1"],"picked":"SKIP","floor":54.0}],"player_experience":249482,"relics_obtained":[{"floor":6.0,"key":"StoneCalendar"},{"floor":9.0,"key":"Champion Belt"},{"floor":11.0,"key":"Smiling Mask"},{"floor":13.0,"key":"Old Coin"},{"floor":25.0,"key":"Matryoshka"},{"floor":26.0,"key":"Regal Pillow"},{"floor":26.0,"key":"Pantograph"},{"floor":29.0,"key":"Red Skull"},{"floor":31.0,"key":"Ginger"},{"floor":36.0,"key":"Incense Burner"},{"floor":40.0,"key":"WingedGreaves"},{"floor":42.0,"key":"Lantern"},{"floor":43.0,"key":"Juzu Bracelet"},{"floor":44.0,"key":"Ice Cream"},{"floor":46.0,"key":"Akabeko"},{"floor":48.0,"key":"Boot"},{"floor":54.0,"key":"Bronze Scales"}],"event_choices":[{"damage_healed":0.0,"max_hp_gain":0.0,"max_hp_loss":0.0,"gold_gain":75.0,"event_name":"World of Goop","player_choice":"Gather Gold","floor":2.0,"gold_loss":0.0,"damage_taken":11.0},{"cards_removed":["Strike_R"],"damage_healed":0.0,"max_hp_gain":0.0,"max_hp_loss":0.0,"gold_gain":0.0,"event_name":"The Cleric","player_choice":"Card Removal","floor":3.0,"gold_loss":50.0,"damage_taken":0.0},{"damage_healed":0.0,"max_hp_gain":0.0,"max_hp_loss":40.0,"gold_gain":0.0,"event_name":"Ghosts","player_choice":"Became a Ghost","floor":20.0,"gold_loss":0.0,"damage_taken":0.0,"cards_obtained":["Ghostly","Ghostly","Ghostly","Ghostly","Ghostly"]},{"damage_healed":0.0,"max_hp_gain":0.0,"max_hp_loss":0.0,"gold_gain":0.0,"event_name":"Wheel of Change","player_choice":"Full Heal","floor":21.0,"gold_loss":0.0,"damage_taken":0.0},{"damage_healed":0.0,"max_hp_gain":0.0,"max_hp_loss":0.0,"gold_gain":0.0,"event_name":"Mysterious Sphere","player_choice":"Fight","floor":36.0,"gold_loss":0.0,"damage_taken":0.0},{"damage_healed":0.0,"max_hp_gain":0.0,"max_hp_loss":0.0,"gold_gain":0.0,"event_name":"Tomb of Lord Red Mask","player_choice":"Ignored","floor":37.0,"gold_loss":0.0,"damage_taken":0.0},{"damage_healed":0.0,"max_hp_gain":0.0,"max_hp_loss":2.0,"gold_gain":0.0,"event_name":"Winding Halls","player_choice":"Max HP","floor":39.0,"gold_loss":0.0,"damage_taken":0.0}],"is_beta":false,"boss_relics":[{"not_picked":["SacredBark","SlaversCollar"],"picked":"Mark of Pain"},{"not_picked":["Busted Crown","Philosopher\u0027s Stone"],"picked":"Runic Dome"}],"items_purged_floors":[5,28,41,47,53],"is_endless":false,"potions_floor_spawned":[4,13,14,16,18,29,30,31,38,40,42,44,54],"ascension_level":5}}