{"host":"96dqtlax74dz00hw","time":1613282836,"event":{"mods":["Bard","BaseMod","Better Altar","ChefMod","Colored Powertips","Downfall","Hermit","Minty Spire (QoL Compilation)","Permanent Neow","Rare Cards Sparkle","StSLib","The Cursed","The Disciple","The Edgeheg","The IronCluck","The Problem Sleuth"],"gold_per_floor":[20,20,36,36,36,36,74,74,74,102,142,167,200,246,246,253,253],"floor_reached":16,"language":"ENG","playtime":1122,"items_purged":[],"score":120,"play_id":"428701b2-aeae-4bf5-a280-687af1e643ad","local_time":"20210213220716","is_ascension_mode":false,"campfire_choices":[{"data":"Mayhem","floor":6,"key":"SMITH"},{"data":"hermit:Scavenge","floor":8,"key":"SMITH"},{"data":"hermit:Scavenge","floor":15,"key":"SMITH"}],"circlet_count":0,"master_deck":["hermit:Strike_Hermit","hermit:Strike_Hermit","hermit:Strike_Hermit","hermit:Strike_Hermit","hermit:Defend_Hermit","hermit:Defend_Hermit","hermit:Defend_Hermit","hermit:Defend_Hermit","hermit:Snapshot","hermit:Covet","Mayhem+1","hermit:Feint","hermit:Scavenge+1","Regret","hermit:Scavenge+1","hermit:LoneWolf+1","hermit:FullyLoaded+1","hermit:Glare+1","hermit:Maintenance+1"],"relics":["hermit:Momento","Golden Idol","StrikeDummy","Bronze Scales","Toxic Egg 2","White Beast Statue","Torii"],"acts_visited":["Exordium"],"potions_floor_usage":[11,14,14,14,16],"damage_taken":[{"damage":0,"enemies":"2 Louse","floor":1,"turns":3},{"damage":0,"enemies":"Jaw Worm","floor":3,"turns":6},{"damage":24,"enemies":"3 Sentries","floor":7,"turns":9},{"damage":0,"enemies":"Cultist","floor":10,"turns":3},{"damage":14,"enemies":"Gremlin Nob","floor":11,"turns":5},{"damage":0,"enemies":"3 Louse","floor":12,"turns":3},{"damage":0,"enemies":"Exordium Wildlife","floor":13,"turns":4},{"damage":15,"enemies":"3 Sentries","floor":14,"turns":8},{"damage":18,"enemies":"Slime Boss","floor":16,"turns":3}],"seed_played":"1321502204171599044","potions_obtained":[{"floor":10,"key":"PowerPotion"},{"floor":11,"key":"GamblersBrew"},{"floor":12,"key":"SkillPotion"},{"floor":13,"key":"FearPotion"},{"floor":14,"key":"Dexterity Potion"}],"is_trial":false,"path_per_floor":["M","?","M","?","$","R","E","R","T","M","E","M","M","E","R","B"],"character_chosen":"HERMIT","items_purchased":[],"campfire_rested":0,"item_purchase_floors":[],"current_hp_per_floor":[75,57,57,57,57,57,33,33,33,33,19,19,19,4,4,0,0],"gold":253,"neow_bonus":"RANDOM_COLORLESS_2","is_daily":false,"chose_seed":false,"campfire_upgraded":3,"win_rate":0.0,"timestamp":1613282836,"path_taken":["M","?","M","?","?","R","E","R","T","M","E","M","M","E","R","BOSS"],"items_purchased_type":[],"build_version":"2020-12-22","purchased_purges":0,"victory":false,"max_hp_per_floor":[75,75,75,75,75,75,75,75,75,75,75,75,75,75,75,75,75],"card_choices":[{"not_picked":["Metamorphosis","Secret Technique"],"picked":"Mayhem","floor":0},{"not_picked":["hermit:PistolWhip","hermit:Dive"],"picked":"hermit:Feint","floor":1},{"not_picked":["hermit:Misfire","hermit:HoleUp"],"picked":"hermit:Scavenge","floor":3},{"not_picked":["hermit:HoleUp","hermit:LowProfile"],"picked":"hermit:Scavenge","floor":7},{"not_picked":["hermit:BodyArmor+1","hermit:CalledShot"],"picked":"hermit:LoneWolf+1","floor":10},{"not_picked":["hermit:NoHoldsBarred","hermit:Showdown"],"picked":"hermit:FullyLoaded+1","floor":11},{"not_picked":["hermit:Coalescence+1","hermit:RoundhouseKick","hermit:Roulette"],"picked":"SKIP","floor":12},{"not_picked":["hermit:Snipe+1","hermit:SprayPray"],"picked":"hermit:Glare+1","floor":13},{"not_picked":["hermit:Brawl","hermit:BodyArmor+1"],"picked":"hermit:Maintenance+1","floor":14}],"player_experience":916561,"relics_obtained":[{"floor":7,"key":"Bronze Scales"},{"floor":9,"key":"Toxic Egg 2"},{"floor":11,"key":"White Beast Statue"},{"floor":14,"key":"Torii"}],"event_choices":[{"damage_healed":0,"gold_gain":0,"player_choice":"Take Damage","damage_taken":18,"relics_obtained":["Golden Idol"],"max_hp_gain":0,"max_hp_loss":0,"event_name":"Golden Idol","floor":2,"gold_loss":0},{"damage_healed":0,"gold_gain":0,"player_choice":"Box","damage_taken":0,"relics_obtained":["StrikeDummy"],"max_hp_gain":0,"max_hp_loss":0,"event_name":"Big Fish","floor":4,"gold_loss":0,"cards_obtained":["Regret"]}],"is_beta":false,"boss_relics":[],"items_purged_floors":[],"is_endless":false,"potions_floor_spawned":[10,11,12,13,14],"killed_by":"Slime Boss","ascension_level":0}}