{"host":"q0qnzbgdx8oqogg9","time":1613332646,"event":{"mods":["BaseMod","Minty Spire (QoL Compilation)","StSLib"],"gold_per_floor":[10,25,25,39,64,339,339,264,314,326,24,44,44,85,85,184,184,209,15,39,39,39,39],"floor_reached":22,"language":"ENG","playtime":598,"items_purged":["Regret"],"score":331,"play_id":"f240f7b7-1e16-4446-bae9-ca8ca7a48852","local_time":"20210214145726","is_ascension_mode":true,"campfire_choices":[{"floor":7,"key":"REST"},{"floor":10,"key":"REST"},{"data":"Defragment","floor":13,"key":"SMITH"},{"floor":15,"key":"REST"}],"circlet_count":0,"master_deck":["AscendersBane","Strike_B","Strike_B","Strike_B","Defend_B+1","Defend_B","Defend_B","Zap+1","Dualcast","White Noise","Beam Cell","Defragment+1","Steam","Capacitor","Electrodynamics","Ball Lightning","Creative AI","CurseOfTheBell","Conserve Battery","Leap"],"relics":["Cracked Core","Golden Idol","MawBank","Bottled Tornado","Lantern","Calling Bell","Singing Bowl","Ginger","War Paint","Regal Pillow"],"acts_visited":["Exordium","TheCity"],"potions_floor_usage":[12,22],"damage_taken":[{"damage":0,"enemies":"2 Louse","floor":1,"turns":2},{"damage":0,"enemies":"Small Slimes","floor":2,"turns":2},{"damage":1,"enemies":"Cultist","floor":4,"turns":3},{"damage":22,"enemies":"Exordium Thugs","floor":5,"turns":4},{"damage":24,"enemies":"Gremlin Gang","floor":12,"turns":5},{"damage":19,"enemies":"Lagavulin","floor":14,"turns":6},{"damage":36,"enemies":"The Guardian","floor":16,"turns":9},{"damage":11,"enemies":"Chosen","floor":18,"turns":4},{"damage":18,"enemies":"3 Byrds","floor":20,"turns":4},{"damage":37,"enemies":"Snake Plant","floor":22,"turns":4}],"seed_played":"9066022911019405758","potions_obtained":[{"floor":1,"key":"PotionOfCapacity"},{"floor":2,"key":"Regen Potion"},{"floor":18,"key":"EssenceOfDarkness"},{"floor":20,"key":"LiquidMemories"}],"is_trial":false,"path_per_floor":["M","M","?","M","M","?","R","$","T","R","$","M","R","E","R","B",null,"M","$","M","?","M"],"character_chosen":"DEFECT","items_purchased":["Bottled Tornado","Capacitor","Leap","Regal Pillow"],"campfire_rested":3,"item_purchase_floors":[11,11,19,19],"current_hp_per_floor":[64,64,40,39,17,17,38,38,38,59,59,49,49,30,51,15,57,46,46,30,30,0,0],"gold":39,"neow_bonus":"REMOVE_TWO","is_daily":false,"chose_seed":false,"campfire_upgraded":1,"win_rate":0.0,"timestamp":1613332646,"path_taken":["M","M","?","M","M","?","R","$","T","R","$","M","R","E","R","BOSS","M","$","?","?","?"],"items_purchased_type":["Relic","Card","Card","Relic"],"build_version":"2020-12-22","purchased_purges":1,"victory":false,"max_hp_per_floor":[71,71,71,71,71,71,71,71,71,71,71,71,71,71,71,71,71,71,71,73,73,73,73],"card_choices":[{"not_picked":["Hologram","Turbo"],"picked":"White Noise","floor":1},{"not_picked":["Aggregate","Compile Driver"],"picked":"Beam Cell","floor":2},{"not_picked":["Compile Driver","Ball Lightning"],"picked":"Defragment","floor":4},{"not_picked":["Rebound","Consume"],"picked":"Steam","floor":5},{"not_picked":["Force Field","Hologram"],"picked":"Electrodynamics","floor":12},{"not_picked":["Redo","Consume"],"picked":"Ball Lightning","floor":14},{"not_picked":["Fission","Machine Learning"],"picked":"Creative AI","floor":16},{"not_picked":["Reinforced Body","White Noise"],"picked":"Conserve Battery","floor":18},{"not_picked":["Stack","Hologram","Genetic Algorithm"],"picked":"Singing Bowl","floor":20}],"player_experience":373927,"relics_obtained":[{"floor":9,"key":"MawBank"},{"floor":14,"key":"Lantern"},{"floor":17,"key":"Singing Bowl"},{"floor":17,"key":"Ginger"},{"floor":17,"key":"War Paint"}],"event_choices":[{"damage_healed":0,"gold_gain":0,"player_choice":"Take Damage","damage_taken":24,"relics_obtained":["Golden Idol"],"max_hp_gain":0,"max_hp_loss":0,"event_name":"Golden Idol","floor":3,"gold_loss":0},{"damage_healed":0,"gold_gain":275,"player_choice":"Desecrate","damage_taken":0,"max_hp_gain":0,"max_hp_loss":0,"event_name":"Golden Shrine","floor":6,"gold_loss":0,"cards_obtained":["Regret"]},{"damage_healed":0,"gold_gain":0,"player_choice":"0 cards matched","damage_taken":0,"max_hp_gain":0,"max_hp_loss":0,"event_name":"Match and Keep!","floor":21,"gold_loss":0,"cards_obtained":[]}],"is_beta":false,"boss_relics":[{"not_picked":["Runic Pyramid","SacredBark"],"picked":"Calling Bell"}],"items_purged_floors":[8],"is_endless":false,"potions_floor_spawned":[1,2,5,18,20],"killed_by":"Snake Plant","ascension_level":16}}