{"host":"cjhtzh7tp54jdfyv","time":1613328621,"event":{"mods":["AchievementEnabler","BaseMod","Colored Map","Colored Powertips","Curses Come First","DeckTracker","Minty Spire (QoL Compilation)","RNG Fix","Relic Sorter","Relic Stats","StSLib","UnlockEverythingMod","ojb\u0027s Better Paths Mod","ojb\u0027s Info Mod"],"gold_per_floor":[367,15,25,25,36,65,85,118,194,194,55,2,36,51,51,128,128,144,144,144,19,29,58,74,74,74],"floor_reached":25,"language":"ENG","playtime":1452,"items_purged":["Injury","Defend_R","Writhe"],"score":482,"play_id":"b820cfa3-87c2-41d5-9026-7da1e355fd76","local_time":"20210214135021","is_ascension_mode":true,"campfire_choices":[{"data":"Bash","floor":10,"key":"SMITH"},{"floor":15,"key":"REST"}],"circlet_count":0,"master_deck":["AscendersBane","Strike_R","Strike_R","Strike_R","Strike_R","Strike_R","Defend_R","Defend_R","Defend_R","Bash+1","Iron Wave","Rage","Twin Strike","Combust","Clothesline","Anger","Inflame","Feed","Ghostly","Ghostly","Ghostly","Headbutt+1","Whirlwind+1","Uppercut+1"],"relics":["Burning Blood","Ornamental Fan","Oddly Smooth Stone","Paper Frog","Shuriken","Question Card","Sundial","SacredBark","Molten Egg 2","Pen Nib"],"acts_visited":["Exordium","TheCity"],"potions_floor_usage":[8,13,14,23,24],"damage_taken":[{"damage":14,"enemies":"Jaw Worm","floor":1,"turns":5},{"damage":2,"enemies":"2 Louse","floor":3,"turns":2},{"damage":3,"enemies":"Cultist","floor":5,"turns":4},{"damage":44,"enemies":"Lagavulin","floor":6,"turns":10},{"damage":2,"enemies":"2 Fungi Beasts","floor":7,"turns":4},{"damage":24,"enemies":"Gremlin Nob","floor":8,"turns":4},{"damage":13,"enemies":"3 Sentries","floor":13,"turns":4},{"damage":2,"enemies":"3 Louse","floor":14,"turns":2},{"damage":21,"enemies":"Slime Boss","floor":16,"turns":7},{"damage":17,"enemies":"Spheric Guardian","floor":18,"turns":5},{"damage":19,"enemies":"Shell Parasite","floor":22,"turns":6},{"damage":10,"enemies":"Gremlin Leader","floor":23,"turns":8},{"damage":2,"enemies":"Centurion and Healer","floor":24,"turns":7},{"damage":33,"enemies":"Book of Stabbing","floor":25,"turns":5}],"seed_played":"-2928087729488241915","potions_obtained":[{"floor":6,"key":"EntropicBrew"},{"floor":16,"key":"EssenceOfSteel"},{"floor":22,"key":"LiquidMemories"},{"floor":23,"key":"CultistPotion"}],"is_trial":false,"path_per_floor":["M","$","M","$","M","E","M","E","T","R","$","?","E","M","R","B",null,"M","?","?","$","M","E","M","E"],"character_chosen":"IRONCLAD","items_purchased":["Ornamental Fan","Inflame"],"campfire_rested":1,"item_purchase_floors":[2,11],"current_hp_per_floor":[60,60,64,64,67,29,33,15,15,15,15,15,8,12,34,19,61,50,50,37,37,27,23,30,0,0],"gold":74,"neow_bonus":"TWO_FIFTY_GOLD","is_daily":false,"chose_seed":false,"campfire_upgraded":1,"win_rate":0.0,"timestamp":1613328621,"path_taken":["M","$","M","?","M","E","M","E","T","R","$","?","E","M","R","BOSS","M","?","?","$","?","E","M","E"],"items_purchased_type":["Relic","Card"],"build_version":"2020-12-22","purchased_purges":3,"victory":false,"max_hp_per_floor":[75,75,75,75,75,75,75,75,75,75,75,75,75,75,75,75,75,75,75,37,37,40,40,43,43,43],"relic_stats":{"counters":[14,73],"Ornamental Fan":[96],"Shuriken":[17],"Sundial":[4],"Pen Nib":[2],"Question Card":7,"obtain_stats":[{"Ornamental Fan":2,"Shuriken":9,"Sundial":13,"SacredBark":17,"Oddly Smooth Stone":6,"Molten Egg 2":19,"Pen Nib":23,"Question Card":12,"Burning Blood":0,"Paper Frog":8},{"Ornamental Fan":1,"Shuriken":6,"Sundial":7,"SacredBark":9,"Oddly Smooth Stone":4,"Molten Egg 2":10,"Pen Nib":12,"Question Card":6,"Burning Blood":0,"Paper Frog":6},{"Ornamental Fan":5,"Shuriken":29,"Sundial":33,"SacredBark":42,"Oddly Smooth Stone":21,"Molten Egg 2":47,"Pen Nib":61,"Question Card":29,"Burning Blood":0,"Paper Frog":29}],"Burning Blood":78},"card_choices":[{"not_picked":["Power Through","Warcry"],"picked":"Iron Wave","floor":1},{"not_picked":["Havoc","Headbutt"],"picked":"Rage","floor":3},{"not_picked":["Armaments","Sword Boomerang"],"picked":"Twin Strike","floor":5},{"not_picked":["Body Slam","Intimidate"],"picked":"Combust","floor":6},{"not_picked":["Disarm","Armaments"],"picked":"Clothesline","floor":7},{"not_picked":["Body Slam","Wild Strike"],"picked":"Anger","floor":8},{"not_picked":["Corruption","Flex","Sever Soul","Flame Barrier"],"picked":"SKIP","floor":13},{"not_picked":["Wild Strike","Dark Embrace","Feel No Pain","Clash"],"picked":"SKIP","floor":14},{"not_picked":["Immolate","Offering","Impervious"],"picked":"Feed","floor":16},{"not_picked":["Second Wind","Rampage","Armaments","Wild Strike"],"picked":"SKIP","floor":18},{"not_picked":["Flex","Twin Strike+1","Disarm"],"picked":"Headbutt+1","floor":22},{"not_picked":["Iron Wave+1","Brutality","True Grit"],"picked":"Whirlwind+1","floor":23},{"not_picked":["Warcry+1","Iron Wave+1","Shockwave"],"picked":"Uppercut+1","floor":24}],"player_experience":4920884,"relics_obtained":[{"floor":6,"key":"Oddly Smooth Stone"},{"floor":8,"key":"Paper Frog"},{"floor":9,"key":"Shuriken"},{"floor":13,"key":"Sundial"},{"floor":23,"key":"Pen Nib"}],"event_choices":[{"damage_healed":0,"gold_gain":0,"player_choice":"Paid Gold","damage_taken":0,"relics_obtained":["Question Card"],"max_hp_gain":0,"max_hp_loss":0,"event_name":"WeMeetAgain","floor":12,"gold_loss":53},{"damage_healed":0,"gold_gain":0,"player_choice":"Opened","damage_taken":0,"relics_obtained":["Molten Egg 2"],"max_hp_gain":0,"max_hp_loss":0,"event_name":"The Mausoleum","floor":19,"gold_loss":0,"cards_obtained":["Writhe"]},{"damage_healed":0,"gold_gain":0,"player_choice":"Became a Ghost","damage_taken":0,"max_hp_gain":0,"max_hp_loss":38,"event_name":"Ghosts","floor":20,"gold_loss":0,"cards_obtained":["Ghostly","Ghostly","Ghostly"]}],"is_beta":false,"boss_relics":[{"not_picked":["Empty Cage","Ectoplasm"],"picked":"SacredBark"}],"items_purged_floors":[2,11,21],"is_endless":false,"potions_floor_spawned":[6,8,16,22,23],"killed_by":"Book of Stabbing","ascension_level":20}}