{"host":"eeb412nj2w7f9cz8","time":1613281568,"event":{"mods":["ATMod(°¢èªMod)","Act Like it!","BaseMod","Minty Spire (QoL Compilation)","StSLib"],"gold_per_floor":[115,290,306,256,274,274,290,290,290,290,88,98,98,111,111,208,208,228,239,258,270,285,317,329,329,329],"floor_reached":25,"language":"ZHS","playtime":1512,"items_purged":[],"score":219,"play_id":"1e8ebd82-bfa5-4ba2-83b9-500c0e454692","local_time":"20210214134608","is_ascension_mode":false,"campfire_choices":[{"data":"AT_KneejerkReflex","floor":6.0,"key":"SMITH"},{"data":"Spot Weakness","floor":8.0,"key":"SMITH"},{"data":"Bash","floor":10.0,"key":"SMITH"},{"data":"Armaments","floor":15.0,"key":"SMITH"}],"circlet_count":0,"master_deck":["Strike_R","Strike_R","Strike_R","Strike_R","Strike_R","Defend_R","Defend_R","Defend_R","Defend_R","Bash+1","AT_KneejerkReflex+1","AT_IchimonjiDouble","Rage","Warcry","Spot Weakness+1","Armaments+1","AT_CaressingTears","Demon Form","Demon Form","Metallicize","Perfected Strike+1"],"relics":["Burning Blood","AT_ATBox","StrikeDummy","Vajra","Snecko Eye","Turnip"],"acts_visited":["Exordium","TheCity"],"potions_floor_usage":[],"damage_taken":[{"damage":5.0,"enemies":"Small Slimes","floor":1.0,"turns":4.0},{"damage":0.0,"enemies":"2 Louse","floor":3.0,"turns":2.0},{"damage":0.0,"enemies":"Cultist","floor":5.0,"turns":3.0},{"damage":12.0,"enemies":"Large Slime","floor":7.0,"turns":8.0},{"damage":3.0,"enemies":"3 Louse","floor":12.0,"turns":2.0},{"damage":0.0,"enemies":"Looter","floor":14.0,"turns":4.0},{"damage":32.0,"enemies":"Slime Boss","floor":16.0,"turns":7.0},{"damage":20.0,"enemies":"2 Thieves","floor":18.0,"turns":3.0},{"damage":7.0,"enemies":"Shell Parasite","floor":19.0,"turns":3.0},{"damage":9.0,"enemies":"Sentry and Sphere","floor":20.0,"turns":4.0},{"damage":19.0,"enemies":"Shelled Parasite and Fungi","floor":21.0,"turns":5.0},{"damage":25.0,"enemies":"3 Cultists","floor":22.0,"turns":5.0},{"damage":24.0,"enemies":"Gremlin Leader","floor":23.0,"turns":6.0},{"damage":18.0,"enemies":"Snake Plant","floor":24.0,"turns":2.0},{"damage":0,"enemies":"Slavers","floor":25,"turns":1}],"seed_played":"1387016586841843174","potions_obtained":[{"floor":3.0,"key":"SteroidPotion"},{"floor":5.0,"key":"SteroidPotion"},{"floor":12.0,"key":"BlessingOfTheForge"},{"floor":18.0,"key":"Swift Potion"},{"floor":21.0,"key":"SpeedPotion"},{"floor":22.0,"key":"Block Potion"},{"floor":23.0,"key":"AttackPotion"}],"is_trial":false,"path_per_floor":["M","?","M","?","M","R","M","R","T","R","$","M","?","M","R","B",null,"M","M","M","M","M","E","M","E"],"character_chosen":"IRONCLAD","items_purchased":["Vajra","Armaments"],"campfire_rested":0,"item_purchase_floors":[11,11],"current_hp_per_floor":[88,88,88,88,88,88,82,82,82,82,82,85,77,83,83,59,88,74,73,78,65,46,28,16,16,16],"gold":329,"neow_bonus":"TEN_PERCENT_HP_BONUS","is_daily":false,"chose_seed":false,"campfire_upgraded":4,"win_rate":0.0,"timestamp":1613281568,"path_taken":["M","?","M","?","M","R","M","R","T","R","$","M","?","?","R","BOSS","M","M","M","M","M","E","M","E"],"items_purchased_type":["Relic","Card"],"build_version":"2020-12-22","purchased_purges":0,"victory":false,"max_hp_per_floor":[88,88,88,88,88,88,88,88,88,88,88,88,88,88,88,88,88,88,88,88,88,88,88,88,88,88],"card_choices":[{"not_picked":["Pommel Strike","Sword Boomerang"],"picked":"AT_IchimonjiDouble","floor":1.0},{"not_picked":["Shockwave","Blood for Blood"],"picked":"Rage","floor":3.0},{"not_picked":["AT_IchimonjiDouble","Twin Strike"],"picked":"Warcry","floor":5.0},{"not_picked":["Flex","Wild Strike"],"picked":"Spot Weakness","floor":7.0},{"not_picked":["Seeing Red","Wild Strike"],"picked":"AT_CaressingTears","floor":12.0},{"not_picked":["Iron Wave","AT_IchimonjiDouble"],"picked":"Demon Form","floor":14.0},{"not_picked":["Corruption","Immolate"],"picked":"Demon Form","floor":16.0},{"not_picked":["Sword Boomerang","Shrug It Off+1","Wild Strike"],"picked":"SKIP","floor":18.0},{"not_picked":["Spot Weakness","Uppercut","Pommel Strike"],"picked":"SKIP","floor":19.0},{"not_picked":["Clothesline","Disarm"],"picked":"Metallicize","floor":20.0},{"not_picked":["Rampage+1","Evolve+1","Iron Wave"],"picked":"SKIP","floor":21.0},{"not_picked":["Spot Weakness","Anger","Iron Wave"],"picked":"SKIP","floor":22.0},{"not_picked":["Brutality","Sword Boomerang","Seeing Red"],"picked":"SKIP","floor":23.0},{"not_picked":["Headbutt+1","Evolve"],"picked":"Perfected Strike+1","floor":24.0}],"player_experience":96760,"relics_obtained":[{"floor":9.0,"key":"StrikeDummy"},{"floor":23.0,"key":"Turnip"}],"event_choices":[{"damage_healed":0.0,"max_hp_gain":0.0,"max_hp_loss":0.0,"gold_gain":175.0,"event_name":"Liars Game","player_choice":"AGREE","floor":2.0,"gold_loss":0.0,"damage_taken":0.0,"cards_obtained":["Doubt"]},{"cards_removed":["Doubt"],"damage_healed":0.0,"max_hp_gain":0.0,"max_hp_loss":0.0,"gold_gain":0.0,"event_name":"The Cleric","player_choice":"Card Removal","floor":4.0,"gold_loss":50.0,"damage_taken":0.0},{"damage_healed":0.0,"max_hp_gain":0.0,"max_hp_loss":0.0,"gold_gain":0.0,"event_name":"Wheel of Change","player_choice":"Damaged","floor":13.0,"gold_loss":0.0,"damage_taken":8.0}],"is_beta":false,"boss_relics":[{"not_picked":["Velvet Choker","SacredBark"],"picked":"Snecko Eye"}],"items_purged_floors":[],"is_endless":false,"potions_floor_spawned":[3,5,12,18,21,22,23],"killed_by":"Slavers","ascension_level":0}}