{"host":"85rg8sallz0lemh6","time":1613290723,"event":{"mods":["BaseMod","Bestiary","Colored Powertips","Highlight Path","Minty Spire (QoL Compilation)","Quick Restart"],"gold_per_floor":[116,116,116,191,46,71,71,81,81,110,42,42,42],"floor_reached":12,"language":"ENG","playtime":180,"items_purged":[],"score":125,"play_id":"9bce0641-a599-44e1-88c6-1685650d5468","local_time":"20210214021843","is_ascension_mode":true,"campfire_choices":[{"data":"Dualcast","floor":7,"key":"SMITH"}],"circlet_count":0,"master_deck":["Strike_B","Strike_B","Strike_B","Defend_B","Defend_B","Defend_B","Defend_B","Zap","Dualcast+1","Cold Snap","Leap","Melter","Self Repair"],"relics":["Cracked Core","NeowsBlessing","Centennial Puzzle","Runic Capacitor","Incense Burner","Matryoshka","Shuriken"],"acts_visited":["Exordium"],"potions_floor_usage":[12],"damage_taken":[{"damage":0,"enemies":"Jaw Worm","floor":1,"turns":1},{"damage":0,"enemies":"Lagavulin","floor":6,"turns":1},{"damage":0,"enemies":"Small Slimes","floor":8,"turns":1},{"damage":41,"enemies":"Gremlin Nob","floor":10,"turns":5},{"damage":9,"enemies":"Lagavulin","floor":12,"turns":8}],"seed_played":"2883532312269439395","potions_obtained":[{"floor":6,"key":"DuplicationPotion"}],"is_trial":false,"path_per_floor":["M","?","?","?","$","E","R","M","T","E","$","E"],"character_chosen":"DEFECT","items_purchased":["Runic Capacitor","Self Repair"],"campfire_rested":0,"item_purchase_floors":[5,11],"current_hp_per_floor":[75,68,61,50,50,50,50,50,50,9,9,0,0],"gold":42,"neow_bonus":"THREE_ENEMY_KILL","is_daily":false,"chose_seed":false,"campfire_upgraded":1,"win_rate":0.0,"timestamp":1613290723,"path_taken":["M","?","?","?","$","E","R","M","T","E","?","E"],"items_purchased_type":["Relic","Card"],"build_version":"2020-12-22","purchased_purges":0,"victory":false,"max_hp_per_floor":[75,75,75,75,75,75,75,75,75,75,75,75,75],"card_choices":[{"not_picked":["Barrage","Fusion","Gash"],"picked":"SKIP","floor":1},{"not_picked":["Rebound","Gash"],"picked":"Cold Snap","floor":6},{"not_picked":["Tempest","Stack"],"picked":"Leap","floor":8},{"not_picked":["White Noise","Skim"],"picked":"Melter","floor":10}],"player_experience":99193,"relics_obtained":[{"floor":6,"key":"Incense Burner"},{"floor":9,"key":"Matryoshka"},{"floor":10,"key":"Shuriken"}],"event_choices":[{"damage_healed":0,"gold_gain":0,"player_choice":"Success","damage_taken":7,"relics_obtained":["Centennial Puzzle"],"max_hp_gain":0,"max_hp_loss":0,"event_name":"Scrap Ooze","floor":2,"gold_loss":0},{"cards_removed":["Strike_B"],"damage_healed":0,"gold_gain":0,"player_choice":"Card Removal","damage_taken":7,"max_hp_gain":0,"max_hp_loss":0,"event_name":"Golden Wing","floor":3,"gold_loss":0},{"damage_healed":0,"gold_gain":75,"player_choice":"Gather Gold","damage_taken":11,"max_hp_gain":0,"max_hp_loss":0,"event_name":"World of Goop","floor":4,"gold_loss":0}],"is_beta":false,"boss_relics":[],"items_purged_floors":[],"is_endless":false,"potions_floor_spawned":[6],"killed_by":"Lagavulin","ascension_level":3}}