{"host":"lg1lbglystyxcosi","time":1613295214,"event":{"mods":["AchievementEnabler","BaseMod","Better Third Choice","BetterRewards","Colored Powertips","Minty Spire (QoL Compilation)","Quick Restart","Shop Mod","StSLib","¡¾ÒÅÎï¿¨ÅÆ¡¿REMEMod"],"gold_per_floor":[115,115,115,136,149,149,149],"floor_reached":6,"language":"ZHS","playtime":188,"items_purged":[],"score":36,"play_id":"daa729c8-eaba-4db6-bdf8-dc881934e8d6","local_time":"20210214173334","is_ascension_mode":false,"campfire_choices":[],"circlet_count":0,"master_deck":["Strike_R","Strike_R","Strike_R","Strike_R","Strike_R","Defend_R","Defend_R","Defend_R","Defend_R","Bash","REME_MawOfCthun","REME_EyeOfCthun+1"],"relics":["Burning Blood","REME_ComplimentaryCards","Turnip","Golden Idol"],"acts_visited":["Exordium"],"potions_floor_usage":[],"damage_taken":[{"damage":0.0,"enemies":"Small Slimes","floor":1.0,"turns":3.0},{"damage":0.0,"enemies":"Jaw Worm","floor":4.0,"turns":2.0},{"damage":0.0,"enemies":"2 Louse","floor":5.0,"turns":2.0},{"damage":26,"enemies":"3 Sentries","floor":6,"turns":4}],"seed_played":"8500853022348154949","potions_obtained":[{"floor":5.0,"key":"BlessingOfTheForge"}],"is_trial":false,"path_per_floor":["M","?","?","M","M","E"],"character_chosen":"IRONCLAD","items_purchased":["REME_EyeOfCthun"],"campfire_rested":0,"item_purchase_floors":[0],"current_hp_per_floor":[50,30,30,36,42,16,16],"gold":149,"neow_bonus":"","is_daily":false,"chose_seed":false,"campfire_upgraded":0,"win_rate":0.0,"timestamp":1613295214,"path_taken":["M","?","?","M","?","E"],"items_purchased_type":["Card"],"build_version":"2020-12-22","purchased_purges":0,"victory":false,"max_hp_per_floor":[80,80,80,80,80,80,80],"card_choices":[{"not_picked":["Sword Boomerang","Armaments","Thunderclap"],"picked":"SKIP","floor":1.0},{"not_picked":["Flame Barrier","Spot Weakness","True Grit"],"picked":"SKIP","floor":4.0},{"not_picked":["Whirlwind","Reaper","Evolve"],"picked":"SKIP","floor":5.0}],"player_experience":247146,"relics_obtained":[],"event_choices":[{"damage_healed":0.0,"max_hp_gain":0.0,"max_hp_loss":0.0,"gold_gain":0.0,"event_name":"Golden Idol","player_choice":"Take Damage","floor":2.0,"gold_loss":0.0,"damage_taken":20.0,"relics_obtained":["Golden Idol"]},{"damage_healed":0.0,"max_hp_gain":0.0,"max_hp_loss":0.0,"gold_gain":0.0,"event_name":"Living Wall","player_choice":"Grow","floor":3.0,"gold_loss":0.0,"damage_taken":0.0,"cards_upgraded":["REME_EyeOfCthun"]}],"is_beta":false,"boss_relics":[],"items_purged_floors":[],"is_endless":false,"potions_floor_spawned":[5],"killed_by":"3 Sentries","ascension_level":0}}