{"host":"c9m2z2wmcavfgdp8","time":1613336068,"event":{"mods":["2.2 Compatiblity","Act Like it!","Aspiration","BaseMod","Better Third Choice","Conspire","Downfall","Ekko","Elementarium","Energized Spire","Friendly Minions","GifTheSpireLib","Hallownest","Hermit","Hubris","Infinite Spire","Jorbs\u0027s Wanderer Trilogy","Koishi","Luminous","Marisa????????","Menagerie","Minty Spire (QoL Compilation)","Pale of the Ancients","Permanent Neow","Potionbrewer","Prisma Mod","READ ME - Guardian Mod","Remilia??????","Replay The Spire","SCP261 Mod","Shop Mod","StSLib","The Animator","The Blackbeard","The Bug Knight","The Cursed","The Death Knight","The Disciple","The Exalted","The Hierophant","The Necromancer","The Servant 0.9.4","TheBandit","TheFirefly"],"gold_per_floor":[99,99,99,114,134,145,145,155,155,155,186,196,216,301,301,301,311,415,415,415,434,451,467,479,3,3,3,32,32,32,32,32,32],"floor_reached":32,"language":"ENG","playtime":1995,"items_purged":["downfall:Malfunctioning"],"score":572,"play_id":"805c2f70-c835-4fc3-bd49-69effb04dd41","local_time":"20210214215428","is_ascension_mode":false,"campfire_choices":[{"floor":1,"key":"RECALL"},{"data":"Bromod:NoReturn","floor":10,"key":"SMITH"},{"data":"Bromod:Intensify","floor":15,"key":"SMITH"},{"data":"Bromod:RadialJavelin","floor":20,"key":"SMITH"},{"floor":27,"key":"REST"},{"data":"ReplayTheSpireMod:Brewmster","floor":29,"key":"SMITH"}],"circlet_count":0,"master_deck":["Bromod:Strike_Bro+1","Bromod:Strike_Bro","Bromod:Strike_Bro","Bromod:Defend_Bro","Bromod:Defend_Bro","Bromod:Defend_Bro","Bromod:Defend_Bro","Bromod:SlashDash","Bromod:SlashDash+1","Bromod:SlashDash","Bromod:OrganShatter","Bromod:SlashDash","Bromod:ShatteringImpact","Bromod:NoReturn+1","Bromod:Blaze+1","Bromod:SteelCharge","Bromod:EnergySiphon","Bromod:Intensify+1","Bromod:Serration","Bromod:RadialJavelin+1","Bromod:Provoked","Bromod:Reflection","Bromod:BulletJump+1","Bromod:BodyCount","Bromod:SteelFiber+1","ReplayTheSpireMod:Brewmster+1","Bromod:OrganShatter","Bromod:Stormbringer+1"],"relics":["Bromod:Ordis","Bromod:AscarisDevice","aspiration:ChemicalBlood","hubris:MobiusCoin","aspiration:HummingbirdHeart","conspire:TopHat","DeathKnight:PutricidesVial","hubris:TerracottaHorce","Guardian:BottledAnomaly","Toxic Egg 2","Pen Nib","Bromod:ExtinguishedDragonKey","Bromod:DecayingDragonKey","Bromod:BleedingDragonKey","Bromod:HobbledDragonKey"],"acts_visited":["Exordium","TheCity"],"potions_floor_usage":[6,11,13,14,17,18,18,23,23,24,28,32,32,32,32,32],"damage_taken":[{"damage":0,"enemies":"Cultist","floor":4,"turns":4},{"damage":2,"enemies":"2 Louse","floor":5,"turns":2},{"damage":7,"enemies":"conspire:RoseBush","floor":6,"turns":2},{"damage":6,"enemies":"Exordium Wildlife","floor":8,"turns":3},{"damage":16,"enemies":"Lagavulin","floor":11,"turns":6},{"damage":2,"enemies":"3 Louse","floor":12,"turns":3},{"damage":0,"enemies":"downfall:LooterAlt","floor":13,"turns":1},{"damage":5,"enemies":"Gremlin Nob","floor":14,"turns":3},{"damage":12,"enemies":"Large Slime","floor":17,"turns":5},{"damage":22,"enemies":"IC_STATUS_ARCHETYPE","floor":18,"turns":7},{"damage":20,"enemies":"conspire:FuzzyDice","floor":21,"turns":5},{"damage":0,"enemies":"Chosen","floor":22,"turns":3},{"damage":16,"enemies":"Sentry and Sphere","floor":23,"turns":4},{"damage":5,"enemies":"Centurion and Healer","floor":24,"turns":4},{"damage":0,"enemies":"downfall:FleeingMerchant","floor":25,"turns":4},{"damage":0,"enemies":"Gremlin Leader","floor":28,"turns":5},{"damage":32,"enemies":"Slavers","floor":32,"turns":3}],"seed_played":"-1571570423008250802","potions_obtained":[{"floor":5,"key":"sneckomod:MuddlingPotion"},{"floor":6,"key":"DistilledChaos"},{"floor":12,"key":"Adrenaline Potion"},{"floor":14,"key":"Reflective Coating"},{"floor":21,"key":"Slimebound:ThreeZeroPotion"},{"floor":22,"key":"SneckoOil"},{"floor":24,"key":"ColorlessPotion"},{"floor":28,"key":"Bromod:ShieldRestore"},{"floor":32,"key":"Weak Potion"},{"floor":32,"key":"SteroidPotion"}],"is_trial":false,"path_per_floor":["R","PTL","PTL","M","M","M","?","M","T","R","E","M","M","E","R","?","M","B",null,"R","M","M","M","M","$","T","R","E","R","?","?","E"],"character_chosen":"THE_EXALTED","items_purchased":["ReplayTheSpireMod:Brewmster","Guardian:BottledAnomaly","Bromod:OrganShatter"],"campfire_rested":1,"item_purchase_floors":[25,25,25],"current_hp_per_floor":[75,75,75,75,73,66,66,60,60,60,44,42,42,37,37,37,25,3,57,57,37,37,21,16,16,16,38,38,38,19,19,0,0],"gold":32,"neow_bonus":"RANDOM_COMMON_RELIC","is_daily":false,"chose_seed":false,"campfire_upgraded":4,"win_rate":0.0,"timestamp":1613336068,"path_taken":["R","PTL","PTL","M","M","?","?","M","T","R","E","M","M","E","R","?","M","BOSS","R","M","M","M","M","$","T","R","E","R","?","?","E"],"items_purchased_type":["Card","Relic","Card"],"build_version":"2020-12-22","purchased_purges":1,"victory":false,"max_hp_per_floor":[75,75,75,75,75,75,75,75,75,75,75,75,75,75,75,75,75,75,75,75,75,75,75,75,75,75,75,75,75,19,19,19,19],"card_choices":[{"not_picked":["Bromod:Foundry","Bromod:BloodRush"],"picked":"Bromod:OrganShatter","floor":4},{"not_picked":["Bromod:PointStrike","Bromod:Stretch"],"picked":"Bromod:SlashDash","floor":5},{"not_picked":["Bromod:FormaBlueprint","Bromod:QuickDraw"],"picked":"Bromod:ShatteringImpact","floor":6},{"not_picked":["Bromod:SteelFiber","Bromod:SlipMagazine"],"picked":"Bromod:NoReturn","floor":8},{"not_picked":["Bromod:TacticalPump","Bromod:OrganShatter"],"picked":"Bromod:Blaze","floor":11},{"not_picked":["Bromod:NoReturn","Bromod:BriefRespite"],"picked":"Bromod:SteelCharge","floor":12},{"not_picked":["Bromod:KillingBlow","Bromod:FastHands"],"picked":"Bromod:EnergySiphon","floor":13},{"not_picked":["Bromod:OrganShatter","Bromod:FormaBlueprint"],"picked":"Bromod:Intensify","floor":14},{"not_picked":["Bromod:PressurePoint","Bromod:Patagium"],"picked":"Bromod:Serration","floor":17},{"not_picked":["Bromod:Rage","Bromod:Frostbite"],"picked":"Bromod:RadialJavelin","floor":18},{"not_picked":["Bromod:PressurePoint","Bromod:SteelFiber"],"picked":"Bromod:Provoked","floor":21},{"not_picked":["Bromod:QuickDraw","Bromod:Foundry"],"picked":"Bromod:Reflection","floor":22},{"not_picked":["Bromod:SlashDash","Bromod:Stretch"],"picked":"Bromod:BulletJump+1","floor":23},{"not_picked":["Bromod:Provoked","Bromod:BulletJump"],"picked":"Bromod:BodyCount","floor":24},{"not_picked":["Bromod:Serration+1","Bromod:FastHands"],"picked":"Bromod:SteelFiber+1","floor":25},{"not_picked":["Bromod:PointBlank","Bromod:NorthWind"],"picked":"Bromod:Stormbringer","floor":28}],"player_experience":1661785,"relics_obtained":[{"floor":7,"key":"hubris:MobiusCoin"},{"floor":9,"key":"aspiration:HummingbirdHeart"},{"floor":11,"key":"conspire:TopHat"},{"floor":14,"key":"DeathKnight:PutricidesVial"},{"floor":26,"key":"Toxic Egg 2"},{"floor":28,"key":"Pen Nib"}],"event_choices":[],"is_beta":false,"boss_relics":[{"not_picked":["hubris:Backtick","Velvet Choker"],"picked":"hubris:TerracottaHorce"}],"items_purged_floors":[25],"is_endless":false,"potions_floor_spawned":[5,6,12,14,21,22,24,28],"killed_by":"Slavers","ascension_level":0}}