{"host":"wqsqub3crsxqknzv","time":1613329409,"event":{"mods":["BaseMod","Colored Powertips","Lobotomy","LobotomyExtend","Minty Spire (QoL Compilation)","StSLib"],"gold_per_floor":[14,14,25,25,25,25,25,43,89,114,143,483,495,507,519,626,638,665,693,722,331,331,331,350,2,2,2,2,18,33,62,62,165,165,185,237,252,252,252,252,286,300,300,315,315,350,367,378,378,378,378],"floor_reached":52,"playtime":2369,"items_purged":["BlueStar","SpecialBullet"],"score":931,"play_id":"6eed9ccb-c818-4efe-bd8b-5f12ec338606","local_time":"20210214210329","is_ascension_mode":false,"campfire_choices":[],"circlet_count":0,"master_deck":["SpecialBullet","SpecialBullet","UniverseFragment","CherryBlossom","ParadiseLost+1","WelfareCode","BodiesMountain","CentralCode","CENSORED"],"relics":["CogitoBucket","RabbitCall","LetterFromLob","Regal Pillow","Moonlight_r","MawBank","Old Coin","Ice Cream","Philosopher\u0027s Stone","AdjustmentMirror","Lamp_r","SoundOfStar_r","Omamori","Matryoshka","Lantern","Ginger","PreservedInsect","TungstenRod","ChangeAnything","Torii","Busted Crown","FossilizedHelix","AtMidnight","Sundial","Whetstone"],"acts_visited":["Exordium","TheCity","TheBeyond"],"potions_floor_usage":[16,30,36,36,50,50,50,50],"damage_taken":[{"damage":18,"enemies":"Jaw Worm","floor":1,"turns":3},{"damage":5,"enemies":"2 Louse","floor":3,"turns":2},{"damage":6,"enemies":"Cultist","floor":8,"turns":3},{"damage":33,"enemies":"Lots of Slimes","floor":10,"turns":3},{"damage":0,"enemies":"Looter","floor":11,"turns":3},{"damage":26,"enemies":"Gremlin Nob","floor":12,"turns":6},{"damage":6,"enemies":"Hexaghost","floor":16,"turns":7},{"damage":22,"enemies":"Shell Parasite","floor":18,"turns":4},{"damage":25,"enemies":"2 Thieves","floor":19,"turns":3},{"damage":16,"enemies":"Centurion and Healer","floor":20,"turns":8},{"damage":16,"enemies":"Cultist and Chosen","floor":24,"turns":6},{"damage":4,"enemies":"Shelled Parasite and Fungi","floor":29,"turns":6},{"damage":38,"enemies":"Centurion and Healer","floor":30,"turns":4},{"damage":16,"enemies":"Gremlin Leader","floor":31,"turns":6},{"damage":6,"enemies":"Collector","floor":33,"turns":5},{"damage":27,"enemies":"3 Shapes","floor":35,"turns":4},{"damage":88,"enemies":"2 Orb Walkers","floor":36,"turns":6},{"damage":0,"enemies":"3 Darklings","floor":37,"turns":17},{"damage":67,"enemies":"Giant Head","floor":41,"turns":8},{"damage":10,"enemies":"Transient","floor":42,"turns":6},{"damage":0,"enemies":"Maw","floor":44,"turns":4},{"damage":8,"enemies":"3 Darklings","floor":46,"turns":4},{"damage":0,"enemies":"Spire Growth","floor":47,"turns":3},{"damage":20,"enemies":"Jaw Worm Horde","floor":48,"turns":4},{"damage":34,"enemies":"Time Eater","floor":50,"turns":7}],"seed_played":"-6361007230059537011","potions_obtained":[{"floor":1,"key":"AttackPotion"},{"floor":10,"key":"EssenceOfSteel"},{"floor":16,"key":"DistilledChaos"},{"floor":20,"key":"Ancient Potion"},{"floor":33,"key":"SteroidPotion"},{"floor":41,"key":"PowerPotion"},{"floor":42,"key":"SteroidPotion"}],"is_trial":false,"path_per_floor":["M","?","M","?","$","R","M","M","T","M","M","E","T","?","R","B",null,"M","M","M","$","?","R","M","$","T","R","T","M","M","E","R","B",null,"M","?","M","?","?","R","E","M","T","M","R","M","M","M","R","B",null,null],"character_chosen":"Angela","items_purchased":["Omamori","Fruit Juice","Diffraction","Matryoshka"],"campfire_rested":0,"item_purchase_floors":[21,21,21,25],"current_hp_per_floor":[60,68,70,67,67,67,26,35,35,20,38,30,30,30,30,66,70,48,42,70,70,70,70,58,68,70,70,70,70,150,150,150,150,150,141,81,150,150,150,150,83,73,73,77,77,85,93,77,77,72,72],"gold":378,"neow_bonus":"RANDOM_COLORLESS_2","is_daily":false,"chose_seed":false,"campfire_upgraded":0,"win_rate":0.0,"timestamp":1613329409,"path_taken":["M","?","M","?","$","R","M","M","T","M","M","E","?","?","R","BOSS","M","?","M","$","?","R","M","?","T","R","?","M","M","E","R","BOSS","M","?","M","?","?","R","E","?","T","M","R","M","M","M","R","BOSS"],"items_purchased_type":["Relic","Potion","Card","Relic"],"build_version":"2020-11-29","purchased_purges":2,"victory":true,"max_hp_per_floor":[70,70,70,70,70,70,70,70,70,70,70,70,70,70,70,70,70,70,70,70,70,70,70,70,70,70,70,70,70,150,150,150,150,150,150,150,150,150,150,150,150,150,150,150,150,154,154,158,158,158,158],"card_choices":[{"not_picked":["Thinking Ahead","Secret Technique"],"picked":"Metamorphosis","floor":0},{"not_picked":["Tough","Lantern"],"picked":"SKIP","floor":1},{"not_picked":["RedEyes","WristCuter"],"picked":"SKIP","floor":3},{"not_picked":["FieryBird","LaLuna"],"picked":"UniverseFragment","floor":8},{"not_picked":["Horn","FourthMatchFlame"],"picked":"SKIP","floor":8},{"not_picked":["Wingbeat"],"picked":"CherryBlossom","floor":10},{"not_picked":["Loneliness"],"picked":"ShedSkin","floor":11},{"not_picked":["QueenOfHatred","PunishingBird"],"picked":"BigBird","floor":12},{"not_picked":["Soda","Tough"],"picked":"SKIP","floor":12},{"not_picked":["QueenBee","HappyTeddy"],"picked":"BlueStar","floor":16},{"not_picked":["GoldRush"],"picked":"DaCapo","floor":16},{"not_picked":["Beak","Noise"],"picked":"SKIP","floor":18},{"not_picked":["Noise","Lantern+1"],"picked":"SKIP","floor":19},{"not_picked":["Harmony","CUTE"],"picked":"SKIP","floor":20},{"not_picked":["MagicBullet","Reverberation"],"picked":"SKIP","floor":24},{"not_picked":["GalaxyChild","VoidDream"],"picked":"Funeral","floor":29},{"not_picked":["WristCuter+1"],"picked":"Hornet+1","floor":29},{"not_picked":["Beak","CrimsonScar"],"picked":"SKIP","floor":29},{"not_picked":["RedEyes+1"],"picked":"Mimicry","floor":30},{"not_picked":["SomewhereSpear","Wingbeat"],"picked":"SKIP","floor":30},{"not_picked":["Galaxy+1","BearPaw"],"picked":"SKIP","floor":31},{"not_picked":["FourthMatchFlame","RapturousDream"],"picked":"SKIP","floor":31},{"not_picked":["NothingThere","Murderer"],"picked":"WhiteNight","floor":33},{"not_picked":["ParadiseLost"],"picked":"Adoration","floor":33},{"not_picked":["Mimicry"],"picked":"ParadiseLost","floor":33},{"not_picked":["WhitesApple","Rudolta"],"picked":"QueenOfHatred","floor":35},{"not_picked":["GalaxyChild","DreamingCurrent"],"picked":"BodiesMountain","floor":46},{"not_picked":["HappyTeddy","FairyFestival"],"picked":"CENSORED","floor":48}],"player_experience":16705,"relics_obtained":[{"floor":1,"key":"LetterFromLob"},{"floor":9,"key":"MawBank"},{"floor":12,"key":"Old Coin"},{"floor":13,"key":"Ice Cream"},{"floor":26,"key":"Lantern"},{"floor":26,"key":"Ginger"},{"floor":28,"key":"PreservedInsect"},{"floor":28,"key":"TungstenRod"},{"floor":31,"key":"Torii"},{"floor":36,"key":"FossilizedHelix"},{"floor":37,"key":"AtMidnight"},{"floor":41,"key":"Sundial"},{"floor":43,"key":"Whetstone"}],"event_choices":[{"damage_healed":0,"gold_gain":0,"player_choice":"Success","damage_taken":3,"relics_obtained":["Regal Pillow"],"max_hp_gain":0,"max_hp_loss":0,"event_name":"Scrap Ooze","floor":4,"gold_loss":0},{"damage_healed":0,"gold_gain":0,"player_choice":"Forge","damage_taken":0,"max_hp_gain":0,"max_hp_loss":0,"event_name":"Accursed Blacksmith","floor":14,"gold_loss":0,"cards_upgraded":["ShedSkin"]},{"cards_removed":["SpecialBullet"],"damage_healed":0,"gold_gain":0,"player_choice":"Elegance","damage_taken":0,"max_hp_gain":0,"max_hp_loss":0,"event_name":"Back to Basics","floor":22,"gold_loss":0},{"damage_healed":0,"gold_gain":0,"player_choice":"Fight","damage_taken":0,"max_hp_gain":0,"max_hp_loss":0,"event_name":"Mysterious Sphere","floor":36,"gold_loss":0},{"damage_healed":0,"gold_gain":0,"player_choice":"Memory 1","damage_taken":0,"max_hp_gain":0,"max_hp_loss":0,"event_name":"SensoryStone","floor":38,"gold_loss":0},{"cards_removed":["Funeral"],"damage_healed":0,"gold_gain":0,"player_choice":"Removed Skill","damage_taken":0,"max_hp_gain":0,"max_hp_loss":0,"event_name":"Falling","floor":39,"gold_loss":0}],"is_beta":false,"boss_relics":[{"not_picked":["Tiny House","Velvet Choker"],"picked":"Philosopher\u0027s Stone"},{"not_picked":["SlaversCollar","Astrolabe"],"picked":"Busted Crown"}],"items_purged_floors":[21,25],"is_endless":false,"potions_floor_spawned":[1,10,16,20,33,42,44,46],"ascension_level":0}}