{"host":"0unxf5n5bucfuoy7","time":1613261298,"event":{"mods":["Act Like it!","AlwaysNeverKeys","Aspiration","Astrologer","BaseMod","Better Altar","Better Match","Better Note","Better Sensory Stone","Better Third Choice","Better Vampires","Conspire","Custom Start","DeckTracker","Downfall","Elementarium","Friendly Minions","GifTheSpireLib","Hallownest","Hubris","Infinite Spire","Minty Spire (QoL Compilation)","Permanent Neow","Potionbrewer","Quick Restart","Random Character Button","Replay The Spire","Spikes Relics","StSLib","The Bug Knight","The Death Knight","The Exalted","The Hierophant","The Spell Scribe","Transform Curses","Virulent Crown","Wandering Minibosses"],"gold_per_floor":[119,137,137,22,22,47,47],"floor_reached":6,"language":"ENG","playtime":266,"items_purged":[],"score":46,"play_id":"19b6da40-da59-461b-99b1-acc60103d3a1","local_time":"20210213190818","is_ascension_mode":true,"campfire_choices":[],"circlet_count":0,"master_deck":["HollowMod:NailStrikeStart","HollowMod:NailStrikeStart","HollowMod:NailStrikeStart","HollowMod:NailStrikeStart","HollowMod:QuickDashStart","HollowMod:QuickDashStart","HollowMod:QuickDashStart","HollowMod:QuickDashStart","HollowMod:FocusHealStart","HollowMod:PogoStrike","HollowMod:HuntersJournal","HollowMod:HeavyBlow","HollowMod:SoulShaman"],"relics":["HollowMod:VesselMask","downfall:ExtraCursedKey","Odd Mushroom","Blue Doll","Bromod:ArcaneNullifier","Replay:Mystery Machine"],"acts_visited":["Exordium"],"potions_floor_usage":[6],"damage_taken":[{"damage":1,"enemies":"Hallownest:2_MossCreeps","floor":1,"turns":6},{"damage":3,"enemies":"Hallownest:monsterHuskWarrior","floor":2,"turns":4},{"damage":18,"enemies":"Hallownest:eliteMossKnight","floor":6,"turns":5}],"seed_played":"2484095848727866351","potions_obtained":[{"floor":1,"key":"Death Potion"},{"floor":2,"key":"Death Potion"}],"is_trial":false,"path_per_floor":["M","M","?","?","?","E"],"character_chosen":"THE_BUGKNIGHT","items_purchased":[],"campfire_rested":0,"item_purchase_floors":[],"current_hp_per_floor":[82,82,82,82,28,16,16],"gold":47,"neow_bonus":"TEN_PERCENT_HP_BONUS","is_daily":false,"chose_seed":false,"campfire_upgraded":0,"win_rate":0.0,"timestamp":1613261298,"path_taken":["M","?","?","?","?","E"],"items_purchased_type":[],"build_version":"2020-12-22","purchased_purges":0,"victory":false,"max_hp_per_floor":[82,82,82,82,82,82,82],"card_choices":[{"not_picked":["HollowMod:VengefulVoid","HollowMod:NewJinnsSoul"],"picked":"HollowMod:HuntersJournal","floor":1},{"not_picked":["HollowMod:DescendingDark","HollowMod:SiblingsSouls"],"picked":"HollowMod:HeavyBlow","floor":2},{"not_picked":["HollowMod:BlackTendrils","HollowMod:VengefulVoid"],"picked":"HollowMod:SoulShaman","floor":6}],"player_experience":127261,"relics_obtained":[{"floor":6,"key":"Replay:Mystery Machine"}],"event_choices":[],"is_beta":false,"boss_relics":[],"items_purged_floors":[],"is_endless":false,"potions_floor_spawned":[1,2],"killed_by":"Hallownest:eliteMossKnight","ascension_level":1}}