{"host":"8eqe2o2g03nh9rfw","time":1613334206,"event":{"mods":["AchievementEnabler","AlwaysNeverKeys","BaseMod","Better Third Choice","Block Reminder","Colored Map","Colored Powertips","GifTheSpireLib","Minty Spire (QoL Compilation)","Permanent Neow","Quick Restart","StSLib","Weighted Paths"],"gold_per_floor":[118,129,204,224,238,238,265,265,265,265,296,11,0,0,0,100,100,119,137,151,4,15,15,25,25,25,25,25,41,41,70,70,168,168,185,155,174,193,0,0,32,32,32,32,32],"floor_reached":44,"language":"ENG","playtime":1707,"items_purged":[],"score":516,"play_id":"740c6187-9b1e-49ec-8e75-ef67b828bfcb","local_time":"20210214152326","is_ascension_mode":false,"campfire_choices":[{"data":"Slice","floor":6,"key":"SMITH"},{"floor":8,"key":"REST"},{"floor":10,"key":"REST"},{"floor":15,"key":"REST"},{"floor":23,"key":"REST"},{"floor":25,"key":"REST"},{"floor":27,"key":"REST"},{"floor":32,"key":"REST"},{"floor":40,"key":"REST"},{"floor":42,"key":"REST"}],"circlet_count":0,"master_deck":["Strike_G","Strike_G","Strike_G","Strike_G","Strike_G","Defend_G","Defend_G","Defend_G","Defend_G","Defend_G","Survivor","Neutralize","Bane","Slice+1","Quick Slash","Outmaneuver","Tactician","Underhanded Strike","Corpse Explosion","Infinite Blades","Enlightenment","Die Die Die","CurseOfTheBell","Slice","Deflect+1","Quick Slash+1","Dash","Heel Hook","Swift Strike","Masterful Stab","Ghostly+1","Ghostly+1","Ghostly+1","Ghostly+1","Ghostly+1","Deflect+1","Adrenaline+1","Prepared+1","Blade Dance+1","Parasite"],"relics":["Ring of the Serpent","InkBottle","Shuriken","Boot","ClockworkSouvenir","Calling Bell","Happy Flower","Toxic Egg 2","Mango","Membership Card","Question Card","Dream Catcher","Red Mask","The Courier","HornCleat"],"acts_visited":["Exordium","TheCity","TheBeyond"],"potions_floor_usage":[22,33,33,33,33],"damage_taken":[{"damage":0,"enemies":"2 Louse","floor":1,"turns":4},{"damage":2,"enemies":"Cultist","floor":2,"turns":4},{"damage":3,"enemies":"Jaw Worm","floor":4,"turns":5},{"damage":3,"enemies":"Exordium Wildlife","floor":5,"turns":5},{"damage":45,"enemies":"3 Sentries","floor":7,"turns":9},{"damage":41,"enemies":"Lagavulin","floor":11,"turns":7},{"damage":28,"enemies":"Slime Boss","floor":16,"turns":8},{"damage":14,"enemies":"2 Thieves","floor":18,"turns":3},{"damage":7,"enemies":"Shell Parasite","floor":19,"turns":4},{"damage":25,"enemies":"Shelled Parasite and Fungi","floor":20,"turns":6},{"damage":33,"enemies":"Snake Plant","floor":22,"turns":5},{"damage":27,"enemies":"3 Cultists","floor":24,"turns":4},{"damage":5,"enemies":"Snecko","floor":29,"turns":4},{"damage":4,"enemies":"Book of Stabbing","floor":31,"turns":6},{"damage":58,"enemies":"Automaton","floor":33,"turns":10},{"damage":2,"enemies":"Orb Walker","floor":35,"turns":5},{"damage":3,"enemies":"3 Shapes","floor":37,"turns":4},{"damage":19,"enemies":"Jaw Worm Horde","floor":38,"turns":3},{"damage":17,"enemies":"Reptomancer","floor":41,"turns":8},{"damage":45,"enemies":"Writhing Mass","floor":44,"turns":7}],"seed_played":"-1193587231251338895","potions_obtained":[{"floor":1,"key":"Ancient Potion"},{"floor":4,"key":"FairyPotion"},{"floor":7,"key":"BlessingOfTheForge"},{"floor":11,"key":"EntropicBrew"},{"floor":18,"key":"LiquidMemories"},{"floor":20,"key":"Block Potion"},{"floor":36,"key":"Ancient Potion"},{"floor":36,"key":"SteroidPotion"},{"floor":37,"key":"DistilledChaos"},{"floor":41,"key":"Poison Potion"}],"is_trial":false,"path_per_floor":["M","M","?","M","M","R","E","R","T","R","E","$","?","$","R","B",null,"M","M","M","$","M","R","M","R","T","R","?","M","?","E","R","B",null,"M","?","M","M","?","R","E","R","T","M"],"character_chosen":"THE_SILENT","items_purchased":["Corpse Explosion","ClockworkSouvenir","Infinite Blades","Membership Card"],"campfire_rested":9,"item_purchase_floors":[12,12,12,21],"current_hp_per_floor":[77,75,68,65,62,62,17,40,40,63,22,22,28,28,52,24,97,83,76,51,51,18,47,20,49,49,78,60,55,48,44,48,7,48,46,46,43,24,24,38,21,35,35,0,0],"gold":32,"neow_bonus":"TEN_PERCENT_HP_BONUS","is_daily":false,"chose_seed":false,"campfire_upgraded":1,"win_rate":0.0,"timestamp":1613334206,"path_taken":["M","M","?","M","?","R","E","R","T","R","E","?","?","?","R","BOSS","M","M","M","$","M","R","M","R","T","R","?","?","?","E","R","BOSS","M","?","M","?","?","R","E","R","T","M"],"items_purchased_type":["Card","Relic","Card","Relic"],"build_version":"2020-12-22","purchased_purges":0,"victory":false,"max_hp_per_floor":[77,77,77,77,77,77,77,77,77,77,77,77,83,83,83,83,97,97,97,97,97,97,97,97,97,97,97,97,97,48,48,48,48,48,48,48,48,48,48,48,48,48,48,48,48],"card_choices":[{"not_picked":["Calculated Gamble","Sucker Punch"],"picked":"Bane","floor":1},{"not_picked":["Escape Plan","Quick Slash"],"picked":"Slice","floor":2},{"not_picked":["PiercingWail","Flechettes"],"picked":"Quick Slash","floor":4},{"not_picked":["Acrobatics","Dagger Throw"],"picked":"Outmaneuver","floor":5},{"not_picked":["Underhanded Strike","Well Laid Plans"],"picked":"Tactician","floor":7},{"not_picked":["Riddle With Holes","Flying Knee"],"picked":"Underhanded Strike","floor":11},{"not_picked":["Malaise","Venomology"],"picked":"Die Die Die","floor":16},{"not_picked":["PiercingWail+1","Bouncing Flask+1"],"picked":"Slice","floor":18},{"not_picked":["Sucker Punch","Flying Knee"],"picked":"Deflect+1","floor":19},{"not_picked":["Acrobatics+1","Sucker Punch"],"picked":"Quick Slash+1","floor":20},{"not_picked":["Expertise+1","Bane"],"picked":"Dash","floor":22},{"not_picked":["Quick Slash","Sucker Punch"],"picked":"Heel Hook","floor":24},{"not_picked":["Poisoned Stab","Riddle With Holes","Flechettes"],"picked":"Masterful Stab","floor":29},{"not_picked":["Slice","All Out Attack+1","Tools of the Trade","Well Laid Plans"],"picked":"SKIP","floor":31},{"not_picked":["Cloak And Dagger+1","Expertise+1","Flying Knee+1"],"picked":"Deflect+1","floor":32},{"not_picked":["Night Terror+1","Phantasmal Killer+1","After Image"],"picked":"Adrenaline+1","floor":33},{"not_picked":["Dagger Spray","Choke+1","All Out Attack+1","Backflip+1"],"picked":"SKIP","floor":35},{"not_picked":["Sucker Punch","Deadly Poison+1","Bane","Flying Knee+1"],"picked":"SKIP","floor":37},{"not_picked":["Reflex+1","Finisher","Cloak And Dagger+1"],"picked":"Prepared+1","floor":38},{"not_picked":["Deflect+1","Dodge and Roll+1","Outmaneuver+1"],"picked":"Blade Dance+1","floor":40},{"not_picked":["Outmaneuver+1","Sucker Punch+1","Caltrops","Well Laid Plans+1"],"picked":"SKIP","floor":41}],"player_experience":116751,"relics_obtained":[{"floor":7,"key":"InkBottle"},{"floor":9,"key":"Shuriken"},{"floor":11,"key":"Boot"},{"floor":17,"key":"Happy Flower"},{"floor":17,"key":"Toxic Egg 2"},{"floor":17,"key":"Mango"},{"floor":26,"key":"Question Card"},{"floor":31,"key":"Dream Catcher"},{"floor":41,"key":"The Courier"},{"floor":43,"key":"HornCleat"}],"event_choices":[{"damage_healed":0,"gold_gain":75,"player_choice":"Touch","damage_taken":7,"max_hp_gain":0,"max_hp_loss":0,"event_name":"FaceTrader","floor":3,"gold_loss":0},{"damage_healed":0,"gold_gain":0,"player_choice":"RENOUNCE","damage_taken":11,"max_hp_gain":0,"max_hp_loss":0,"event_name":"betterThird:BetterSerpent","floor":13,"gold_loss":11,"cards_obtained":["Enlightenment"]},{"damage_healed":0,"gold_gain":0,"player_choice":"POTION CARD ","damage_taken":18,"max_hp_gain":0,"max_hp_loss":0,"event_name":"Knowing Skull","floor":28,"potions_obtained":["Ancient Potion"],"gold_loss":0,"cards_obtained":["Swift Strike"]},{"damage_healed":0,"gold_gain":0,"player_choice":"Became a Ghost","damage_taken":0,"max_hp_gain":0,"max_hp_loss":49,"event_name":"Ghosts","floor":30,"gold_loss":0,"cards_obtained":["Ghostly","Ghostly","Ghostly","Ghostly","Ghostly"]},{"damage_healed":0,"gold_gain":0,"player_choice":"Bought 2 Potions","damage_taken":0,"max_hp_gain":0,"max_hp_loss":0,"event_name":"The Woman in Blue","floor":36,"gold_loss":0},{"damage_healed":0,"gold_gain":0,"player_choice":"Paid","damage_taken":0,"relics_obtained":["Red Mask"],"max_hp_gain":0,"max_hp_loss":0,"event_name":"Tomb of Lord Red Mask","floor":39,"gold_loss":193}],"is_beta":false,"boss_relics":[{"not_picked":["Snecko Eye","Busted Crown"],"picked":"Calling Bell"},{"not_picked":["Runic Dome","Sozu"],"picked":"Ring of the Serpent"}],"items_purged_floors":[],"is_endless":false,"potions_floor_spawned":[1,4,7,11,18,20,31,37,41],"killed_by":"Writhing Mass","ascension_level":0}}