{"host":"qrt7o4dq2qslzw13","time":1613304138,"event":{"mods":["AchievementEnabler","BaseMod","Colored Map","Colored Powertips","Minty Spire (QoL Compilation)","Quick Restart","StSLib","SuperFastMode"],"gold_per_floor":[118,393,403,419,12,12,30,61,61,211,57,76,76,76,76,76,76],"floor_reached":16,"language":"ENG","playtime":279,"items_purged":[],"score":200,"play_id":"90f1bab7-5bcb-46a9-aa6f-b3aaa7bcdc33","local_time":"20210214070218","is_ascension_mode":true,"campfire_choices":[{"data":"Armaments","floor":6.0,"key":"SMITH"},{"floor":15.0,"key":"REST"}],"circlet_count":0,"master_deck":["AscendersBane","Strike_R","Strike_R","Strike_R+1","Strike_R","Strike_R","Defend_R","Defend_R","Defend_R","Defend_R","Bash","Armaments+1","Regret","Twin Strike","Hemokinesis","Immolate","Inflame","Secret Technique","Rage","Sentinel","Doubt","True Grit+1","Mind Blast","Shrug It Off"],"relics":["Burning Blood","Anchor","Bag of Preparation","Darkstone Periapt"],"acts_visited":["Exordium"],"potions_floor_usage":[16,16],"damage_taken":[{"damage":8.0,"enemies":"Small Slimes","floor":1.0,"turns":4.0},{"damage":10.0,"enemies":"Cultist","floor":3.0,"turns":4.0},{"damage":14.0,"enemies":"Jaw Worm","floor":4.0,"turns":4.0},{"damage":20.0,"enemies":"Exordium Thugs","floor":7.0,"turns":3.0},{"damage":37.0,"enemies":"3 Sentries","floor":8.0,"turns":5.0},{"damage":2.0,"enemies":"Blue Slaver","floor":12.0,"turns":2.0},{"damage":39,"enemies":"The Guardian","floor":16,"turns":9}],"seed_played":"-2675494384500563511","potions_obtained":[{"floor":0.0,"key":"Fruit Juice"},{"floor":0.0,"key":"Ancient Potion"},{"floor":0.0,"key":"GamblersBrew"},{"floor":4.0,"key":"BloodPotion"},{"floor":8.0,"key":"Strength Potion"},{"floor":12.0,"key":"ElixirPotion"}],"is_trial":false,"path_per_floor":["M","?","M","M","$","R","M","E","T","?","$","M","?","T","R","B"],"character_chosen":"IRONCLAD","items_purchased":["Immolate","Inflame","Secret Technique","True Grit","Mind Blast"],"campfire_rested":1,"item_purchase_floors":[5,5,5,11,11],"current_hp_per_floor":[71,71,67,59,59,59,61,30,30,30,30,34,10,10,34,0,0],"gold":76,"neow_bonus":"THREE_SMALL_POTIONS","is_daily":false,"chose_seed":false,"campfire_upgraded":1,"win_rate":0.0,"timestamp":1613304138,"path_taken":["M","?","M","M","?","R","M","E","T","?","?","?","?","?","R","BOSS"],"items_purchased_type":["Card","Card","Card","Card","Card"],"build_version":"2020-12-22","purchased_purges":0,"victory":false,"max_hp_per_floor":[80,80,80,80,80,80,80,80,80,80,80,80,80,80,80,80,80],"card_choices":[{"not_picked":["True Grit","Headbutt"],"picked":"Armaments","floor":1.0},{"not_picked":["Warcry","Havoc"],"picked":"Twin Strike","floor":3.0},{"not_picked":["Clothesline","Pummel"],"picked":"Hemokinesis","floor":4.0},{"not_picked":["Immolate","Sword Boomerang"],"picked":"Rage","floor":7.0},{"not_picked":["Twin Strike","Warcry"],"picked":"Sentinel","floor":8.0},{"not_picked":["Feel No Pain","Sentinel"],"picked":"Shrug It Off","floor":12.0}],"player_experience":637837,"relics_obtained":[{"floor":8.0,"key":"Anchor"},{"floor":9.0,"key":"Bag of Preparation"},{"floor":14.0,"key":"Darkstone Periapt"}],"event_choices":[{"damage_healed":0.0,"max_hp_gain":0.0,"max_hp_loss":0.0,"gold_gain":275.0,"event_name":"Golden Shrine","player_choice":"Desecrate","floor":2.0,"gold_loss":0.0,"damage_taken":0.0,"cards_obtained":["Regret"]},{"damage_healed":0.0,"max_hp_gain":0.0,"max_hp_loss":0.0,"gold_gain":150.0,"event_name":"Liars Game","player_choice":"AGREE","floor":10.0,"gold_loss":0.0,"damage_taken":0.0,"cards_obtained":["Doubt"]},{"damage_healed":0.0,"max_hp_gain":0.0,"max_hp_loss":0.0,"gold_gain":0.0,"event_name":"Shining Light","player_choice":"Entered Light","floor":13.0,"gold_loss":0.0,"damage_taken":24.0,"cards_upgraded":["Strike_R","True Grit"]}],"is_beta":false,"boss_relics":[],"items_purged_floors":[],"is_endless":false,"potions_floor_spawned":[4,8,12],"killed_by":"The Guardian","ascension_level":20}}