{"host":"1ftto2vaskemldx8","time":1613334967,"event":{"mods":["BaseMod","Minty Spire (QoL Compilation)","Replay The Spire","StSLib","Together in Spire","[功能]功能增强和修复MOD"],"gold_per_floor":[115,129,3,3,23,49,49,68,68,102,4,37,8,25,25,130,0,12,32,32,51,61,61,89,89,167,198,130,87,118,130,130,235,235,252,199,199,218,233,233,267,267,267,267,228,262,205,245,245,245,245,245,163,218,218],"floor_reached":56,"language":"ZHS","playtime":5637,"items_purged":["Strike_B","Defend_B","Strike_B","Defend_B","Defend_B","Strike_B","Zap","Defend_B","Strike_B","Scrape","Gash","Gash"],"score":1490,"play_id":"80ab80cf-4e5f-4497-8b6c-101891ba465a","local_time":"20210215043607","is_ascension_mode":true,"campfire_choices":[{"floor":7.0,"key":"RECALL"},{"data":"Blizzard","floor":15,"key":"SMITH"},{"data":"Chill","floor":23,"key":"SMITH"},{"data":"Capacitor","floor":25,"key":"SMITH"},{"data":"Redo","floor":32,"key":"SMITH"},{"data":"Coolheaded","floor":40,"key":"SMITH"},{"data":"Defragment","floor":42,"key":"SMITH"},{"data":"Defragment","floor":44,"key":"SMITH"},{"data":"FIFO Queue","floor":49,"key":"SMITH"},{"data":"Barrage","floor":52,"key":"SMITH"}],"circlet_count":0,"master_deck":["Dualcast","Glacier","Blizzard+1","Master of Strategy","Redo+1","Defragment+1","Cold Snap","Defragment+1","Coolheaded","Coolheaded+1","Barrage+1","Consume","Capacitor+1","Chill+1","Defragment+1","Transmutation","Glacier","Cold Snap","Chill+1","Barrage","FIFO Queue+1","Redo+1","Blizzard","Coolheaded","Amplify","ReplayTheSpireMod:Brewmster+1"],"relics":["Philosopher\u0027s Stone","Potion Belt","Eternal Feather","Oddly Smooth Stone","Vajra","Prayer Wheel","Iron Hammer","WingedGreaves","EctoplasmExtend","Mirror","FossilizedHelix","Membership Card","ReplayFunnel","Strawberry","HandDrill","Divine Protection","Coffee Dripper","Medical Kit","Snack Pack","Lizard Tail","Ginger","Lantern","Replay:Bottled Steam","Frozen Egg 2","Toolbox","Anchor","Replay:Rubber Ducky","Replay:Antivirus Software"],"acts_visited":["Exordium","TheCity","TheBeyond","TheEnding"],"potions_floor_usage":[16,16,16,18,22,30,33,33,33,50,50,50,50,50,50,50,55,55,55,55,55,55],"damage_taken":[{"damage":0.0,"enemies":"Small Slimes","floor":1.0,"turns":2.0},{"damage":0.0,"enemies":"Cultist","floor":2.0,"turns":3.0},{"damage":4.0,"enemies":"2 Louse","floor":5.0,"turns":3.0},{"damage":17.0,"enemies":"3 Sentries","floor":6.0,"turns":15.0},{"damage":14.0,"enemies":"Red Slaver","floor":8.0,"turns":4.0},{"damage":36.0,"enemies":"Gremlin Nob","floor":10.0,"turns":5.0},{"damage":1.0,"enemies":"Lagavulin","floor":12.0,"turns":5.0},{"damage":0.0,"enemies":"Large Slime","floor":14.0,"turns":3.0},{"damage":0,"enemies":"Slime Boss","floor":16,"turns":8},{"damage":0,"enemies":"Chosen","floor":18,"turns":5},{"damage":0,"enemies":"3 Byrds","floor":19,"turns":4},{"damage":0,"enemies":"Centurion and Healer","floor":21,"turns":5},{"damage":0,"enemies":"Cultist and Chosen","floor":22,"turns":6},{"damage":0,"enemies":"Gremlin Leader","floor":24,"turns":5},{"damage":0,"enemies":"Book of Stabbing","floor":27,"turns":4},{"damage":0,"enemies":"Slavers","floor":30,"turns":3},{"damage":0,"enemies":"Sentry and Sphere","floor":31,"turns":6},{"damage":0,"enemies":"Champ","floor":33,"turns":9},{"damage":0,"enemies":"3 Darklings","floor":35,"turns":4},{"damage":0,"enemies":"Orb Walker","floor":38,"turns":5},{"damage":0,"enemies":"Transient","floor":39,"turns":5},{"damage":0,"enemies":"Nemesis","floor":41,"turns":9},{"damage":0,"enemies":"R_Hoarder","floor":46,"turns":8},{"damage":0,"enemies":"4 Shapes","floor":48,"turns":6},{"damage":0,"enemies":"Replay:Hell Engine","floor":50,"turns":8},{"damage":0,"enemies":"Shield and Spear","floor":54,"turns":9},{"damage":0,"enemies":"The Heart","floor":55,"turns":11}],"seed_played":"8129074884890228337","potions_obtained":[{"floor":1.0,"key":"Elixir"},{"floor":8.0,"key":"Ancient Potion"},{"floor":10.0,"key":"Regen Potion"},{"floor":12.0,"key":"BlessingOfTheForge"},{"floor":14.0,"key":"Strength Potion"},{"floor":16,"key":"Ancient Potion"},{"floor":16,"key":"SkillPotion"},{"floor":16,"key":"Dexterity Potion"},{"floor":19,"key":"Reflective Coating"},{"floor":21,"key":"PotionOfCapacity"},{"floor":21,"key":"ColorlessPotion"},{"floor":22,"key":"ColorlessPotion"},{"floor":24,"key":"Doom Potion"},{"floor":27,"key":"EntropicBrew"},{"floor":30,"key":"Weak Potion"},{"floor":33,"key":"PotionOfCapacity"},{"floor":41,"key":"PowerPotion"},{"floor":54,"key":"AttackPotion"}],"is_trial":false,"path_per_floor":["M","M","$","?","M","E","R","M","T","E","$","E","$","M","R","B",null,"M","M","?","M","M","R","E","R","T","E","$","$","E","M","R","B",null,"M","$","?","M","M","R","E","R","T","R","$","E","$","M","R","B",null,"R","$","E","B",null],"character_chosen":"DEFECT","items_purchased":["Gash","Master of Strategy","Potion Belt","Eternal Feather","Defragment","Cold Snap","Iron Hammer","Defragment","Membership Card","ReplayFunnel","Defragment+1","Transmutation","Glacier","Strawberry","Cold Snap","HandDrill","Medical Kit","Snack Pack","Barrage","FIFO Queue","Lantern","Blizzard","Coolheaded","Amplify","Replay:Bottled Steam","Frozen Egg 2","Toolbox","Anchor","Replay:Rubber Ducky","ReplayTheSpireMod:Brewmster+1","PotionOfCapacity","Elixir","LifebloodPotion"],"campfire_rested":0,"item_purchase_floors":[3,3,3,3,11,11,11,13,28,28,28,28,29,29,29,29,36,36,36,36,45,45,45,47,47,47,53,53,53,53,53,53,53],"current_hp_per_floor":[75,75,75,75,71,54,63,49,49,13,13,26,26,26,32,32,75,75,75,75,75,75,75,75,75,75,75,75,82,82,82,82,82,82,82,82,82,82,82,82,82,82,82,82,82,82,82,82,82,82,82,82,82,82,82],"gold":218,"neow_bonus":"BOSS_RELIC","is_daily":false,"chose_seed":false,"campfire_upgraded":9,"win_rate":0.0,"timestamp":1613334967,"path_taken":["M","M","$","?","?","E","R","M","T","E","?","E","$","M","R","BOSS","M","?","?","M","?","R","E","R","T","E","$","$","E","M","R","BOSS","M","$","?","M","M","R","E","R","T","R","$","E","$","M","R","BOSS","R","$","E","BOSS"],"items_purchased_type":["Card","Card","Relic","Relic","Card","Card","Relic","Card","Relic","Relic","Card","Card","Card","Relic","Card","Relic","Relic","Relic","Card","Card","Relic","Card","Card","Card","Relic","Relic","Relic","Relic","Relic","Card","Potion","Potion","Potion"],"build_version":"2020-12-22","purchased_purges":12,"victory":true,"max_hp_per_floor":[75,75,75,75,75,75,75,75,75,75,75,75,75,75,75,75,75,75,75,75,75,75,75,75,75,75,75,75,82,82,82,82,82,82,82,82,82,82,82,82,82,82,82,82,82,82,82,82,82,82,82,82,82,82,82],"card_choices":[{"not_picked":["Blizzard","BasicCrystalCard"],"picked":"Glacier","floor":1.0},{"not_picked":["Panic Button","Rebound"],"picked":"Blizzard","floor":2.0},{"not_picked":["Leap","Rebound"],"picked":"Steam","floor":5.0},{"not_picked":["Steam","Barrage"],"picked":"Scrape","floor":6.0},{"not_picked":["ReplayTheSpireMod:Calculation Training","Double Energy"],"picked":"Redo","floor":8.0},{"not_picked":["BasicCrystalCard","Fission"],"picked":"Gash","floor":10.0},{"not_picked":["Leap","ReplayGash","Electrodynamics"],"picked":"SKIP","floor":12.0},{"not_picked":["Turbo","Rebound"],"picked":"Coolheaded","floor":14.0},{"not_picked":["FTL","Rebound","Hologram"],"picked":"SKIP","floor":14.0},{"not_picked":["Redo","BootSequence"],"picked":"Coolheaded","floor":18},{"not_picked":["Chaos","Go for the Eyes","Scrape"],"picked":"SKIP","floor":18},{"not_picked":["Streamline","BasicCrystalCard+1"],"picked":"Barrage","floor":19},{"not_picked":["Turbo","Beam Cell+1","Genetic Algorithm"],"picked":"SKIP","floor":19},{"not_picked":["Glacier","Panic Button+1"],"picked":"Capacitor","floor":21},{"not_picked":["Panic Button","Rebound+1","Fusion"],"picked":"SKIP","floor":21},{"not_picked":["ReplayGash+1","Go for the Eyes"],"picked":"Chill","floor":22},{"not_picked":["Coolheaded","Steam","Rainbow"],"picked":"SKIP","floor":22},{"not_picked":["Go for the Eyes+1","Scrape+1","Doom and Gloom"],"picked":"SKIP","floor":24},{"not_picked":["Reinforced Body","Redo","BasicCrystalCard"],"picked":"SKIP","floor":27},{"not_picked":["Force Field","Steam","BasicCrystalCard"],"picked":"SKIP","floor":30},{"not_picked":["Hologram","Static Discharge","Hello World"],"picked":"SKIP","floor":31},{"not_picked":["Crystallizer","Redo","Tempest+1"],"picked":"SKIP","floor":31},{"not_picked":["ReplayTheSpireMod:Reroute Power","Barrage"],"picked":"Chill+1","floor":35},{"not_picked":["Panic Button+1","Streamline","FTL"],"picked":"SKIP","floor":35},{"not_picked":["Lockon","Hologram"],"picked":"Redo+1","floor":38},{"not_picked":["Redo+1","Reinforced Body+1","Lockon"],"picked":"SKIP","floor":38},{"not_picked":["Scrape","Leap+1","Double Energy+1"],"picked":"SKIP","floor":39},{"not_picked":["Cold Snap","Tempest+1","Reinforced Body+1"],"picked":"SKIP","floor":39},{"not_picked":["Rebound","Stack+1","Conserve Battery"],"picked":"SKIP","floor":41},{"not_picked":["Rebound+1","Double Energy+1","Panic Button+1"],"picked":"SKIP","floor":46},{"not_picked":["Sunder","BasicCrystalCard+1","Go for the Eyes+1"],"picked":"SKIP","floor":48},{"not_picked":["Rainbow","Cold Snap+1","Heatsinks+1"],"picked":"SKIP","floor":48},{"not_picked":["Conserve Battery+1","Cold Snap+1","Gash+1"],"picked":"SKIP","floor":54}],"player_experience":99928,"relics_obtained":[{"floor":6.0,"key":"Vajra"},{"floor":10.0,"key":"Prayer Wheel"},{"floor":12.0,"key":"WingedGreaves"},{"floor":24,"key":"Mirror"},{"floor":27,"key":"FossilizedHelix"},{"floor":30,"key":"Divine Protection"},{"floor":41,"key":"Lizard Tail"},{"floor":43,"key":"Ginger"},{"floor":54,"key":"Replay:Antivirus Software"}],"event_choices":[{"damage_healed":0.0,"max_hp_gain":0.0,"max_hp_loss":0.0,"gold_gain":0.0,"event_name":"WeMeetAgain","player_choice":"Gave Potion","floor":4.0,"gold_loss":0.0,"damage_taken":0.0,"relics_obtained":["Oddly Smooth Stone"]},{"damage_healed":0,"gold_gain":0,"cards_transformed":["Steam"],"player_choice":"Transformed","damage_taken":0,"max_hp_gain":0,"max_hp_loss":0,"event_name":"Transmorgrifier","floor":20,"gold_loss":0,"cards_obtained":["Consume"]},{"damage_healed":0,"gold_gain":0,"player_choice":"Ignored","damage_taken":0,"max_hp_gain":0,"max_hp_loss":0,"event_name":"Tomb of Lord Red Mask","floor":37,"gold_loss":0}],"is_beta":false,"boss_relics":[{"not_picked":["Ring of Chaos","Snecko Eye"],"picked":"EctoplasmExtend"},{"not_picked":["Replay:Bronze Core","Velvet Choker"],"picked":"Coffee Dripper"}],"items_purged_floors":[11,11,11,11,11,11,13,13,13,45,45,45],"is_endless":false,"potions_floor_spawned":[1,8,10,12,14,16,16,16,19,21,21,21,22,24,27,30,33,35,39,39,41,41,46,46,48,54],"ascension_level":1}}