{"host":"ctlqibkg0sskiu65","time":1613325069,"event":{"mods":["AchievementEnabler","Aspiration","Astrologer","BaseMod","Better Third Choice","BetterRewards","Colored Map","Colored Powertips","Conspire","Curses Come First","Fiend Mod","Infinite Spire","Minty Spire (QoL Compilation)","Potionbrewer","Quick Restart","Reliquary","Replay The Spire","Robot Space Explorer","Shade Mod","Shop Mod","StSLib","The Blackbeard","The Bladedancer","The Cursed","The Death Knight","The Hierophant","The Jungle","The Kombatant","The Necromancer","The Poker Player","The Servant 0.9.4","TheBandit","Wide Potions","thorton"],"gold_per_floor":[119,44,57,75,25,25,43,43,43,43,43,29,42,77,77,151,151,165,18,18,32,32,32,51,51,131,147,181,231,250,263,263,263,263],"floor_reached":33,"language":"ENG","playtime":1203,"items_purged":["Defend_G","Strike_G","Defend_G"],"score":784,"play_id":"a9850d7b-97aa-4621-b51f-949f70af6c9f","local_time":"20210214115109","is_ascension_mode":true,"campfire_choices":[{"data":"Blade Dance","floor":6,"key":"SMITH"},{"data":"Terror","floor":8,"key":"SMITH"},{"floor":15,"key":"REST"},{"data":"Cloak And Dagger","floor":23,"key":"SMITH"},{"data":"Dagger Spray","floor":25,"key":"SMITH"},{"data":"A Thousand Cuts","floor":32,"key":"SMITH"}],"circlet_count":0,"master_deck":["AscendersBane","Strike_G","Strike_G","Strike_G","Defend_G+1","Defend_G","Defend_G+1","Survivor","Neutralize+1","Deflect","Deflect","All Out Attack","Terror+1","Blade Dance+1","Dagger Spray+1","conspire:NecroticWound","PiercingWail","Cloak And Dagger+1","Blade Dance+1","Backflip+1","A Thousand Cuts+1"],"relics":["Ring of the Snake","Membership Card","StoneCalendar","Lantern","Incense Burner","potionbrewer:ToyAutogyro","ReplayTheSpireMod:CursedCoin","Simple Rune","reliquary:PorcupineQuills","Sundial","conspire:SpecialSausage","Pen Nib","Replay:Bottled Flurry","infinitespire:BottledMercury"],"acts_visited":["Exordium","TheCity"],"potions_floor_usage":[21,28],"damage_taken":[{"damage":4,"enemies":"Small Slimes","floor":1,"turns":4},{"damage":2,"enemies":"2 Louse","floor":3,"turns":3},{"damage":3,"enemies":"Jaw Worm","floor":4,"turns":3},{"damage":0,"enemies":"Blue Slaver","floor":7,"turns":3},{"damage":0,"enemies":"3 Louse","floor":13,"turns":2},{"damage":27,"enemies":"Lagavulin","floor":14,"turns":7},{"damage":22,"enemies":"The Guardian","floor":16,"turns":11},{"damage":0,"enemies":"Chosen","floor":18,"turns":3},{"damage":0,"enemies":"3 Byrds","floor":21,"turns":4},{"damage":0,"enemies":"Shelled Parasite and Fungi","floor":24,"turns":2},{"damage":0,"enemies":"Chosen and Byrds","floor":27,"turns":2},{"damage":0,"enemies":"Slavers","floor":28,"turns":4},{"damage":7,"enemies":"Snecko","floor":30,"turns":4},{"damage":5,"enemies":"Sentry and Sphere","floor":31,"turns":5},{"damage":74,"enemies":"Automaton","floor":33,"turns":6}],"seed_played":"-6455274553901800132","potions_obtained":[{"floor":1,"key":"Reflective Coating"},{"floor":16,"key":"Explosive Potion"},{"floor":21,"key":"Weak Potion"},{"floor":27,"key":"Fire Potion"}],"is_trial":false,"path_per_floor":["M","?","M","M","$","R","M","R","T","?","T","$","M","E","R","B",null,"M","$","?","M","?","R","M","R","T","M","E","?","M","M","R","B"],"character_chosen":"THE_SILENT","items_purchased":["Membership Card","Lantern","Deflect","ReplayTheSpireMod:CursedCoin","Simple Rune","reliquary:PorcupineQuills","Pen Nib"],"campfire_rested":1,"item_purchase_floors":[0,0,0,12,12,12,19],"current_hp_per_floor":[55,55,53,50,50,50,50,50,50,50,50,50,50,23,42,20,55,55,55,55,55,55,55,55,55,55,55,55,55,48,43,43,0,0],"gold":263,"neow_bonus":"","is_daily":false,"chose_seed":false,"campfire_upgraded":5,"win_rate":0.0,"timestamp":1613325069,"path_taken":["M","?","M","M","$","R","M","R","T","?","?","?","M","E","R","BOSS","M","$","?","?","?","R","M","R","T","M","E","?","M","M","R","BOSS"],"items_purchased_type":["Relic","Relic","Card","Relic","Relic","Relic","Relic"],"build_version":"2020-12-22","purchased_purges":3,"victory":false,"max_hp_per_floor":[66,66,66,66,66,66,66,66,66,66,66,66,66,66,66,66,66,66,66,66,66,66,66,66,66,66,66,66,66,66,66,66,66,66],"card_choices":[{"not_picked":["Backflip","Poisoned Stab"],"picked":"All Out Attack","floor":1},{"not_picked":["Fluid Movement","Dodge and Roll"],"picked":"Terror","floor":3},{"not_picked":["conspire:PoisonWeapons","Prepared"],"picked":"Blade Dance","floor":4},{"not_picked":["Bouncing Flask","Finisher"],"picked":"Dagger Spray","floor":7},{"not_picked":["Expertise","Acrobatics"],"picked":"PiercingWail","floor":13},{"not_picked":["Footwork","All Out Attack"],"picked":"Cloak And Dagger","floor":14},{"not_picked":["Dodge and Roll","Prepared","Outmaneuver"],"picked":"SKIP","floor":18},{"not_picked":["Deadly Poison","Catalyst","Backflip"],"picked":"SKIP","floor":21},{"not_picked":["PiercingWail","Catalyst"],"picked":"Backflip+1","floor":24},{"not_picked":["PiercingWail+1","Dash","Quick Slash"],"picked":"SKIP","floor":27},{"not_picked":["ReplayTheSpireMod:Exploit Weakness","Outmaneuver","PiercingWail"],"picked":"SKIP","floor":28},{"not_picked":["Sucker Punch","ReplayTheSpireMod:The Works"],"picked":"A Thousand Cuts","floor":30},{"not_picked":["Acrobatics","Choke","Underhanded Strike"],"picked":"SKIP","floor":31}],"player_experience":303537,"relics_obtained":[{"floor":9,"key":"Incense Burner"},{"floor":11,"key":"potionbrewer:ToyAutogyro"},{"floor":14,"key":"Sundial"},{"floor":26,"key":"Replay:Bottled Flurry"},{"floor":28,"key":"infinitespire:BottledMercury"}],"event_choices":[{"cards_removed":["Strike_G"],"damage_healed":0,"gold_gain":0,"player_choice":"Card Removal","damage_taken":0,"max_hp_gain":0,"max_hp_loss":0,"event_name":"The Cleric","floor":2,"gold_loss":75},{"damage_healed":0,"gold_gain":0,"player_choice":"Copied","damage_taken":0,"max_hp_gain":0,"max_hp_loss":0,"event_name":"Duplicator","floor":20,"gold_loss":0,"cards_obtained":["Blade Dance"]},{"damage_healed":0,"gold_gain":0,"player_choice":"Ignored","damage_taken":0,"max_hp_gain":0,"max_hp_loss":0,"event_name":"Vampires","floor":22,"gold_loss":0},{"damage_healed":0,"gold_gain":50,"player_choice":"Steal","damage_taken":0,"max_hp_gain":0,"max_hp_loss":0,"event_name":"betterThird:BetterNest","floor":29,"gold_loss":0}],"is_beta":false,"boss_relics":[{"not_picked":["conspire:SlowCooker","aspiration:RitualDagger"],"picked":"conspire:SpecialSausage"}],"items_purged_floors":[0,5,19],"is_endless":false,"potions_floor_spawned":[1,16,21,27],"killed_by":"Automaton","ascension_level":20}}