{"host":"rc0y5s0pznrxft0n","time":1613263593,"event":{"mods":["BaseMod","Hermit","Minty Spire (QoL Compilation)","StSLib"],"gold_per_floor":[114,114,135,155,181,181,220,220,220,248,284,311,311,331,331,444,444,467,258,274,17,17,47,47,87,111,111,111],"floor_reached":27,"language":"ENG","playtime":1297,"items_purged":["Strike_R","Strike_R"],"score":368,"play_id":"092cd7ff-869e-4e51-877d-a53140e87771","local_time":"20210213194633","is_ascension_mode":true,"campfire_choices":[{"data":"Bash","floor":6,"key":"SMITH"},{"data":"True Grit","floor":15,"key":"SMITH"},{"data":"Armaments","floor":24,"key":"SMITH"}],"circlet_count":0,"master_deck":["Strike_R","Strike_R","Defend_R","Defend_R+1","Defend_R","Defend_R","Bash+1","Wild Strike","Headbutt","Thunderclap","Cleave+1","Inflame","True Grit+1","Iron Wave","Iron Wave","Demon Form","Sword Boomerang+1","Armaments+1","Panacea","Shrug It Off"],"relics":["Burning Blood","Regal Pillow","CeramicFish","Self Forming Clay","Meat on the Bone","Tiny Chest","SacredBark","Membership Card","Gremlin Horn","Paper Frog","The Courier","Happy Flower"],"acts_visited":["Exordium","TheCity"],"potions_floor_usage":[11,12,16,16,23,25,27],"damage_taken":[{"damage":2,"enemies":"Jaw Worm","floor":1,"turns":3},{"damage":0,"enemies":"Small Slimes","floor":3,"turns":3},{"damage":8,"enemies":"2 Louse","floor":4,"turns":3},{"damage":9,"enemies":"Blue Slaver","floor":5,"turns":4},{"damage":40,"enemies":"3 Sentries","floor":7,"turns":7},{"damage":0,"enemies":"2 Fungi Beasts","floor":10,"turns":2},{"damage":37,"enemies":"Lagavulin","floor":11,"turns":6},{"damage":2,"enemies":"Exordium Wildlife","floor":12,"turns":3},{"damage":15,"enemies":"Red Slaver","floor":14,"turns":3},{"damage":34,"enemies":"Hexaghost","floor":16,"turns":9},{"damage":34,"enemies":"2 Thieves","floor":18,"turns":5},{"damage":20,"enemies":"Chosen","floor":20,"turns":5},{"damage":38,"enemies":"Book of Stabbing","floor":23,"turns":5},{"damage":51,"enemies":"Gremlin Leader","floor":25,"turns":8},{"damage":57,"enemies":"Book of Stabbing","floor":27,"turns":5}],"seed_played":"-945025418858601980","potions_obtained":[{"floor":3,"key":"FairyPotion"},{"floor":7,"key":"LiquidMemories"},{"floor":10,"key":"Energy Potion"},{"floor":11,"key":"FearPotion"},{"floor":12,"key":"DuplicationPotion"},{"floor":18,"key":"BloodPotion"},{"floor":23,"key":"Block Potion"}],"is_trial":false,"path_per_floor":["M","?","M","M","M","R","E","?","T","M","E","M","?","M","R","B",null,"M","$","M","$","?","E","R","E","T","E"],"character_chosen":"IRONCLAD","items_purchased":["Membership Card","BlessingOfTheForge","Gremlin Horn","Armaments","Panacea","AttackPotion"],"campfire_rested":0,"item_purchase_floors":[19,19,21,21,21,21],"current_hp_per_floor":[76,58,64,62,59,59,25,9,9,27,42,58,51,54,54,38,70,54,54,52,52,78,58,58,25,25,0,0],"gold":111,"neow_bonus":"RANDOM_COMMON_RELIC","is_daily":false,"chose_seed":false,"campfire_upgraded":3,"win_rate":0.0,"timestamp":1613263593,"path_taken":["M","?","M","M","M","R","E","?","T","M","E","M","?","M","R","BOSS","M","$","M","$","?","E","R","E","T","E"],"items_purchased_type":["Relic","Potion","Relic","Card","Card","Potion"],"build_version":"2020-12-22","purchased_purges":2,"victory":false,"max_hp_per_floor":[80,80,80,80,80,80,80,80,80,80,80,80,80,80,80,80,80,80,80,80,80,80,80,80,80,80,80,80],"card_choices":[{"not_picked":["Armaments","Reckless Charge"],"picked":"Wild Strike","floor":1},{"not_picked":["Anger","Clash"],"picked":"Headbutt","floor":3},{"not_picked":["Twin Strike","Reckless Charge"],"picked":"Thunderclap","floor":4},{"not_picked":["Sever Soul","Limit Break"],"picked":"Cleave","floor":5},{"not_picked":["Shockwave","Dropkick"],"picked":"Inflame","floor":7},{"not_picked":["Havoc","Anger"],"picked":"True Grit","floor":10},{"not_picked":["Seeing Red","Wild Strike"],"picked":"Iron Wave","floor":11},{"not_picked":["Dropkick","Bloodletting"],"picked":"Iron Wave","floor":12},{"not_picked":["Warcry","Flex","Cleave"],"picked":"SKIP","floor":14},{"not_picked":["Bludgeon","Reaper"],"picked":"Demon Form","floor":16},{"not_picked":["Rampage","Whirlwind+1"],"picked":"Sword Boomerang+1","floor":18},{"not_picked":["Wild Strike","Searing Blow","Rupture+1"],"picked":"SKIP","floor":20},{"not_picked":["Havoc+1","Headbutt+1","Rupture"],"picked":"SKIP","floor":23},{"not_picked":["True Grit","Armaments"],"picked":"Shrug It Off","floor":25}],"player_experience":723223,"relics_obtained":[{"floor":7,"key":"Self Forming Clay"},{"floor":9,"key":"Meat on the Bone"},{"floor":11,"key":"Tiny Chest"},{"floor":23,"key":"Paper Frog"},{"floor":25,"key":"The Courier"},{"floor":26,"key":"Happy Flower"}],"event_choices":[{"damage_healed":0,"gold_gain":0,"player_choice":"Success","damage_taken":18,"relics_obtained":["CeramicFish"],"max_hp_gain":0,"max_hp_loss":0,"event_name":"Scrap Ooze","floor":2,"gold_loss":0},{"damage_healed":0,"gold_gain":0,"player_choice":"Entered Light","damage_taken":16,"max_hp_gain":0,"max_hp_loss":0,"event_name":"Shining Light","floor":8,"gold_loss":0,"cards_upgraded":["Defend_R","Cleave"]},{"cards_removed":["Strike_R"],"damage_healed":0,"gold_gain":0,"player_choice":"Card Removal","damage_taken":7,"max_hp_gain":0,"max_hp_loss":0,"event_name":"Golden Wing","floor":13,"gold_loss":0},{"damage_healed":26,"gold_gain":0,"player_choice":"Heal","damage_taken":0,"max_hp_gain":0,"max_hp_loss":0,"event_name":"The Library","floor":22,"gold_loss":0}],"is_beta":false,"boss_relics":[{"not_picked":["Coffee Dripper","Astrolabe"],"picked":"SacredBark"}],"items_purged_floors":[19,21],"is_endless":false,"potions_floor_spawned":[3,7,10,11,12,18,23],"killed_by":"Book of Stabbing","ascension_level":8}}