{"host":"m4pe905ae9bldoe7","time":1613263216,"event":{"mods":["BaseMod","Bestiary","Block Reminder","Downfall","Minty Spire (QoL Compilation)","StSLib"],"gold_per_floor":[112,122,141,15,35,35,35,135,135,135,135,151,151,151,1,1,1,96,96,116,139,139,139,89,133,147,147,216,216,216,52,75,100,120,120,120,211,211,235,1234,781,799,799,799,858,743,743,743,756,756,776,776,776,776],"floor_reached":55,"language":"ENG","playtime":1494,"items_purged":["Defend_R","Pain","Normality","Normality"],"score":1444,"play_id":"d01fa23d-cb2b-4645-a514-cc3360732a9a","local_time":"20210214014016","is_ascension_mode":true,"campfire_choices":[{"data":"Dual Wield","floor":6.0,"key":"SMITH"},{"floor":11.0,"key":"REST"},{"data":"Disarm","floor":13.0,"key":"SMITH"},{"data":"Perfected Strike","floor":16.0,"key":"SMITH"},{"data":"Perfected Strike","floor":17.0,"key":"SMITH"},{"floor":27.0,"key":"REST"},{"data":"Heavy Blade","floor":30.0,"key":"SMITH"},{"floor":35.0,"key":"REST"},{"data":"Spot Weakness","floor":36.0,"key":"SMITH"},{"data":"Limit Break","floor":44.0,"key":"SMITH"},{"data":"Double Tap","floor":48.0,"key":"SMITH"},{"floor":50,"key":"REST"},{"data":"Battle Trance","floor":53,"key":"SMITH"}],"circlet_count":0,"master_deck":["AscendersBane","Strike_R","Strike_R","Strike_R","Strike_R","Strike_R","Defend_R","Defend_R","Defend_R","Bash+1","Fire Breathing","Perfected Strike+1","Dual Wield+1","Perfected Strike+1","Thunderclap+1","downfall:Haunted","downfall:Haunted","Impervious","Doubt","downfall:Bewildered","Disarm+1","Injury","Twin Strike","Immolate","Feel No Pain+1","Spot Weakness+1","Heavy Blade+1","Double Tap+1","Sword Boomerang","Battle Trance+1","Flex","Limit Break+1","Heavy Blade+1","Twin Strike","Second Wind","Twin Strike","Infernal Blade+1"],"relics":["Burning Blood","NeowsBlessing","Du-Vu Doll","HornCleat","Question Card","Golden Idol","Runic Cube","Torii","Pear","WingedGreaves","Strange Spoon","Membership Card","Juzu Bracelet","Ancient Tea Set","CaptainsWheel","Calipers"],"acts_visited":["Exordium","TheCity","TheBeyond"],"potions_floor_usage":[49,51,54],"damage_taken":[{"damage":0.0,"enemies":"Cultist","floor":1.0,"turns":1.0},{"damage":0.0,"enemies":"Jaw Worm","floor":2.0,"turns":1.0},{"damage":0.0,"enemies":"2 Louse","floor":3.0,"turns":2.0},{"damage":16.0,"enemies":"Blue Slaver","floor":5.0,"turns":3.0},{"damage":14.0,"enemies":"3 Louse","floor":12.0,"turns":2.0},{"damage":36.0,"enemies":"The Guardian","floor":18.0,"turns":7.0},{"damage":22.0,"enemies":"2 Thieves","floor":20.0,"turns":3.0},{"damage":0.0,"enemies":"Chosen","floor":21.0,"turns":3.0},{"damage":37.0,"enemies":"Book of Stabbing","floor":25.0,"turns":4.0},{"damage":23.0,"enemies":"Centurion and Healer","floor":26.0,"turns":2.0},{"damage":0.0,"enemies":"Cultist and Chosen","floor":32.0,"turns":3.0},{"damage":0.0,"enemies":"Snecko","floor":33.0,"turns":2.0},{"damage":14.0,"enemies":"Centurion and Healer","floor":34.0,"turns":3.0},{"damage":76.0,"enemies":"Automaton","floor":37.0,"turns":8.0},{"damage":12.0,"enemies":"Orb Walker","floor":39.0,"turns":3.0},{"damage":0.0,"enemies":"3 Darklings","floor":42.0,"turns":3.0},{"damage":44.0,"enemies":"2 Orb Walkers","floor":45.0,"turns":4.0},{"damage":35,"enemies":"Transient","floor":49,"turns":6},{"damage":13,"enemies":"Jaw Worm Horde","floor":51,"turns":3},{"damage":47,"enemies":"Donu and Deca","floor":54,"turns":7}],"seed_played":"-8756265844724730041","potions_obtained":[{"floor":1.0,"key":"GamblersBrew"},{"floor":2.0,"key":"ColorlessPotion"},{"floor":18.0,"key":"AttackPotion"},{"floor":26.0,"key":"Regen Potion"},{"floor":32.0,"key":"PowerPotion"},{"floor":39.0,"key":"BloodPotion"},{"floor":45.0,"key":"LiquidBronze"},{"floor":49,"key":"ColorlessPotion"}],"is_trial":false,"path_per_floor":["M","M","M","$","M","R","?","?","T","T","R","M","R","?","$","R","R","B",null,"M","M","?","T","?","E","M","R","T","T","R","$","M","M","M","R","R","B",null,"M","?","$","M","?","R","?","$","T","R","M","R","M","?","R","B",null],"character_chosen":"IRONCLAD","items_purchased":["Perfected Strike","Twin Strike","Strange Spoon","Membership Card","Juzu Bracelet","Ancient Tea Set","Twin Strike","Second Wind","DuplicationPotion"],"campfire_rested":4,"item_purchase_floors":[4,15,31,41,41,41,41,41,46],"current_hp_per_floor":[74,75,75,75,65,65,42,47,47,47,71,63,63,63,63,63,63,33,68,52,58,58,58,58,27,10,34,44,44,44,44,59,65,57,84,84,14,71,65,65,65,71,71,71,51,51,51,51,22,49,42,74,74,33],"gold":776,"neow_bonus":"THREE_ENEMY_KILL","is_daily":false,"chose_seed":false,"campfire_upgraded":9,"win_rate":0.0,"timestamp":1613263216,"path_taken":["M","M","?","?","?","R","?","?","T","T","R","M","R","?","?","R","R","BOSS","M","M","?","?","?","E","M","R","T","T","R","$","M","?","M","R","R","BOSS","M","?","$","M","?","R","?","$","T","R","M","R","M","?","R","BOSS"],"items_purchased_type":["Card","Card","Relic","Relic","Relic","Relic","Card","Card","Potion"],"build_version":"2020-12-22","purchased_purges":4,"victory":true,"max_hp_per_floor":[75,75,75,75,75,75,75,80,80,80,80,80,80,80,80,80,80,80,80,80,80,80,80,80,80,80,80,90,90,90,90,90,90,90,90,90,90,90,90,90,90,90,90,90,90,90,90,90,90,90,90,74,74,74],"card_choices":[{"not_picked":["Sentinel","Second Wind"],"picked":"Fire Breathing","floor":1.0},{"not_picked":["Sword Boomerang","Clash"],"picked":"Perfected Strike","floor":2.0},{"not_picked":["Shrug It Off","Perfected Strike"],"picked":"Dual Wield","floor":3.0},{"not_picked":["Warcry","Intimidate"],"picked":"Thunderclap","floor":5.0},{"not_picked":["Dark Embrace","Corruption","Cleave"],"picked":"Disarm","floor":12.0},{"not_picked":["Juggernaut","Demon Form","Fiend Fire"],"picked":"Immolate","floor":18.0},{"not_picked":["Anger","Carnage","Armaments"],"picked":"Feel No Pain+1","floor":20.0},{"not_picked":["Cleave","Clash","Twin Strike"],"picked":"Spot Weakness","floor":21.0},{"not_picked":["Combust","Blood for Blood","Infernal Blade"],"picked":"Double Tap","floor":25.0},{"not_picked":["Havoc","Whirlwind","Battle Trance"],"picked":"Sword Boomerang","floor":26.0},{"not_picked":["Pommel Strike","Uppercut","Cleave"],"picked":"Battle Trance","floor":32.0},{"not_picked":["Body Slam","Wild Strike+1","Hemokinesis+1"],"picked":"Flex","floor":33.0},{"not_picked":["Anger","Body Slam","Shrug It Off","Iron Wave"],"picked":"SKIP","floor":34.0},{"not_picked":["Juggernaut","Feed","Offering"],"picked":"Limit Break","floor":37.0},{"not_picked":["Iron Wave","Shockwave","Disarm+1"],"picked":"Heavy Blade+1","floor":39.0},{"not_picked":["Bloodletting","Reckless Charge","Sentinel"],"picked":"Twin Strike","floor":42.0},{"not_picked":["Havoc","Thunderclap","Cleave"],"picked":"Infernal Blade+1","floor":49},{"not_picked":["Clothesline+1","Hemokinesis","Pommel Strike","Burning Pact"],"picked":"SKIP","floor":51}],"player_experience":605295,"relics_obtained":[{"floor":9.0,"key":"HornCleat"},{"floor":10.0,"key":"Question Card"},{"floor":25.0,"key":"Torii"},{"floor":28.0,"key":"Pear"},{"floor":29.0,"key":"WingedGreaves"},{"floor":45.0,"key":"CaptainsWheel"},{"floor":47.0,"key":"Calipers"}],"event_choices":[{"damage_healed":0.0,"max_hp_gain":0.0,"max_hp_loss":0.0,"gold_gain":0.0,"event_name":"Shining Light","player_choice":"Entered Light","floor":7.0,"gold_loss":0.0,"damage_taken":23.0,"cards_upgraded":["Bash","Thunderclap"]},{"damage_healed":0.0,"max_hp_gain":0.0,"max_hp_loss":0.0,"gold_gain":0.0,"event_name":"Golden Idol","player_choice":"Take Wound","floor":14.0,"gold_loss":0.0,"damage_taken":0.0,"relics_obtained":["Golden Idol"],"cards_obtained":["Injury"]},{"damage_healed":0.0,"max_hp_gain":0.0,"max_hp_loss":0.0,"gold_gain":0.0,"event_name":"The Library","player_choice":"Read","floor":22.0,"gold_loss":0.0,"damage_taken":0.0,"cards_obtained":["Heavy Blade"]},{"damage_healed":0.0,"max_hp_gain":0.0,"max_hp_loss":0.0,"gold_gain":0.0,"event_name":"The Joust","player_choice":"Bet on Murderer","floor":24.0,"gold_loss":50.0,"damage_taken":0.0},{"damage_healed":0.0,"max_hp_gain":0.0,"max_hp_loss":0.0,"gold_gain":999.0,"event_name":"MindBloom","player_choice":"Gold","floor":40.0,"gold_loss":0.0,"damage_taken":0.0,"cards_obtained":["Normality","Normality"]},{"damage_healed":0.0,"max_hp_gain":0.0,"max_hp_loss":0.0,"gold_gain":0.0,"event_name":"Tomb of Lord Red Mask","player_choice":"Ignored","floor":43.0,"gold_loss":0.0,"damage_taken":0.0},{"damage_healed":0.0,"max_hp_gain":0.0,"max_hp_loss":0.0,"gold_gain":0.0,"event_name":"Mysterious Sphere","player_choice":"Fight","floor":45.0,"gold_loss":0.0,"damage_taken":0.0},{"damage_healed":74,"gold_gain":0,"player_choice":"Heal","damage_taken":0,"max_hp_gain":0,"max_hp_loss":16,"event_name":"The Moai Head","floor":52,"gold_loss":0}],"is_beta":false,"boss_relics":[{"not_picked":["Fusion Hammer","Runic Dome"],"picked":"Runic Cube"},{"not_picked":["Philosopher\u0027s Stone","Coffee Dripper","Astrolabe"]}],"items_purged_floors":[4,15,41,46],"is_endless":false,"potions_floor_spawned":[1,2,18,26,32,34,39,45,49],"ascension_level":19}}