{"host":"1poy056mauca3bbh","time":1613275824,"event":{"mods":["Ascension Unlocker","BaseMod","Bestiary","Block Reminder","Colored Map","Colored Powertips","Curses Come First","Highlight Path","Minty Spire (QoL Compilation)","Permanent Neow","Quick Restart","Rare Cards Sparkle","Relic Stats","Smile Girya","StSLib","UnlockEverythingMod"],"gold_per_floor":[118,118,118,133,153,2,2,2,2,2,28,28,28,28,28,102,102,120,64,114,31,31,31,46,46,114,114,128,128,128,128,128],"floor_reached":31,"language":"ENG","playtime":1169,"items_purged":["Regret"],"score":504,"play_id":"7d7462a5-8749-46d8-a4d0-599209bf2a8f","local_time":"20210213231024","is_ascension_mode":true,"campfire_choices":[{"data":"Noxious Fumes","floor":7.0,"key":"SMITH"},{"data":"Caltrops","floor":8.0,"key":"SMITH"},{"data":"A Thousand Cuts","floor":10.0,"key":"SMITH"},{"data":"Leg Sweep","floor":12.0,"key":"SMITH"},{"data":"Survivor","floor":15.0,"key":"SMITH"},{"data":"Calculated Gamble","floor":23.0,"key":"SMITH"},{"floor":27,"key":"REST"},{"floor":30,"key":"REST"}],"circlet_count":0,"master_deck":["AscendersBane","Survivor+1","Neutralize","Backflip","A Thousand Cuts+1","Leg Sweep+1","Noxious Fumes+1","Caltrops+1","Backflip","Night Terror","Setup","Adrenaline","Corpse Explosion","Tactician","Deadly Poison","Calculated Gamble+1","Corpse Explosion","Bullet Time","Envenom","Expertise","PiercingWail","Adrenaline","Outmaneuver","Eviscerate"],"relics":["Busted Crown","WingedGreaves","White Beast Statue","Pen Nib","Sundial","Pandora\u0027s Box","StrikeDummy","Shuriken"],"acts_visited":["Exordium","TheCity"],"potions_floor_usage":[31,31],"damage_taken":[{"damage":0.0,"enemies":"Jaw Worm","floor":1.0,"turns":5.0},{"damage":1.0,"enemies":"2 Louse","floor":4.0,"turns":4.0},{"damage":1.0,"enemies":"Cultist","floor":5.0,"turns":6.0},{"damage":3.0,"enemies":"Lagavulin","floor":11.0,"turns":7.0},{"damage":47.0,"enemies":"Slime Boss","floor":16.0,"turns":9.0},{"damage":0.0,"enemies":"3 Byrds","floor":18.0,"turns":2.0},{"damage":50.0,"enemies":"Chosen","floor":24.0,"turns":6.0},{"damage":42,"enemies":"Centurion and Healer","floor":28,"turns":4},{"damage":22,"enemies":"Book of Stabbing","floor":31,"turns":4}],"seed_played":"-1832060190866202882","potions_obtained":[{"floor":11.0,"key":"GamblersBrew"},{"floor":16.0,"key":"FairyPotion"},{"floor":28,"key":"SteroidPotion"}],"is_trial":false,"path_per_floor":["M","?","?","M","M","$","R","R","T","R","E","R","T","$","R","B",null,"M","$","?","$","?","R","M","?","T","R","M","T","R","E"],"character_chosen":"THE_SILENT","items_purchased":["Caltrops","PiercingWail","Adrenaline"],"campfire_rested":2,"item_purchase_floors":[6,19,21],"current_hp_per_floor":[59,59,59,58,57,57,57,57,57,57,54,54,54,54,54,7,51,51,51,51,51,51,51,1,1,1,20,2,2,21,0,0],"gold":128,"neow_bonus":"BOSS_RELIC","is_daily":false,"chose_seed":false,"campfire_upgraded":6,"win_rate":0.0,"timestamp":1613275824,"path_taken":["M","?","?","M","M","$","R","R","T","R","E","R","?","?","R","BOSS","M","?","?","$","?","R","M","?","T","R","?","?","R","E"],"items_purchased_type":["Card","Card","Card"],"build_version":"2020-12-22","purchased_purges":1,"victory":false,"max_hp_per_floor":[66,66,66,66,66,66,66,66,66,66,66,66,66,66,66,66,66,66,66,66,66,66,66,66,66,66,66,66,66,66,66,66],"relic_stats":{"Busted Crown":16,"counters":[9,47],"Sundial":[4],"Shuriken":[0],"Pandora\u0027s Box":["Setup","Adrenaline","Corpse Explosion","Tactician","Deadly Poison","Calculated Gamble","Corpse Explosion","Bullet Time","Envenom"],"Pen Nib":[2],"obtain_stats":[{"Busted Crown":0,"Sundial":13,"Shuriken":29,"Pandora\u0027s Box":17,"WingedGreaves":3,"Pen Nib":11,"StrikeDummy":26,"White Beast Statue":9,"Ring of the Snake":0},{"Busted Crown":0,"Sundial":4,"Shuriken":8,"Pandora\u0027s Box":5,"WingedGreaves":1,"Pen Nib":4,"StrikeDummy":7,"White Beast Statue":3,"Ring of the Snake":0},{"Busted Crown":0,"Sundial":22,"Shuriken":43,"Pandora\u0027s Box":31,"WingedGreaves":5,"Pen Nib":22,"StrikeDummy":39,"White Beast Statue":15,"Ring of the Snake":0}]},"card_choices":[{"not_picked":[],"picked":"Backflip","floor":1.0},{"not_picked":[],"picked":"Leg Sweep","floor":4.0},{"not_picked":[],"picked":"Noxious Fumes","floor":5.0},{"not_picked":[],"picked":"Backflip","floor":11.0},{"not_picked":[],"picked":"Night Terror","floor":16.0},{"not_picked":[],"picked":"Expertise","floor":18.0},{"not_picked":[],"picked":"Outmaneuver","floor":24.0},{"not_picked":[],"picked":"Eviscerate","floor":28}],"player_experience":149858,"relics_obtained":[{"floor":9.0,"key":"White Beast Statue"},{"floor":11.0,"key":"Pen Nib"},{"floor":13.0,"key":"Sundial"},{"floor":26,"key":"StrikeDummy"},{"floor":29,"key":"Shuriken"}],"event_choices":[{"damage_healed":0.0,"max_hp_gain":0.0,"max_hp_loss":0.0,"gold_gain":0.0,"cards_transformed":["Strike_G"],"event_name":"Living Wall","player_choice":"Change","floor":2.0,"gold_loss":0.0,"damage_taken":0.0,"cards_obtained":["A Thousand Cuts"]},{"damage_healed":0.0,"max_hp_gain":0.0,"max_hp_loss":0.0,"gold_gain":0.0,"event_name":"Big Fish","player_choice":"Box","floor":3.0,"gold_loss":0.0,"damage_taken":0.0,"relics_obtained":["WingedGreaves"],"cards_obtained":["Regret"]},{"damage_healed":0.0,"max_hp_gain":0.0,"max_hp_loss":0.0,"gold_gain":50.0,"event_name":"Nest","player_choice":"Stole From Cult","floor":20.0,"gold_loss":0.0,"damage_taken":0.0},{"damage_healed":0,"gold_gain":0,"player_choice":"Simplicity","damage_taken":0,"max_hp_gain":0,"max_hp_loss":0,"event_name":"Back to Basics","floor":25,"gold_loss":0,"cards_upgraded":[]}],"is_beta":false,"boss_relics":[{"not_picked":["Empty Cage","Fusion Hammer"],"picked":"Pandora\u0027s Box"}],"items_purged_floors":[6],"is_endless":false,"potions_floor_spawned":[11,16,18,24,28],"killed_by":"Book of Stabbing","ascension_level":20}}