{"host":"04x9isxu4s2lvye3","time":1613284045,"event":{"mods":["BaseMod","Colored Powertips","Highlight Path","Minty Spire (QoL Compilation)"],"gold_per_floor":[117,137,137,117,127,127,147,147,171,191,116,116,143,153,153,253,553,566,582,298,298,93,121,121,132,132,147,160,160,171,185,185,282,282,300,312,18,31,47,47,47,73,73,73,123,73,73,85,85,85],"floor_reached":51,"language":"ENG","playtime":3255,"items_purged":["Shame","Strike_G","Strike_G","Shame","Writhe"],"score":1067,"play_id":"a1e6e0f8-21d6-4ff8-80cb-bcadb7ea38ea","local_time":"20210214012725","is_ascension_mode":true,"campfire_choices":[{"data":"Neutralize","floor":6.0,"key":"SMITH"},{"data":"Blade Dance","floor":8.0,"key":"SMITH"},{"floor":12.0,"key":"REST"},{"data":"Burst","floor":15.0,"key":"SMITH"},{"data":"Accuracy","floor":24.0,"key":"SMITH"},{"floor":29.0,"key":"REST"},{"floor":32.0,"key":"REST"},{"floor":40.0,"key":"REST"},{"data":"After Image","floor":44.0,"key":"SMITH"},{"floor":49.0,"key":"REST"}],"circlet_count":0,"master_deck":["AscendersBane","Strike_G","Strike_G","Defend_G","Defend_G","Defend_G","Defend_G","Defend_G","Survivor","Neutralize+1","Quick Slash","Blade Dance+1","Slice","Concentrate","Burst+1","After Image+1","CurseOfTheBell","Backflip","Prepared","Panache","Accuracy+1","Acrobatics","Calculated Gamble+1","Blur","Cloak And Dagger","A Thousand Cuts","Phantasmal Killer","Deflect+1","Blade Dance+1","Accuracy+1","Accuracy","Writhe","Prepared","Trip"],"relics":["Cursed Key","Art of War","MealTicket","Calling Bell","PreservedInsect","Paper Crane","Old Coin","Snake Skull","Kunai","Sozu","ClockworkSouvenir","Smiling Mask","Toy Ornithopter","Calipers"],"acts_visited":["Exordium","TheCity","TheBeyond"],"potions_floor_usage":[],"damage_taken":[{"damage":0.0,"enemies":"2 Louse","floor":1.0,"turns":3.0},{"damage":1.0,"enemies":"Cultist","floor":2.0,"turns":3.0},{"damage":0.0,"enemies":"Small Slimes","floor":5.0,"turns":4.0},{"damage":5.0,"enemies":"Exordium Wildlife","floor":7.0,"turns":4.0},{"damage":4.0,"enemies":"Blue Slaver","floor":10.0,"turns":2.0},{"damage":19.0,"enemies":"3 Sentries","floor":13.0,"turns":8.0},{"damage":8.0,"enemies":"3 Louse","floor":14.0,"turns":4.0},{"damage":20.0,"enemies":"Hexaghost","floor":16.0,"turns":13.0},{"damage":15.0,"enemies":"3 Byrds","floor":18.0,"turns":8.0},{"damage":21.0,"enemies":"Chosen","floor":19.0,"turns":8.0},{"damage":7.0,"enemies":"Gremlin Leader","floor":23.0,"turns":8.0},{"damage":18.0,"enemies":"3 Cultists","floor":25.0,"turns":5.0},{"damage":7.0,"enemies":"Snecko","floor":27.0,"turns":4.0},{"damage":7.0,"enemies":"Centurion and Healer","floor":28.0,"turns":3.0},{"damage":6.0,"enemies":"Sentry and Sphere","floor":30.0,"turns":5.0},{"damage":10.0,"enemies":"Cultist and Chosen","floor":31.0,"turns":8.0},{"damage":7.0,"enemies":"Collector","floor":33.0,"turns":12.0},{"damage":6.0,"enemies":"Orb Walker","floor":35.0,"turns":3.0},{"damage":15.0,"enemies":"3 Shapes","floor":36.0,"turns":6.0},{"damage":21.0,"enemies":"Transient","floor":38.0,"turns":5.0},{"damage":20.0,"enemies":"Writhing Mass","floor":39.0,"turns":5.0},{"damage":22.0,"enemies":"Nemesis","floor":42.0,"turns":5.0},{"damage":18.0,"enemies":"2 Orb Walkers","floor":45.0,"turns":3.0},{"damage":1.0,"enemies":"Spire Growth","floor":48.0,"turns":5.0},{"damage":42,"enemies":"Awakened One","floor":50,"turns":12}],"seed_played":"6833280923986199794","potions_obtained":[{"floor":4.0,"key":"Poison Potion"},{"floor":5.0,"key":"PowerPotion"},{"floor":13.0,"key":"Dexterity Potion"},{"floor":18.0,"key":"AttackPotion"},{"floor":19.0,"key":"DuplicationPotion"},{"floor":23.0,"key":"SteroidPotion"},{"floor":33.0,"key":"Regen Potion"}],"is_trial":false,"path_per_floor":["M","M","?","?","M","R","M","R","T","M","$","R","E","M","R","B",null,"M","M","$","?","$","E","R","M","T","M","M","R","M","M","R","B",null,"M","M","$","M","M","R","?","E","T","R","?","$","?","M","R","B",null],"character_chosen":"THE_SILENT","items_purchased":["Panache","Accuracy","ClockworkSouvenir"],"campfire_rested":5,"item_purchase_floors":[20,22,37],"current_hp_per_floor":[63,62,55,55,55,55,50,50,50,46,46,67,48,40,40,20,58,43,22,37,37,52,45,45,27,27,20,13,34,28,18,39,32,61,55,40,55,34,26,47,65,43,43,43,30,45,45,44,65,23],"gold":85,"neow_bonus":"BOSS_RELIC","is_daily":false,"chose_seed":false,"campfire_upgraded":5,"win_rate":0.0,"timestamp":1613284045,"path_taken":["M","M","?","?","M","R","M","R","T","?","$","R","E","M","R","BOSS","M","M","$","?","$","E","R","M","T","M","M","R","M","?","R","BOSS","M","M","$","M","M","R","?","E","T","R","?","$","?","?","R","BOSS"],"items_purchased_type":["Card","Card","Relic"],"build_version":"2020-12-22","purchased_purges":5,"victory":true,"max_hp_per_floor":[70,70,70,70,70,70,70,70,70,70,70,70,70,70,70,70,70,70,70,70,70,70,70,70,70,70,70,70,70,70,70,70,70,70,70,70,70,70,70,70,70,70,70,70,70,70,70,70,70,70],"card_choices":[{"not_picked":["PiercingWail","Cloak And Dagger"],"picked":"Quick Slash","floor":1.0},{"not_picked":["Outmaneuver","Tactician","Underhanded Strike"],"picked":"SKIP","floor":2.0},{"not_picked":["Expertise","Heel Hook"],"picked":"Blade Dance","floor":5.0},{"not_picked":["Concentrate","Outmaneuver"],"picked":"Slice","floor":7.0},{"not_picked":["Quick Slash","Reflex","Well Laid Plans"],"picked":"SKIP","floor":10.0},{"not_picked":["Deadly Poison","Bane"],"picked":"Concentrate","floor":13.0},{"not_picked":["Sucker Punch","Dagger Spray","Burst"],"picked":"SKIP","floor":14.0},{"not_picked":["Sucker Punch","Dagger Spray"],"picked":"Burst","floor":14.0},{"not_picked":["Unload","Die Die Die"],"picked":"After Image","floor":16.0},{"not_picked":["PiercingWail","Dagger Throw+1"],"picked":"Backflip","floor":18.0},{"not_picked":["Eviscerate","Dodge and Roll"],"picked":"Prepared","floor":19.0},{"not_picked":["Predator","Wraith Form v2"],"picked":"Acrobatics","floor":23.0},{"not_picked":["Bane+1","Flying Knee","Expertise"],"picked":"SKIP","floor":25.0},{"not_picked":["Cloak And Dagger","Flechettes"],"picked":"Calculated Gamble+1","floor":27.0},{"not_picked":["Catalyst","Acrobatics"],"picked":"Blur","floor":28.0},{"not_picked":["Dodge and Roll","Quick Slash+1"],"picked":"Cloak And Dagger","floor":30.0},{"not_picked":["Flying Knee+1","Backflip"],"picked":"A Thousand Cuts","floor":31.0},{"not_picked":["Die Die Die","Night Terror"],"picked":"Phantasmal Killer","floor":33.0},{"not_picked":["Quick Slash","Flying Knee"],"picked":"Deflect+1","floor":35.0},{"not_picked":["Masterful Stab","All Out Attack"],"picked":"Blade Dance+1","floor":36.0},{"not_picked":["Flechettes+1","Slice"],"picked":"Accuracy+1","floor":38.0},{"not_picked":["Quick Slash","Crippling Poison"],"picked":"Accuracy","floor":39.0},{"not_picked":["Dagger Spray","Expertise","Night Terror"],"picked":"SKIP","floor":42.0},{"not_picked":["Crippling Poison","Finisher"],"picked":"Prepared","floor":45.0},{"not_picked":["Dark Shackles","Madness"],"picked":"Trip","floor":47.0},{"not_picked":["Caltrops","Poisoned Stab","Backflip"],"picked":"SKIP","floor":48.0}],"player_experience":284200,"relics_obtained":[{"floor":9.0,"key":"Art of War"},{"floor":13.0,"key":"MealTicket"},{"floor":17.0,"key":"PreservedInsect"},{"floor":17.0,"key":"Paper Crane"},{"floor":17.0,"key":"Old Coin"},{"floor":23.0,"key":"Snake Skull"},{"floor":26.0,"key":"Kunai"},{"floor":42.0,"key":"Smiling Mask"},{"floor":43.0,"key":"Toy Ornithopter"},{"floor":45.0,"key":"Calipers"}],"event_choices":[{"cards_removed":["Strike_G"],"damage_healed":0.0,"max_hp_gain":0.0,"max_hp_loss":0.0,"gold_gain":0.0,"event_name":"Golden Wing","player_choice":"Card Removal","floor":3.0,"gold_loss":0.0,"damage_taken":7.0},{"damage_healed":0.0,"max_hp_gain":0.0,"max_hp_loss":0.0,"gold_gain":0.0,"event_name":"The Woman in Blue","player_choice":"Bought 1 Potion","floor":4.0,"gold_loss":0.0,"damage_taken":0.0},{"damage_healed":0.0,"max_hp_gain":0.0,"max_hp_loss":0.0,"gold_gain":0.0,"event_name":"Lab","player_choice":"Got Potions","floor":21.0,"gold_loss":0.0,"damage_taken":0.0},{"damage_healed":18.0,"max_hp_gain":0.0,"max_hp_loss":0.0,"gold_gain":0.0,"event_name":"Winding Halls","player_choice":"Writhe","floor":41.0,"gold_loss":0.0,"damage_taken":0.0,"cards_obtained":["Writhe"]},{"damage_healed":0.0,"max_hp_gain":0.0,"max_hp_loss":0.0,"gold_gain":0.0,"event_name":"Mysterious Sphere","player_choice":"Fight","floor":45.0,"gold_loss":0.0,"damage_taken":0.0},{"damage_healed":0.0,"max_hp_gain":0.0,"max_hp_loss":0.0,"gold_gain":0.0,"event_name":"SensoryStone","player_choice":"Memory 1","floor":47.0,"gold_loss":0.0,"damage_taken":0.0}],"is_beta":false,"boss_relics":[{"not_picked":["Astrolabe","Fusion Hammer"],"picked":"Calling Bell"},{"not_picked":["Runic Pyramid","Runic Dome"],"picked":"Sozu"}],"items_purged_floors":[11,20,22,37,46],"is_endless":false,"potions_floor_spawned":[5,7,13,18,19,23,33,36,39,45,48],"ascension_level":12}}