{"host":"m9osufisr3agwk96","time":1613308954,"event":{"mods":["AchievementEnabler","Aspiration","BaseMod","Colored Map","Colored Powertips","Downfall","Duelist Mod","Friendly Minions","GifTheSpireLib","Gremlin Mod","Hermit","Hero for Fun","Highlight Path","Hubris","Minty Spire (QoL Compilation)","Rare Cards Sparkle","Reliquary","Replay The Spire","Shop Mod","StSLib"],"gold_per_floor":[116,131,131,206,206,206,218,233,260,260,285,304,513,119,119,223,223,242,242,265,13,31,31,42,42,117,216,216,230,230,240,240,340,340,352,352,352,352,256,256,270,270,270,270,290,300,315,315,315,315,315],"floor_reached":50,"language":"ENG","playtime":1554,"items_purged":[],"score":442,"play_id":"789d84a8-bc2b-4c8f-b559-806e4f2cc270","local_time":"20210214052234","is_ascension_mode":false,"campfire_choices":[{"floor":6,"key":"REST"},{"data":"Alpha","floor":10,"key":"SMITH"},{"floor":15,"key":"REST"},{"floor":23,"key":"REST"},{"floor":25,"key":"REST"},{"floor":30,"key":"REST"},{"floor":32,"key":"REST"},{"floor":40,"key":"REST"},{"floor":42,"key":"REST"},{"floor":44,"key":"REST"},{"floor":49,"key":"RECALL"}],"circlet_count":0,"master_deck":["Strike_P","Strike_P","Strike_P","Defend_P","Defend_P","Defend_P","Defend_P","Vigilance","Enlightenment","CrushJoints+1","Alpha+1","Consecrate","FollowUp","Replay:LoomingThreat","Replay:AtTheReady","Replay:DivineShield","Panacea","Crescendo","hubris:DuctTapeCard","Swivel","SignatureMove+1","Judgement","Crescendo+1","DeusExMachina","Adaptation+1","WindmillStrike+1","Perseverance+1","BattleHymn+1","ClearTheMind+1"],"relics":["PureWater","reliquary:Knoch","Tiny Chest","reliquary:TatteredRug","Lantern","reliquary:PartyBalloon","Fusion Hammer","Nloth\u0027s Gift","Ancient Tea Set","hubris:DuctTape","StrikeDummy","Ring of Chaos","Onion Ring"],"acts_visited":["Exordium","TheCity","TheBeyond"],"potions_floor_usage":[16,18,18,22,28,41,41,50],"damage_taken":[{"damage":14,"enemies":"Cultist","floor":1,"turns":6},{"damage":0,"enemies":"Small Slimes","floor":2,"turns":4},{"damage":1,"enemies":"Jaw Worm","floor":7,"turns":3},{"damage":0,"enemies":"Exordium Wildlife","floor":8,"turns":2},{"damage":23,"enemies":"Lagavulin","floor":11,"turns":5},{"damage":8,"enemies":"3 Louse","floor":12,"turns":4},{"damage":33,"enemies":"Hexaghost","floor":16,"turns":7},{"damage":20,"enemies":"Chosen","floor":18,"turns":5},{"damage":26,"enemies":"2 Thieves","floor":22,"turns":4},{"damage":11,"enemies":"Centurion and Healer","floor":24,"turns":5},{"damage":0,"enemies":"Snake Plant","floor":28,"turns":1},{"damage":22,"enemies":"Sentry and Sphere","floor":29,"turns":5},{"damage":19,"enemies":"Shelled Parasite and Fungi","floor":31,"turns":6},{"damage":57,"enemies":"hubris:MusketHawk","floor":33,"turns":7},{"damage":67,"enemies":"3 Darklings","floor":35,"turns":8},{"damage":17,"enemies":"Orb Walker","floor":41,"turns":3},{"damage":29,"enemies":"3 Darklings","floor":45,"turns":4},{"damage":19,"enemies":"Maw","floor":46,"turns":7},{"damage":9,"enemies":"Sphere and 2 Shapes","floor":47,"turns":4},{"damage":38,"enemies":"Time Eater","floor":50,"turns":2}],"seed_played":"4507149611761547957","potions_obtained":[{"floor":2,"key":"Dexterity Potion"},{"floor":8,"key":"Elixir"},{"floor":11,"key":"Energy Potion"},{"floor":18,"key":"Slimebound:ThreeZeroPotion"},{"floor":24,"key":"SmokeBomb"},{"floor":33,"key":"FairyPotion"},{"floor":47,"key":"hexamod:SoulburnPotion"}],"is_trial":false,"path_per_floor":["M","M","?","?","T","R","M","M","T","R","E","M","?","$","R","B",null,"M","?","T","$","M","R","M","R","T","?","M","M","R","M","R","B",null,"M","?","?","T","$","R","M","R","T","R","M","M","M","?","R","B"],"character_chosen":"WATCHER","items_purchased":["Lantern","Panacea","reliquary:PartyBalloon","hubris:DuctTape","champ:CounterPotion","hexamod:SoulburnPotion"],"campfire_rested":9,"item_purchase_floors":[14,14,14,21,39,39],"current_hp_per_floor":[58,58,55,44,44,65,64,64,64,64,41,33,33,33,54,21,72,52,52,52,52,26,47,36,57,57,57,57,35,56,37,58,1,72,5,8,8,8,8,30,13,35,35,57,28,9,22,30,30,0,0],"gold":315,"neow_bonus":"RANDOM_COLORLESS","is_daily":false,"chose_seed":false,"campfire_upgraded":1,"win_rate":0.0,"timestamp":1613308954,"path_taken":["M","M","?","?","?","R","M","?","T","R","E","M","?","$","R","BOSS","M","?","?","$","M","R","M","R","T","?","M","M","R","M","R","BOSS","M","?","?","?","$","R","M","R","T","R","M","?","M","?","R","BOSS"],"items_purchased_type":["Relic","Card","Relic","Relic","Potion","Potion"],"build_version":"2020-12-22","purchased_purges":0,"victory":false,"max_hp_per_floor":[72,72,72,72,72,72,72,72,72,72,72,72,72,72,72,72,72,72,72,72,72,72,72,72,72,72,72,72,72,72,72,72,72,72,72,75,75,75,75,75,75,75,75,75,75,75,75,75,75,75,75],"card_choices":[{"not_picked":["Dramatic Entrance","ReplayTheSpireMod:Private Reserves"],"picked":"Enlightenment","floor":0},{"not_picked":["Replay:BluntJabs","Replay:AtTheReady"],"picked":"CrushJoints","floor":1},{"not_picked":["FollowUp","Halt"],"picked":"Alpha","floor":2},{"not_picked":["Replay:BluntJabs","SashWhip"],"picked":"Consecrate","floor":7},{"not_picked":["BowlingBash","Prostrate"],"picked":"FollowUp","floor":8},{"not_picked":["FlurryOfBlows","CrushJoints"],"picked":"Replay:LoomingThreat","floor":11},{"not_picked":["SashWhip","CutThroughFate"],"picked":"Replay:AtTheReady","floor":12},{"not_picked":["BowlingBash","EmptyBody"],"picked":"Replay:DivineShield","floor":13},{"not_picked":["Blasphemy","Judgement"],"picked":"LessonLearned","floor":16},{"not_picked":["ClearTheMind","Replay:ManipulateFuture"],"picked":"Crescendo","floor":18},{"not_picked":["Replay:ManipulateFuture","EmptyFist"],"picked":"Swivel","floor":22},{"not_picked":["Indignation","Evaluate+1"],"picked":"SignatureMove+1","floor":24},{"not_picked":["EmptyBody","Crescendo"],"picked":"Judgement","floor":29},{"not_picked":["Replay:AtTheReady","ThirdEye+1"],"picked":"Crescendo+1","floor":31},{"not_picked":["Omniscience","SpiritShield"],"picked":"DeusExMachina","floor":33},{"not_picked":["CrushJoints","ClearTheMind+1"],"picked":"Adaptation+1","floor":35},{"not_picked":["ReachHeaven","Prostrate+1"],"picked":"WindmillStrike+1","floor":41},{"not_picked":["Halt","PathToVictory"],"picked":"Perseverance+1","floor":45},{"not_picked":["FlurryOfBlows+1","FlyingSleeves+1"],"picked":"BattleHymn+1","floor":46},{"not_picked":["Replay:ManipulateFuture","MentalFortress"],"picked":"ClearTheMind+1","floor":47}],"player_experience":491858,"relics_obtained":[{"floor":5,"key":"Tiny Chest"},{"floor":9,"key":"reliquary:TatteredRug"},{"floor":11,"key":"ReplayTheSpireMod:Lightbulb"},{"floor":20,"key":"Ancient Tea Set"},{"floor":26,"key":"StrikeDummy"},{"floor":38,"key":"Onion Ring"}],"event_choices":[{"damage_healed":0,"gold_gain":0,"player_choice":"Success","damage_taken":3,"relics_obtained":["reliquary:Knoch"],"max_hp_gain":0,"max_hp_loss":0,"event_name":"Scrap Ooze","floor":3,"gold_loss":0},{"damage_healed":0,"gold_gain":75,"player_choice":"Gather Gold","damage_taken":11,"max_hp_gain":0,"max_hp_loss":0,"event_name":"World of Goop","floor":4,"gold_loss":0},{"damage_healed":0,"gold_gain":0,"player_choice":"Traded Relic","damage_taken":0,"relics_obtained":["Nloth\u0027s Gift"],"max_hp_gain":0,"max_hp_loss":0,"event_name":"N\u0027loth","floor":19,"relics_lost":["ReplayTheSpireMod:Lightbulb"],"gold_loss":0},{"damage_healed":0,"gold_gain":99,"player_choice":"Stole From Cult","damage_taken":0,"max_hp_gain":0,"max_hp_loss":0,"event_name":"Nest","floor":27,"gold_loss":0},{"cards_removed":["Strike_P"],"damage_healed":0,"gold_gain":0,"player_choice":"Removed Attack","damage_taken":0,"max_hp_gain":0,"max_hp_loss":0,"event_name":"Falling","floor":37,"gold_loss":0}],"is_beta":false,"boss_relics":[{"not_picked":["hubris:Stopwatch","aspiration:SilentSkillbook"],"picked":"Fusion Hammer"},{"not_picked":["hubris:TerracottaHorce","Replay:Grab Bag"],"picked":"Ring of Chaos"}],"items_purged_floors":[],"is_endless":false,"potions_floor_spawned":[2,8,11,18,24,33,47],"killed_by":"Time Eater","ascension_level":0}}