{"host":"ocll6kdfqxraqtza","time":1613285336,"event":{"mods":["2.2 Compatiblity","Act Like it!","Arknights","Aspiration","BaseMod","Better Third Choice","Gensokyo","Hallownest","Hermit","Hubris","Jorbs\u0027s Wanderer Trilogy","Luminous","Marisa（霧雨　魔理沙）","Minty Spire (QoL Compilation)","Reimu（博??梦）","Reliquary","Replay The Spire","Shade Mod","StSLib","The Alterego","The Bug Knight","The Cursed","The Hierophant","The Marked","The Runesmith","TheBandit","Wandering Minibosses"],"gold_per_floor":[114,61,80,80,80,109,109,109,133,133,210,18,18,73,73,164,164,226,271,271],"floor_reached":19,"language":"ENG","playtime":600,"items_purged":["Amnesia"],"score":216,"play_id":"5a67d4a7-4d54-47ac-94c0-43ff38b77b5d","local_time":"20210214144856","is_ascension_mode":true,"campfire_choices":[{"data":"Hyperbeam","floor":7,"key":"SMITH"},{"data":"Conserve Battery","floor":10,"key":"SMITH"},{"data":"Strike_B","floor":15,"key":"PURGE"}],"circlet_count":0,"master_deck":["Strike_B","Strike_B","Strike_B","Defend_B","Defend_B","Defend_B","Defend_B","Zap+1","Dualcast","Gash","Conserve Battery+1","Self Repair+1","Hyperbeam+1","Ball Lightning","Doom and Gloom","Skim","Rebound","Blizzard","Conserve Battery","Go for the Eyes","Creative AI","Ball Lightning+1"],"relics":["Cracked Core","Ring of Panic","ReplayTheSpireMod:Ring of Challenge","Blue Doll","hubris:Icosahedron","reliquary:RoseTintedGlasses","Sundial","Membership Card","reliquary:Ember","Toy Ornithopter"],"acts_visited":["Exordium","TheCity"],"potions_floor_usage":[18,18,18],"damage_taken":[{"damage":0,"enemies":"Cultist","floor":1,"turns":4},{"damage":0,"enemies":"Small Slimes","floor":3,"turns":3},{"damage":20,"enemies":"HollowMod:MossKnight","floor":6,"turns":9},{"damage":24,"enemies":"3 Sentries","floor":11,"turns":4},{"damage":0,"enemies":"2 Louse","floor":14,"turns":2},{"damage":42,"enemies":"Fading Forest","floor":16,"turns":11},{"damage":63,"enemies":"Shell Parasite","floor":18,"turns":5},{"damage":0,"enemies":"Chosen","floor":19,"turns":1}],"seed_played":"-5763949211315920060","potions_obtained":[{"floor":11,"key":"AttackPotion"},{"floor":14,"key":"PowerPotion"}],"is_trial":false,"path_per_floor":["M","$","M","?","?","E","R","?","T","R","E","$","?","M","R","B",null,"M","M"],"character_chosen":"DEFECT","items_purchased":["Gash","Membership Card"],"campfire_rested":0,"item_purchase_floors":[2,12],"current_hp_per_floor":[75,75,75,75,75,65,65,65,65,65,51,51,51,61,61,41,67,14,14,14],"gold":271,"neow_bonus":"UPGRADE_CARD","is_daily":false,"chose_seed":false,"campfire_upgraded":2,"win_rate":0.0,"timestamp":1613285336,"path_taken":["M","$","?","?","?","E","R","?","T","R","E","$","?","M","R","BOSS","M","M"],"items_purchased_type":["Card","Relic"],"build_version":"2020-12-22","purchased_purges":1,"victory":false,"max_hp_per_floor":[75,75,75,75,75,75,75,75,75,75,75,75,75,75,75,75,75,75,75,75],"card_choices":[{"not_picked":["Barrage","Chill"],"picked":"Gash","floor":1},{"not_picked":["Coolheaded","Compile Driver"],"picked":"Conserve Battery","floor":3},{"not_picked":["Hologram","Ball Lightning"],"picked":"Hyperbeam","floor":6},{"not_picked":["Redo","Glacier"],"picked":"Ball Lightning","floor":11},{"not_picked":["Hello World","Coolheaded"],"picked":"Go for the Eyes","floor":14},{"not_picked":["Amplify","Seek"],"picked":"Creative AI","floor":16},{"not_picked":["White Noise","Leap"],"picked":"Ball Lightning+1","floor":18}],"player_experience":541823,"relics_obtained":[{"floor":4,"key":"Ring of Panic"},{"floor":4,"key":"ReplayTheSpireMod:Ring of Challenge"},{"floor":6,"key":"Blue Doll"},{"floor":9,"key":"reliquary:RoseTintedGlasses"},{"floor":11,"key":"Sundial"},{"floor":18,"key":"Toy Ornithopter"}],"event_choices":[],"is_beta":false,"boss_relics":[{"not_picked":["hubris:VirtuousBlindfold","Calling Bell"],"picked":"reliquary:Ember"}],"items_purged_floors":[12],"is_endless":false,"potions_floor_spawned":[11,14],"killed_by":"Chosen","ascension_level":5}}