{"host":"ln8zowmpyx5bxamj","time":1613308049,"event":{"mods":["Act Like it!","BaseMod","CapriCore","Colored Map","Conspire","Gensokyo","GifTheSpireLib","Hallownest","Hubris","Koishi","KomeijiMod","Marisa????????","Minty Spire (QoL Compilation)","Permanent Neow","Prisma Mod","Replay The Spire","StSLib","The Immortal","Uncapped","Yuyuko"],"gold_per_floor":[113,126,142,67,67,95,95,128,128,128,138,69,80,98,98,198,198,198,198,198,198],"floor_reached":20,"language":"ENG","playtime":2864,"items_purged":[],"score":184,"play_id":"fa2bd523-6748-45fb-8a0e-cb71356a10ac","local_time":"20210214070729","is_ascension_mode":false,"campfire_choices":[{"data":"Phantom Butterflies","floor":7,"key":"SMITH"},{"data":"Faramita\u0027s Temptation","floor":10,"key":"SMITH"},{"data":"The Nether","floor":15,"key":"SMITH"}],"circlet_count":0,"master_deck":["Fantasy Butterflies","Fantasy Butterflies","Fantasy Butterflies","Fantasy Butterflies","Fantasy Butterflies","Dreamy Sakura","Dreamy Sakura","Dreamy Sakura","Dreamy Sakura","Dreamy Sakura","Deathly Ground","Faramita\u0027s Temptation+1","Butterflies Rainbow","Bloom","Unknown Petal","Hallownest:skillGreenpathMap","Phantom Butterflies+1","Nihility","Postpone Bloom","Mirror of Mind","The Nether+1","Supernatural Nether"],"relics":["Coronal","Yuyuko\u0027s fan","Potion Belt","Pocketwatch","Question Card","Lizard Tail","hubris:CrystalStatue","Ectoplasm"],"acts_visited":["Exordium","Hallownest:Greenpath"],"potions_floor_usage":[19],"damage_taken":[{"damage":14,"enemies":"Hallownest:monsterHuskWarrior","floor":1,"turns":4},{"damage":24,"enemies":"Hallownest:2_Tiktiks_and_1_Crawlid","floor":2,"turns":4},{"damage":26,"enemies":"Hallownest:monsterHuskGuard","floor":3,"turns":5},{"damage":39,"enemies":"Hallownest:eliteMossKnight","floor":6,"turns":14},{"damage":46,"enemies":"Hallownest:eliteCrystalGuardian","floor":8,"turns":6},{"damage":8,"enemies":"Hallownest:monsterAspidMother","floor":11,"turns":7},{"damage":34,"enemies":"Hallownest:1_Ooma_and_2_Uuma","floor":13,"turns":7},{"damage":11,"enemies":"Hallownest:monsterMossCharger","floor":14,"turns":2},{"damage":90,"enemies":"Hallownest:BossFalseKnight","floor":16,"turns":13},{"damage":42,"enemies":"Hallownest:Guard_and_Sentry","floor":18,"turns":5},{"damage":45,"enemies":"Hallownest:Guard_and_Sentry","floor":19,"turns":4},{"damage":30,"enemies":"Hallownest:2_Mistakes","floor":20,"turns":2}],"seed_played":"7225619445801537294","potions_obtained":[{"floor":2,"key":"Keine"},{"floor":14,"key":"Elixir"},{"floor":16,"key":"FearPotion"},{"floor":18,"key":"FearPotion"}],"is_trial":false,"path_per_floor":["M","M","M","?","T","E","R","E","T","R","M","$","M","M","R","B",null,"M","?","M"],"character_chosen":"YUYOKO","items_purchased":["Postpone Bloom"],"campfire_rested":0,"item_purchase_floors":[12],"current_hp_per_floor":[31,29,35,35,35,23,23,17,17,17,33,33,31,28,28,23,40,35,2,0,0],"gold":198,"neow_bonus":"RANDOM_COMMON_RELIC","is_daily":false,"chose_seed":false,"campfire_upgraded":3,"win_rate":0.0,"timestamp":1613308049,"path_taken":["M","M","M","?","?","E","R","E","T","R","M","$","M","M","R","BOSS","M","?","M"],"items_purchased_type":["Card"],"build_version":"2020-12-22","purchased_purges":0,"victory":false,"max_hp_per_floor":[40,40,40,40,40,40,40,40,40,40,40,40,40,40,40,40,40,40,40,40,40],"card_choices":[{"not_picked":["Elegance","Redemption of Death"],"picked":"Butterflies Rainbow","floor":1},{"not_picked":["Redemption of Death","Immigrant Phantom"],"picked":"Bloom","floor":2},{"not_picked":["Immigrant Phantom","Wandering Soul"],"picked":"Unknown Petal","floor":3},{"not_picked":["Dying Butterflies","Stifle"],"picked":"Phantom Butterflies","floor":6},{"not_picked":["Gauzy Sakura","Sweet of Phantom","Final of Final","Phantom Butterflies"],"picked":"SKIP","floor":8},{"not_picked":["Reverse The Screen","Wandering Soul","Monster Cherry Tree"],"picked":"Nihility","floor":11},{"not_picked":["Nihility","Phantom Gift","Unborn Light"],"picked":"Mirror of Mind","floor":13},{"not_picked":["Unborn Light","Dancing Soul","Sakura Ward"],"picked":"The Nether","floor":14},{"not_picked":["Ghastly Dream","Ghost Lead","Ghost Spot"],"picked":"Supernatural Nether","floor":16},{"not_picked":["Suicide+1","Dark Wind+1","Elegance","Immigrant Phantom+1"],"picked":"SKIP","floor":18}],"player_experience":712923,"relics_obtained":[{"floor":5,"key":"Pocketwatch"},{"floor":6,"key":"Question Card"},{"floor":8,"key":"Lizard Tail"},{"floor":9,"key":"hubris:CrystalStatue"}],"event_choices":[],"is_beta":false,"boss_relics":[{"not_picked":["Empty Cage","Velvet Choker"],"picked":"Ectoplasm"}],"items_purged_floors":[],"is_endless":false,"potions_floor_spawned":[2,6,14,16,18],"killed_by":"Hallownest:2_Mistakes","ascension_level":0}}