{"host":"fnlf8nl5agtxb8g8","time":1613317151,"event":{"mods":["Act Like it!","BaseMod","Better Altar","Better Match","Better Note","Better Sensory Stone","Better Skull","Better Third Choice","Better Vampires","Minty Spire (QoL Compilation)","Quick Restart","Rare Cards Sparkle","StSLib","The Jungle","The Marked"],"gold_per_floor":[115,126,126,13,25,51,51,63,88,88,115,130,158,169,169,274,274,290,290,305,316,76,111,111,111,111],"floor_reached":25,"language":"ENG","playtime":2228,"items_purged":["theMarked:Strike","Decay"],"score":243,"play_id":"780dd0f5-2e52-4c27-9afd-b67c60a1c7d9","local_time":"20210214093911","is_ascension_mode":false,"campfire_choices":[{"data":"theMarked:OneWithTheBlade","floor":10.0,"key":"SMITH"},{"floor":15.0,"key":"REST"},{"data":"theMarked:Snap","floor":24.0,"key":"SMITH"}],"circlet_count":0,"master_deck":["theMarked:Strike","theMarked:Strike","theMarked:Strike","theMarked:Strike","theMarked:Defend","theMarked:Defend","theMarked:Defend","theMarked:SoldierOfQuellstein","theMarked:OneWithTheBlade+1","theMarked:TurnInvisible","theMarked:GodGivenPower","theMarked:Snap+1","theMarked:EmpowerWeapon","theMarked:Generate","theMarked:TurnInvisible","theMarked:Overcharge"],"relics":["theMarked:ArtifactOfAir","Strawberry","Orichalcum","Omamori","Regal Pillow","Busted Crown","Membership Card","Potion Belt"],"acts_visited":["Exordium","TheCity"],"potions_floor_usage":[],"damage_taken":[{"damage":4.0,"enemies":"Jaw Worm","floor":1.0,"turns":4.0},{"damage":1.0,"enemies":"Cultist","floor":2.0,"turns":4.0},{"damage":2.0,"enemies":"Small Slimes","floor":5.0,"turns":3.0},{"damage":25.0,"enemies":"Gremlin Nob","floor":6.0,"turns":5.0},{"damage":1.0,"enemies":"Gremlin Gang","floor":8.0,"turns":3.0},{"damage":30.0,"enemies":"Lagavulin","floor":11.0,"turns":6.0},{"damage":0.0,"enemies":"Looter","floor":12.0,"turns":1.0},{"damage":3.0,"enemies":"Gremlin Nob","floor":13.0,"turns":3.0},{"damage":13.0,"enemies":"Exordium Thugs","floor":14.0,"turns":4.0},{"damage":29.0,"enemies":"The Guardian","floor":16.0,"turns":8.0},{"damage":5.0,"enemies":"2 Thieves","floor":18.0,"turns":4.0},{"damage":6.0,"enemies":"Shell Parasite","floor":20.0,"turns":4.0},{"damage":27.0,"enemies":"Cultist and Chosen","floor":21.0,"turns":7.0},{"damage":20.0,"enemies":"Gremlin Leader","floor":23.0,"turns":5.0},{"damage":30,"enemies":"Chosen and Byrds","floor":25,"turns":4}],"seed_played":"-3161642852177826105","potions_obtained":[{"floor":1.0,"key":"Explosive Potion"},{"floor":2.0,"key":"Dexterity Potion"},{"floor":11.0,"key":"BlessingOfTheForge"},{"floor":12.0,"key":"GamblersBrew"},{"floor":14.0,"key":"theMarked:ChargePotion"},{"floor":20.0,"key":"EntropicBrew"}],"is_trial":false,"path_per_floor":["M","M","?","$","M","E","?","M","T","R","E","M","E","M","R","B",null,"M","?","M","M","$","E","R","M"],"character_chosen":"THE_DEFAULT","items_purchased":["theMarked:GodGivenPower","Membership Card","theMarked:Overcharge"],"campfire_rested":1,"item_purchase_floors":[4,22,22],"current_hp_per_floor":[73,72,72,72,70,52,52,51,51,51,21,21,18,5,45,16,84,79,79,73,46,46,26,26,0,0],"gold":111,"neow_bonus":"TEN_PERCENT_HP_BONUS","is_daily":false,"chose_seed":false,"campfire_upgraded":2,"win_rate":0.0,"timestamp":1613317151,"path_taken":["M","M","?","?","M","E","?","M","T","R","E","?","E","M","R","BOSS","M","?","M","M","$","E","R","M"],"items_purchased_type":["Card","Relic","Card"],"build_version":"2020-12-22","purchased_purges":2,"victory":false,"max_hp_per_floor":[77,77,77,77,77,84,84,84,84,84,84,84,84,84,84,84,84,84,84,84,84,84,84,84,84,84],"card_choices":[{"not_picked":["theMarked:Parry","theMarked:ElectricStrings","theMarked:HeightenedSenses"],"picked":"SKIP","floor":1.0},{"not_picked":["theMarked:BanishingStrike","theMarked:ChainLightning"],"picked":"theMarked:OneWithTheBlade","floor":2.0},{"not_picked":["theMarked:SwordAndMagic","theMarked:RepellingDischarge","theMarked:ResourceFulStrike"],"picked":"SKIP","floor":5.0},{"not_picked":["theMarked:WastefulAttack","theMarked:TunnelVision"],"picked":"theMarked:Snap","floor":6.0},{"not_picked":["theMarked:ChainLightning","theMarked:KeepCalmAndFight","theMarked:Frustration"],"picked":"SKIP","floor":8.0},{"not_picked":["theMarked:MagusForm","theMarked:WardOff"],"picked":"theMarked:EmpowerWeapon","floor":11.0},{"not_picked":["theMarked:WastefulAttack","theMarked:ComboAttacks","theMarked:ShockingTouch"],"picked":"SKIP","floor":12.0},{"not_picked":["theMarked:MysticalArsenal","theMarked:CreepingChasm"],"picked":"theMarked:Generate","floor":13.0},{"not_picked":["theMarked:Frustration","theMarked:Improvise","theMarked:TwofoldDefense"],"picked":"SKIP","floor":14.0},{"not_picked":["theMarked:Challenge","theMarked:EternalStudent"],"picked":"theMarked:TurnInvisible","floor":16.0},{"not_picked":["theMarked:BanishingStrike"],"picked":"SKIP","floor":18.0},{"not_picked":["theMarked:ElectricStrings"],"picked":"SKIP","floor":20.0},{"not_picked":["theMarked:WastefulAttack"],"picked":"SKIP","floor":21.0},{"not_picked":["theMarked:WastefulAttack+1"],"picked":"SKIP","floor":23.0}],"player_experience":714728,"relics_obtained":[{"floor":6.0,"key":"Strawberry"},{"floor":9.0,"key":"Orichalcum"},{"floor":11.0,"key":"Omamori"},{"floor":13.0,"key":"Regal Pillow"},{"floor":23.0,"key":"Potion Belt"}],"event_choices":[{"damage_healed":0.0,"max_hp_gain":0.0,"max_hp_loss":0.0,"gold_gain":0.0,"cards_transformed":["theMarked:Defend"],"event_name":"Transmorgrifier","player_choice":"Transformed","floor":3.0,"gold_loss":0.0,"damage_taken":0.0,"cards_obtained":["theMarked:TurnInvisible"]},{"damage_healed":0.0,"max_hp_gain":0.0,"max_hp_loss":0.0,"gold_gain":0.0,"event_name":"Wheel of Change","player_choice":"Cursed","floor":7.0,"gold_loss":0.0,"damage_taken":0.0,"cards_obtained":["Decay"]},{"cards_removed":["theMarked:EmpowerWeapon"],"damage_healed":0.0,"max_hp_gain":0.0,"max_hp_loss":0.0,"gold_gain":0.0,"event_name":"betterNote:BetterNote","player_choice":"Give","floor":19.0,"gold_loss":0.0,"damage_taken":0.0,"cards_obtained":["None"]}],"is_beta":false,"boss_relics":[{"not_picked":["Velvet Choker","Runic Dome"],"picked":"Busted Crown"}],"items_purged_floors":[4,22],"is_endless":false,"potions_floor_spawned":[1,2,11,12,14,20,21],"killed_by":"Chosen and Byrds","ascension_level":0}}