{"host":"sc0o2qwpf9j16a4i","time":1613304976,"event":{"mods":["AchievementEnabler","BaseMod","BetterRewards","Block Reminder","Colored Map","Colored Powertips","Custom Start","Highlight Path","Jorbs\u0027s Wanderer Trilogy","Minty Spire (QoL Compilation)","Relic Stats","StSLib"],"gold_per_floor":[115,130,130,143,155,182,202,236,236,280,322,322,348,385,385,498,498,525,525,549,576,617,657,683,702,725,725,753,753,753,788,788,893,893,912,937,983,12,35,73,16,40,349,385,414,439,459,479,479,479],"floor_reached":51,"language":"ENG","playtime":3176,"items_purged":[],"score":988,"play_id":"cc8b188a-da50-42bc-b977-3527f1b95c0f","local_time":"20210214141616","daily_mods":["Chimera","ControlledChaos","DeadlyEvents"],"is_ascension_mode":false,"campfire_choices":[{"floor":12,"key":"REST"},{"floor":15,"key":"REST"},{"floor":27,"key":"REST"},{"floor":29,"key":"REST"},{"floor":32,"key":"REST"},{"floor":49,"key":"REST"}],"circlet_count":0,"master_deck":["Bash","Survivor","Zap","Eruption","Strike_R+1","Strike_G+1","Strike_B+1","Defend_R+1","Defend_G+1","Defend_P+1","Dagger Throw","Die Die Die","Infinite Blades","Corpse Explosion","Infinite Blades","Dagger Throw","Dodge and Roll","Deflect","Deflect","Envenom","Prepared","Prepared","Crippling Poison","Acrobatics","Acrobatics+1","Prepared","Venomology","Dagger Throw","Acrobatics","Eviscerate+1","Well Laid Plans+1","Eviscerate","Die Die Die","Acrobatics","Backflip","Acrobatics+1","Footwork+1","PiercingWail","Dagger Throw","Footwork+1","Regret","Flying Knee+1","Dagger Spray+1","Backflip+1","Acrobatics","Deflect+1"],"relics":["Ring of the Snake","Frozen Eye","Mango","Shovel","Pen Nib","CeramicFish","Mercury Hourglass","Pocketwatch","HoveringKite","Akabeko","Matryoshka","Bird Faced Urn","Boot","Smiling Mask","StoneCalendar","Cursed Key","Tingsha","Frozen Egg 2","Blue Candle","Chemical X","PreservedInsect","Vajra","Old Coin"],"acts_visited":["Exordium","TheCity","TheBeyond"],"potions_floor_usage":[8,10,16,16,23,23,33,33,37,40,40,45,50,50,50,50],"damage_taken":[{"damage":0,"enemies":"Small Slimes","floor":1,"turns":4},{"damage":0,"enemies":"Cultist","floor":2,"turns":3},{"damage":0,"enemies":"2 Louse","floor":4,"turns":1},{"damage":0,"enemies":"Exordium Wildlife","floor":5,"turns":2},{"damage":25,"enemies":"Lagavulin","floor":6,"turns":5},{"damage":11,"enemies":"Lots of Slimes","floor":7,"turns":2},{"damage":0,"enemies":"Gremlin Nob","floor":8,"turns":3},{"damage":8,"enemies":"Lagavulin","floor":10,"turns":5},{"damage":14,"enemies":"Gremlin Nob","floor":11,"turns":3},{"damage":1,"enemies":"Exordium Thugs","floor":13,"turns":4},{"damage":17,"enemies":"Lagavulin","floor":14,"turns":6},{"damage":3,"enemies":"The Guardian","floor":16,"turns":11},{"damage":17,"enemies":"Spheric Guardian","floor":18,"turns":4},{"damage":0,"enemies":"3 Byrds","floor":21,"turns":1},{"damage":40,"enemies":"Book of Stabbing","floor":22,"turns":5},{"damage":5,"enemies":"Slavers","floor":23,"turns":3},{"damage":1,"enemies":"Centurion and Healer","floor":24,"turns":6},{"damage":10,"enemies":"Shelled Parasite and Fungi","floor":25,"turns":5},{"damage":1,"enemies":"Cultist and Chosen","floor":28,"turns":4},{"damage":11,"enemies":"Gremlin Leader","floor":31,"turns":6},{"damage":26,"enemies":"Champ","floor":33,"turns":7},{"damage":22,"enemies":"3 Darklings","floor":35,"turns":3},{"damage":1,"enemies":"Orb Walker","floor":36,"turns":3},{"damage":8,"enemies":"2 Orb Walkers","floor":37,"turns":3},{"damage":5,"enemies":"4 Shapes","floor":39,"turns":3},{"damage":53,"enemies":"Giant Head","floor":40,"turns":8},{"damage":5,"enemies":"Jaw Worm Horde","floor":42,"turns":3},{"damage":0,"enemies":"Reptomancer","floor":44,"turns":3},{"damage":0,"enemies":"Spire Growth","floor":45,"turns":4},{"damage":0,"enemies":"4 Shapes","floor":46,"turns":2},{"damage":0,"enemies":"Sphere and 2 Shapes","floor":47,"turns":3},{"damage":8,"enemies":"3 Darklings","floor":48,"turns":2},{"damage":74,"enemies":"Awakened One","floor":50,"turns":13}],"seed_played":"2527003873814512968","potions_obtained":[{"floor":1,"key":"PowerPotion"},{"floor":7,"key":"PowerPotion"},{"floor":8,"key":"EssenceOfSteel"},{"floor":11,"key":"Energy Potion"},{"floor":16,"key":"AttackPotion"},{"floor":18,"key":"Explosive Potion"},{"floor":25,"key":"BlessingOfTheForge"},{"floor":33,"key":"Energy Potion"},{"floor":37,"key":"Regen Potion"},{"floor":42,"key":"Weak Potion"},{"floor":45,"key":"LiquidMemories"},{"floor":47,"key":"PowerPotion"}],"is_trial":true,"path_per_floor":["M","M","?","M","M","E","M","E","T","E","E","R","M","E","R","B",null,"M","?","T","M","E","E","M","M","T","R","M","R","?","E","R","B",null,"M","M","?","$","M","E","$","M","T","E","M","M","M","M","R","B",null],"character_chosen":"THE_SILENT","items_purchased":["Frozen Egg 2","Well Laid Plans+1","Blue Candle","Chemical X","Eviscerate","Die Die Die","Acrobatics","Backflip","PowerPotion","PiercingWail","Dagger Throw"],"campfire_rested":6,"item_purchase_floors":[38,38,38,38,38,38,38,38,38,41,41],"current_hp_per_floor":[70,70,70,70,70,59,48,48,48,40,26,51,50,33,58,55,84,67,51,51,51,11,6,11,7,7,33,34,60,60,51,77,55,89,67,70,62,62,61,35,35,36,36,38,48,52,58,56,82,18],"gold":479,"neow_bonus":"","is_daily":false,"chose_seed":false,"campfire_upgraded":0,"win_rate":0.0,"timestamp":1613304976,"path_taken":["M","?","?","M","M","E","M","E","T","E","?","R","M","E","R","BOSS","M","?","?","M","?","E","M","?","T","R","M","R","?","?","R","BOSS","M","M","?","$","?","E","?","M","T","?","M","?","M","M","R","BOSS"],"items_purchased_type":["Relic","Card","Relic","Relic","Card","Card","Card","Card","Potion","Card","Card"],"build_version":"2020-12-22","purchased_purges":0,"victory":true,"max_hp_per_floor":[70,70,70,70,70,84,84,84,84,84,84,84,84,84,84,84,84,84,89,89,89,89,89,89,89,89,89,89,89,89,89,89,89,89,89,89,89,89,89,89,89,89,89,89,89,89,89,89,89,89],"relic_stats":{"counters":[33,140],"CeramicFish":279,"Blue Candle":[1],"HoveringKite":[66],"StoneCalendar":[156],"Tingsha":[189],"Pen Nib":[21],"PreservedInsect":58,"Boot":[24],"Smiling Mask":0,"Cursed Key":1,"Mercury Hourglass":[443],"Shovel":0,"Bird Faced Urn":[90],"Chemical X":[2],"obtain_stats":[{"CeramicFish":10,"Blue Candle":38,"HoveringKite":17,"Vajra":43,"Mango":6,"StoneCalendar":31,"Tingsha":37,"Pen Nib":9,"PreservedInsect":40,"Frozen Egg 2":38,"Boot":26,"Smiling Mask":26,"Cursed Key":34,"Akabeko":20,"Mercury Hourglass":11,"Old Coin":43,"Frozen Eye":0,"Shovel":8,"Matryoshka":22,"Bird Faced Urn":23,"Chemical X":38,"Ring of the Snake":0,"Pocketwatch":14},{"CeramicFish":8,"Blue Candle":24,"HoveringKite":12,"Vajra":27,"Mango":5,"StoneCalendar":20,"Tingsha":24,"Pen Nib":7,"PreservedInsect":26,"Frozen Egg 2":24,"Boot":18,"Smiling Mask":18,"Cursed Key":21,"Akabeko":13,"Mercury Hourglass":9,"Old Coin":27,"Frozen Eye":0,"Shovel":7,"Matryoshka":15,"Bird Faced Urn":16,"Chemical X":24,"Ring of the Snake":0,"Pocketwatch":11},{"CeramicFish":25,"Blue Candle":99,"HoveringKite":49,"Vajra":113,"Mango":15,"StoneCalendar":83,"Tingsha":99,"Pen Nib":20,"PreservedInsect":110,"Frozen Egg 2":99,"Boot":73,"Smiling Mask":73,"Cursed Key":90,"Akabeko":53,"Mercury Hourglass":28,"Old Coin":113,"Frozen Eye":0,"Shovel":20,"Matryoshka":59,"Bird Faced Urn":62,"Chemical X":99,"Ring of the Snake":0,"Pocketwatch":38}],"Ring of the Snake":[66],"Pocketwatch":[46]},"card_choices":[{"not_picked":["Underhanded Strike","All Out Attack"],"picked":"Dagger Throw","floor":1},{"not_picked":["Outmaneuver","Flying Knee","Poisoned Stab"],"picked":"SKIP","floor":2},{"not_picked":["Dodge and Roll","Catalyst"],"picked":"Infinite Blades","floor":4},{"not_picked":["Escape Plan","Deflect"],"picked":"Corpse Explosion","floor":5},{"not_picked":["Infinite Blades","Slice","Bane"],"picked":"SKIP","floor":6},{"not_picked":["PiercingWail","Accuracy"],"picked":"Infinite Blades","floor":7},{"not_picked":["Phantasmal Killer","Slice","Cloak And Dagger"],"picked":"SKIP","floor":8},{"not_picked":["Caltrops","Quick Slash"],"picked":"Dagger Throw","floor":10},{"not_picked":["Deflect","Blade Dance"],"picked":"Dodge and Roll","floor":11},{"not_picked":["Setup","Dagger Spray"],"picked":"Deflect","floor":13},{"not_picked":["PiercingWail","A Thousand Cuts"],"picked":"Deflect","floor":14},{"not_picked":["Phantasmal Killer","Burst"],"picked":"Envenom","floor":16},{"not_picked":["Poisoned Stab+1","Terror"],"picked":"Prepared","floor":18},{"not_picked":["Outmaneuver+1","A Thousand Cuts"],"picked":"Prepared","floor":21},{"not_picked":["Reflex+1","Slice"],"picked":"Crippling Poison","floor":22},{"not_picked":["Tactician","Dagger Throw+1"],"picked":"Acrobatics","floor":23},{"not_picked":["Sucker Punch+1","Underhanded Strike"],"picked":"Acrobatics+1","floor":24},{"not_picked":["Acrobatics","Dodge and Roll"],"picked":"Prepared","floor":25},{"not_picked":["Sucker Punch","Quick Slash"],"picked":"Venomology","floor":28},{"not_picked":["Outmaneuver","Backflip"],"picked":"Dagger Throw","floor":31},{"not_picked":["Prepared","Bouncing Flask+1"],"picked":"Acrobatics","floor":35},{"not_picked":["Finisher","Outmaneuver+1"],"picked":"Eviscerate+1","floor":36},{"not_picked":["Terror+1","Finisher+1"],"picked":"Acrobatics+1","floor":39},{"not_picked":["Predator","Outmaneuver+1"],"picked":"Footwork+1","floor":40},{"not_picked":["Dodge and Roll+1","Outmaneuver+1"],"picked":"Footwork+1","floor":42},{"not_picked":["Terror+1","Infinite Blades+1"],"picked":"Flying Knee+1","floor":44},{"not_picked":["Deadly Poison","Bane+1"],"picked":"Dagger Spray+1","floor":45},{"not_picked":["Expertise+1","Bullet Time"],"picked":"Backflip+1","floor":46},{"not_picked":["Quick Slash","Prepared"],"picked":"Acrobatics","floor":47},{"not_picked":["Expertise","Endless Agony"],"picked":"Deflect+1","floor":48}],"player_experience":1409216,"relics_obtained":[{"floor":6,"key":"Mango"},{"floor":8,"key":"Shovel"},{"floor":9,"key":"Pen Nib"},{"floor":10,"key":"CeramicFish"},{"floor":11,"key":"Mercury Hourglass"},{"floor":14,"key":"Pocketwatch"},{"floor":20,"key":"Akabeko"},{"floor":22,"key":"Matryoshka"},{"floor":23,"key":"Bird Faced Urn"},{"floor":26,"key":"Boot"},{"floor":26,"key":"Smiling Mask"},{"floor":31,"key":"StoneCalendar"},{"floor":37,"key":"Tingsha"},{"floor":40,"key":"PreservedInsect"},{"floor":43,"key":"Vajra"},{"floor":43,"key":"Old Coin"}],"event_choices":[{"damage_healed":0,"gold_gain":0,"player_choice":"1 cards matched","damage_taken":0,"max_hp_gain":0,"max_hp_loss":0,"event_name":"Match and Keep!","floor":3,"gold_loss":0,"cards_obtained":["Die Die Die"]},{"damage_healed":0,"gold_gain":0,"player_choice":"Shed Blood","damage_taken":21,"max_hp_gain":5,"max_hp_loss":0,"event_name":"Forgotten Altar","floor":19,"gold_loss":0},{"damage_healed":0,"gold_gain":0,"player_choice":"Simplicity","damage_taken":0,"max_hp_gain":0,"max_hp_loss":0,"event_name":"Back to Basics","floor":30,"gold_loss":0,"cards_upgraded":["Strike_R","Strike_G","Strike_B","Defend_R","Defend_G","Defend_P"]},{"damage_healed":0,"gold_gain":0,"player_choice":"Fight","damage_taken":0,"max_hp_gain":0,"max_hp_loss":0,"event_name":"Mysterious Sphere","floor":37,"gold_loss":0}],"is_beta":false,"boss_relics":[{"not_picked":["Calling Bell","Philosopher\u0027s Stone"],"picked":"HoveringKite"},{"not_picked":["Ring of the Serpent","Astrolabe"],"picked":"Cursed Key"}],"items_purged_floors":[],"is_endless":false,"potions_floor_spawned":[1,7,8,11,16,18,25,33,37,42,45,46,47],"ascension_level":0}}