{"host":"g0zlq7spi0ykrc8e","time":1613320148,"event":{"mods":["BaseMod","Colored Powertips","Friendly Minions","Kiyohime（清姬）","Minty Spire (QoL Compilation)","Nova Terra(诺娃・泰拉)","Quick Restart","Remilia（蕾米莉亚）","StSLib","UnlockEverythingMod","WarShipGirlsR/战舰少女R mod"],"gold_per_floor":[119,136,155,155,169,169,169],"floor_reached":6,"language":"ZHS","playtime":317,"items_purged":[],"score":38,"play_id":"0a0e8fd8-f64f-4b54-950e-63555d4af988","local_time":"20210215002908","is_ascension_mode":false,"campfire_choices":[],"circlet_count":0,"master_deck":["NovaMod:Basic_Strike_Nova","NovaMod:Basic_Strike_Nova","NovaMod:Basic_Strike_Nova","NovaMod:Basic_Strike_Nova","NovaMod:Basic_Defend_Nova","NovaMod:Basic_Defend_Nova","NovaMod:Basic_Defend_Nova","NovaMod:Basic_Defend_Nova","NovaMod:Snipe","NovaMod:PenetratingBlast","NovaMod:Mediatation","NovaMod:SuperStimPack","NovaMod:QuickResponse","Madness","NovaMod:Basic_Defend_Nova","NovaMod:AirDrop","Clumsy","NovaMod:MultilayerArmor"],"relics":["NovaMod:GhostSuit","NeowsBlessing"],"acts_visited":["Exordium"],"potions_floor_usage":[],"damage_taken":[{"damage":0.0,"enemies":"Jaw Worm","floor":1.0,"turns":1.0},{"damage":0.0,"enemies":"Cultist","floor":2.0,"turns":1.0},{"damage":3.0,"enemies":"2 Louse","floor":3.0,"turns":2.0},{"damage":19,"enemies":"2 Fungi Beasts","floor":5,"turns":6},{"damage":32,"enemies":"Lagavulin","floor":6,"turns":8}],"seed_played":"-3351362452186311","potions_obtained":[{"floor":2.0,"key":"Strength Potion"},{"floor":3.0,"key":"SpeedPotion"}],"is_trial":false,"path_per_floor":["M","M","M","?","M","E"],"character_chosen":"NOVA","items_purchased":[],"campfire_rested":0,"item_purchase_floors":[],"current_hp_per_floor":[80,80,77,77,58,26,26],"gold":169,"neow_bonus":"THREE_ENEMY_KILL","is_daily":false,"chose_seed":false,"campfire_upgraded":0,"win_rate":0.0,"timestamp":1613320148,"path_taken":["M","M","M","?","M","E"],"items_purchased_type":[],"build_version":"2020-12-22","purchased_purges":0,"victory":false,"max_hp_per_floor":[80,80,80,80,80,80,80],"card_choices":[{"not_picked":["NovaMod:SmartServos","NovaMod:WidowMine"],"picked":"NovaMod:Mediatation","floor":1.0},{"not_picked":["NovaMod:RaidArtillery","NovaMod:Lurk"],"picked":"NovaMod:SuperStimPack","floor":2.0},{"not_picked":["NovaMod:Pollution","NovaMod:SmartServos"],"picked":"NovaMod:QuickResponse","floor":3.0},{"not_picked":["NovaMod:Barrier","NovaMod:NuclearInterference"],"picked":"NovaMod:MultilayerArmor","floor":5}],"player_experience":137526,"relics_obtained":[],"event_choices":[{"damage_healed":0,"gold_gain":0,"player_choice":"4 cards matched","damage_taken":0,"max_hp_gain":0,"max_hp_loss":0,"event_name":"Match and Keep!","floor":4,"gold_loss":0,"cards_obtained":["Madness","NovaMod:Basic_Defend_Nova","NovaMod:AirDrop","Clumsy"]}],"is_beta":false,"boss_relics":[],"items_purged_floors":[],"is_endless":false,"potions_floor_spawned":[2,3],"killed_by":"Lagavulin","ascension_level":0}}