{"host":"4gkev1dtxxhiue3x","time":1613317490,"event":{"mods":["AchievementEnabler","BaseMod","Colored Powertips","Minty Spire (QoL Compilation)","Relic Stats","Robot Space Explorer","StSLib","The Hierophant"],"gold_per_floor":[363,333,352,352,39,72,72,72,96,107,53,63,79,92,92,191,191,201,201,151,161,175,175,29,60,85,85,119,69,69,81,81,176,176,189,189,209,209,220,220,252,252,252,270,320,333,350,251,251,251,251],"floor_reached":50,"language":"ENG","playtime":4682,"items_purged":["Regret","Strike_G","Strike_G","Setup"],"score":669,"play_id":"2f803254-ebc1-47a2-9356-3a9b51dc3069","local_time":"20210214164450","is_ascension_mode":true,"campfire_choices":[{"floor":7,"key":"REST"},{"floor":15,"key":"REST"},{"floor":23,"key":"REST"},{"floor":27,"key":"REST"},{"floor":32,"key":"REST"},{"floor":40,"key":"REST"},{"floor":42,"key":"REST"},{"floor":49,"key":"REST"}],"circlet_count":0,"master_deck":["Survivor","Neutralize","Prepared","Dagger Spray","Blur","Accuracy","Cloak And Dagger","Blade Dance","Infinite Blades","Prepared","Corpse Explosion","Footwork","Deflect+1","Blade Dance","Envenom","Dagger Throw","After Image","Blade Dance","Accuracy","Envenom","Leg Sweep","Caltrops","Blur","Heel Hook","Backflip","Prepared+1","Blade Dance+1","Blade Dance+1","Infinite Blades","Terror+1"],"relics":["Ring of the Snake","Mango","InkBottle","Omamori","Blood Vial","HoveringKite","Smiling Mask","Nunchaku","Vajra","Dream Catcher","Pandora\u0027s Box","Darkstone Periapt","Kunai","Letter Opener","Turnip"],"acts_visited":["Exordium","TheCity","TheBeyond"],"potions_floor_usage":[3,6,6,13,18,25,28,28,33,39,46,50,50],"damage_taken":[{"damage":8,"enemies":"2 Louse","floor":1,"turns":3},{"damage":1,"enemies":"Cultist","floor":3,"turns":3},{"damage":28,"enemies":"3 Sentries","floor":6,"turns":7},{"damage":1,"enemies":"Jaw Worm","floor":10,"turns":5},{"damage":7,"enemies":"3 Louse","floor":12,"turns":4},{"damage":15,"enemies":"Gremlin Gang","floor":13,"turns":3},{"damage":6,"enemies":"Looter","floor":14,"turns":3},{"damage":47,"enemies":"Hexaghost","floor":16,"turns":14},{"damage":16,"enemies":"Spheric Guardian","floor":18,"turns":4},{"damage":33,"enemies":"2 Thieves","floor":21,"turns":3},{"damage":0,"enemies":"Cultist and Chosen","floor":22,"turns":4},{"damage":24,"enemies":"Slavers","floor":25,"turns":3},{"damage":22,"enemies":"Gremlin Leader","floor":28,"turns":8},{"damage":10,"enemies":"Centurion and Healer","floor":31,"turns":5},{"damage":56,"enemies":"Automaton","floor":33,"turns":9},{"damage":32,"enemies":"3 Shapes","floor":35,"turns":4},{"damage":31,"enemies":"3 Darklings","floor":37,"turns":3},{"damage":13,"enemies":"Maw","floor":39,"turns":6},{"damage":22,"enemies":"Giant Head","floor":41,"turns":7},{"damage":12,"enemies":"4 Shapes","floor":44,"turns":4},{"damage":6,"enemies":"Mind Bloom Boss Battle","floor":45,"turns":5},{"damage":0,"enemies":"Writhing Mass","floor":46,"turns":6},{"damage":1,"enemies":"Maw","floor":47,"turns":5},{"damage":61,"enemies":"Awakened One","floor":50,"turns":3}],"seed_played":"-6967934725562913288","potions_obtained":[{"floor":1,"key":"Explosive Potion"},{"floor":2,"key":"ColorlessPotion"},{"floor":2,"key":"ColorlessPotion"},{"floor":10,"key":"Fire Potion"},{"floor":12,"key":"Dexterity Potion"},{"floor":14,"key":"PowerPotion"},{"floor":16,"key":"Poison Potion"},{"floor":22,"key":"Strength Potion"},{"floor":25,"key":"SkillPotion"},{"floor":31,"key":"Explosive Potion"},{"floor":33,"key":"SpeedPotion"},{"floor":35,"key":"DuplicationPotion"},{"floor":44,"key":"SpeedPotion"},{"floor":45,"key":"SneckoOil"}],"is_trial":false,"path_per_floor":["M","?","M","?","$","E","R","?","T","M","$","M","M","M","R","B",null,"M","?","?","M","M","R","$","E","T","R","E","$","?","M","R","B",null,"M","?","M","?","M","R","E","R","T","M","?","M","M","$","R","B"],"character_chosen":"THE_SILENT","items_purchased":["InkBottle","Cloak And Dagger","Blade Dance","PowerPotion"],"campfire_rested":8,"item_purchase_floors":[5,11,24,48],"current_hp_per_floor":[62,62,61,75,75,47,72,72,72,73,73,68,55,51,76,31,84,68,68,68,37,39,64,64,42,42,67,47,47,47,39,64,10,84,52,52,23,23,12,37,17,42,42,32,28,30,31,31,56,0,0],"gold":251,"neow_bonus":"TWO_FIFTY_GOLD","is_daily":false,"chose_seed":false,"campfire_upgraded":0,"win_rate":0.0,"timestamp":1613317490,"path_taken":["M","?","?","?","$","E","R","?","T","M","$","?","M","M","R","BOSS","M","?","?","?","M","R","$","E","T","R","E","$","?","M","R","BOSS","M","?","M","?","M","R","E","R","T","?","?","M","M","$","R","BOSS"],"items_purchased_type":["Relic","Card","Card","Potion"],"build_version":"2020-12-22","purchased_purges":4,"victory":false,"max_hp_per_floor":[70,70,70,84,84,84,84,84,84,84,84,84,84,84,84,84,84,84,84,84,84,84,84,84,84,84,84,84,84,84,84,84,84,84,84,84,84,84,84,84,84,84,84,84,84,84,84,84,84,84,84],"relic_stats":{"Darkstone Periapt":0,"counters":[24,121],"HoveringKite":[47],"Letter Opener":[130],"Smiling Mask":175,"Blood Vial":38,"Nunchaku":[21],"Dream Catcher":4,"Pandora\u0027s Box":["Blade Dance","Setup","Accuracy","Envenom","Leg Sweep","Caltrops","Blur","Heel Hook"],"Turnip":[3],"Kunai":[20],"obtain_stats":[{"Darkstone Periapt":38,"HoveringKite":17,"Vajra":28,"Mango":4,"Omamori":6,"Letter Opener":43,"Smiling Mask":25,"Blood Vial":9,"Nunchaku":26,"Dream Catcher":30,"Pandora\u0027s Box":34,"Turnip":45,"Kunai":41,"InkBottle":5,"Ring of the Snake":0},{"Darkstone Periapt":17,"HoveringKite":8,"Vajra":13,"Mango":2,"Omamori":3,"Letter Opener":19,"Smiling Mask":12,"Blood Vial":3,"Nunchaku":12,"Dream Catcher":13,"Pandora\u0027s Box":15,"Turnip":21,"Kunai":19,"InkBottle":2,"Ring of the Snake":0},{"Darkstone Periapt":85,"HoveringKite":42,"Vajra":64,"Mango":6,"Omamori":13,"Letter Opener":98,"Smiling Mask":56,"Blood Vial":13,"Nunchaku":56,"Dream Catcher":64,"Pandora\u0027s Box":78,"Turnip":107,"Kunai":98,"InkBottle":6,"Ring of the Snake":0}],"InkBottle":[69],"Ring of the Snake":[48]},"card_choices":[{"not_picked":["Concentrate","Underhanded Strike"],"picked":"Prepared","floor":1},{"not_picked":["Night Terror","Predator"],"picked":"Dagger Spray","floor":3},{"not_picked":["Expertise","Deadly Poison"],"picked":"Blur","floor":6},{"not_picked":["Endless Agony","Deflect"],"picked":"Accuracy","floor":10},{"not_picked":["Skewer","Finisher"],"picked":"Blade Dance","floor":12},{"not_picked":["Slice","Outmaneuver"],"picked":"Infinite Blades","floor":13},{"not_picked":["Underhanded Strike","Dagger Spray"],"picked":"Prepared","floor":14},{"not_picked":["Wraith Form v2","Venomology"],"picked":"Corpse Explosion","floor":16},{"not_picked":["Outmaneuver","Riddle With Holes","Dagger Spray"],"picked":"SKIP","floor":18},{"not_picked":["Choke+1","Well Laid Plans"],"picked":"Footwork","floor":21},{"not_picked":["Dagger Spray","Underhanded Strike"],"picked":"Deflect+1","floor":22},{"not_picked":["Deadly Poison","Bane","Setup"],"picked":"SKIP","floor":25},{"not_picked":["Underhanded Strike","Outmaneuver+1"],"picked":"Envenom","floor":28},{"not_picked":["PiercingWail","Poisoned Stab+1","Dodge and Roll"],"picked":"SKIP","floor":31},{"not_picked":["Dodge and Roll","Expertise"],"picked":"Dagger Throw","floor":32},{"not_picked":["A Thousand Cuts","Adrenaline"],"picked":"After Image","floor":33},{"not_picked":["Deflect","Dodge and Roll+1","Distraction"],"picked":"SKIP","floor":35},{"not_picked":["Flying Knee+1","Eviscerate"],"picked":"Backflip","floor":37},{"not_picked":["Heel Hook","Underhanded Strike+1"],"picked":"Prepared+1","floor":39},{"not_picked":["Outmaneuver","Escape Plan"],"picked":"Blade Dance+1","floor":41},{"not_picked":["Slice+1","Footwork"],"picked":"Blade Dance+1","floor":42},{"not_picked":["Flechettes","Dash"],"picked":"Infinite Blades","floor":44},{"not_picked":["Escape Plan","Sucker Punch"],"picked":"Terror+1","floor":45},{"not_picked":["Finisher+1","Tactician","Well Laid Plans"],"picked":"SKIP","floor":46},{"not_picked":["Flying Knee+1","Die Die Die","Prepared+1"],"picked":"SKIP","floor":47}],"player_experience":158434,"relics_obtained":[{"floor":6,"key":"Omamori"},{"floor":9,"key":"Blood Vial"},{"floor":25,"key":"Smiling Mask"},{"floor":26,"key":"Nunchaku"},{"floor":28,"key":"Vajra"},{"floor":41,"key":"Kunai"},{"floor":43,"key":"Letter Opener"},{"floor":45,"key":"Turnip"}],"event_choices":[{"damage_healed":0,"gold_gain":0,"player_choice":"Bought 2 Potions","damage_taken":0,"max_hp_gain":0,"max_hp_loss":0,"event_name":"The Woman in Blue","floor":2,"gold_loss":0},{"damage_healed":0,"gold_gain":0,"player_choice":"Box","damage_taken":0,"relics_obtained":["Mango"],"max_hp_gain":0,"max_hp_loss":0,"event_name":"Big Fish","floor":4,"gold_loss":0,"cards_obtained":["Regret"]},{"cards_removed":["Regret"],"damage_healed":0,"gold_gain":0,"player_choice":"Removed Curses","damage_taken":0,"max_hp_gain":0,"max_hp_loss":0,"event_name":"Fountain of Cleansing","floor":8,"gold_loss":0},{"damage_healed":0,"gold_gain":0,"player_choice":"Ignored","damage_taken":0,"max_hp_gain":0,"max_hp_loss":0,"event_name":"Ghosts","floor":19,"gold_loss":0},{"damage_healed":0,"gold_gain":0,"player_choice":"Bet on Murderer","damage_taken":0,"max_hp_gain":0,"max_hp_loss":0,"event_name":"The Joust","floor":20,"gold_loss":50},{"damage_healed":0,"gold_gain":0,"player_choice":"Stole Relic","damage_taken":0,"relics_obtained":["Dream Catcher"],"max_hp_gain":0,"max_hp_loss":0,"event_name":"Addict","floor":30,"gold_loss":0,"cards_obtained":["Shame"]},{"damage_healed":0,"gold_gain":0,"player_choice":"Memory 1","damage_taken":0,"max_hp_gain":0,"max_hp_loss":0,"event_name":"SensoryStone","floor":36,"gold_loss":0},{"damage_healed":0,"gold_gain":0,"player_choice":"Gave Potion","damage_taken":0,"relics_obtained":["Darkstone Periapt"],"max_hp_gain":0,"max_hp_loss":0,"event_name":"WeMeetAgain","floor":38,"gold_loss":0},{"damage_healed":0,"gold_gain":0,"player_choice":"Fight","damage_taken":0,"max_hp_gain":0,"max_hp_loss":0,"event_name":"MindBloom","floor":45,"gold_loss":0}],"is_beta":false,"boss_relics":[{"not_picked":["Runic Dome","Ectoplasm"],"picked":"HoveringKite"},{"not_picked":["Cursed Key","Runic Pyramid"],"picked":"Pandora\u0027s Box"}],"items_purged_floors":[5,24,29,48],"is_endless":false,"potions_floor_spawned":[1,10,12,14,16,22,25,31,33,35,37,44,45],"killed_by":"Awakened One","ascension_level":4}}