{"host":"tm3ghj8mno6gwywm","time":1613284676,"event":{"mods":["2.2 Compatiblity","AchievementEnabler","Bard","BaseMod","Beaked The Cultist","Better Third Choice","Colored Map","Colored Powertips","Conspire","Downfall","Glutton Mod","GungeonMod","Halation","Hermit","Hubris","Infinite Spire","Jorbs\u0027s Wanderer Trilogy","Mad Scientist","Marisa????????","Marked Mod","Mimic Mod","Minty Spire (QoL Compilation)","Potionbrewer","Quick Restart","Replay The Spire","Shade Mod","Shop Mod","Somnambulant","Spicy Shops","StSLib","SuperFastMode","The Bug Knight","The Construct","The Cursed","The Disciple","The Hierophant","The IronCluck","The Judge","The Jungle","The Necromancer","The Runesmith","The Servant 0.9.4","egg"],"gold_per_floor":[411,204,204,214,232,267,267,302,302,316,336,91,7,36,36,136,136,152,152,66,78,13,48,48,48,88,88,115,132,159,172,172,267,267,279,293,90,135,163,201,201,201,201,201,233,268,301,333,333,333,333,333,8,43,43],"floor_reached":56,"language":"ENG","playtime":2092,"items_purged":["SwitchConfidence"],"score":2007,"play_id":"f307742d-9091-4b2f-83c1-d51a173ad987","local_time":"20210214013756","is_ascension_mode":false,"campfire_choices":[{"floor":15,"key":"RECALL"},{"data":"Neutralize","floor":25,"key":"SMITH"},{"data":"Survivor","floor":32,"key":"SMITH"},{"data":"Defend_G","floor":49,"key":"SMITH"},{"data":"Defend_G","floor":52,"key":"SMITH"}],"circlet_count":0,"master_deck":["Strike_G","Strike_G","Strike_G","Strike_G","Strike_G","Defend_G","Defend_G","Defend_G","Defend_G+1","Defend_G+1","Survivor+1","Neutralize+1","Forethought+1","Bouncing Flask+1","Slice+1","Die Die Die+1","Dagger Spray+1","Venomology+1","Crippling Poison+1","Footwork+1","Slice+1","Envenom+1","Draining Mist+1","Poisoned Stab+1","ReplayTheSpireMod:Brewmster+1","Slice+1","infinitespire:Neurotoxin+1","Escape Plan+1","Bouncing Flask+1","ReplayTheSpireMod:Private Reserves+1","After Image+1","PiercingWail+1","Backstab+1","Dagger Spray+1","ReplayTheSpireMod:Exploit Weakness+1","Deadly Poison+1","Slice+1","Deadly Poison+1","Catalyst+1","DemoMod:Deposit+1","Replay:Poison Smokescreen+1","Crippling Poison+1","Replay:Poison Smokescreen+1"],"relics":["Ring of the Snake","Membership Card","Quantum Egg","Frozen Egg 2","Toxic Egg 2","Molten Egg 2","Black Star","Mummified Hand","Lizard Tail","WingedGreaves","Old Coin","Orrery","Bag of Preparation","betterThird:SlimedRelic","Question Card","ReplayTheSpireMod:Shallot","Toy Ornithopter","Matryoshka","Strawberry","bronze:DonusWashers","TwistedFunnel","DemoMod:SerJunkan","DemoMod:MonsterBlood","hubris:PeanutButter","ReplayTheSpireMod:CursedCoin","bronze:BronzeIdol","Replay:Ringing Soul","Oddly Smooth Stone","DemoMod:BlueGuonStone","Replay:Bottled Flurry","Byrd Skull","Smiling Mask","DemoMod:ChaffGrenade","champ:DeflectingBracers","DemoMod:MeltedRock","infinitespire:Beetle Shell","halation:Prosthetics","Sling","infinitespire:CheckeredPen","infinitespire:EvilPickle","CatCart","Ancient Tea Set","ReplayTheSpireMod:Lightbulb","potionbrewer:SlideRule","Gremlin Horn","Iron Hammer","halation:LettersToHer","hubris:ToyBattleship","DemoMod:Junk"],"acts_visited":["Exordium","TheCity","TheBeyond","TheEnding"],"potions_floor_usage":[6,8,8,8,11,11,16,16,16,21,21,28,31,31,33,33,35,36,38,38,44,45,47,47,47,47,47,47,47,47,48,48,50,54,54,54,54,55,55,55,55,55],"damage_taken":[{"damage":0,"enemies":"Jaw Worm","floor":1,"turns":6},{"damage":0,"enemies":"infinitespire:Voidling","floor":4,"turns":2},{"damage":0,"enemies":"Cultist","floor":5,"turns":2},{"damage":4,"enemies":"3 Sentries","floor":6,"turns":5},{"damage":12,"enemies":"Lagavulin","floor":8,"turns":5},{"damage":0,"enemies":"2 Fungi Beasts","floor":10,"turns":2},{"damage":0,"enemies":"conspire:2 RoseBushes","floor":11,"turns":4},{"damage":0,"enemies":"HollowMod:MossKnight","floor":14,"turns":3},{"damage":0,"enemies":"Hexaghost","floor":16,"turns":7},{"damage":0,"enemies":"3 Byrds","floor":18,"turns":3},{"damage":0,"enemies":"Sentry and Sphere","floor":21,"turns":3},{"damage":0,"enemies":"Slavers","floor":23,"turns":4},{"damage":0,"enemies":"Snake Plant","floor":26,"turns":4},{"damage":0,"enemies":"conspire:SneckoGhost","floor":28,"turns":4},{"damage":0,"enemies":"Snake Plant","floor":29,"turns":3},{"damage":0,"enemies":"Replay:Snechameleon","floor":30,"turns":2},{"damage":0,"enemies":"Shelled Parasite and Fungi","floor":31,"turns":2},{"damage":0,"enemies":"Pondfish","floor":33,"turns":8},{"damage":0,"enemies":"Orb Walker","floor":35,"turns":2},{"damage":0,"enemies":"3 Shapes","floor":36,"turns":3},{"damage":0,"enemies":"Orin","floor":38,"turns":5},{"damage":0,"enemies":"Sphere and 2 Shapes","floor":39,"turns":2},{"damage":0,"enemies":"R_Hoarder","floor":40,"turns":3},{"damage":0,"enemies":"4 Shapes","floor":45,"turns":1},{"damage":0,"enemies":"3 Darklings","floor":46,"turns":2},{"damage":0,"enemies":"Transient","floor":47,"turns":5},{"damage":0,"enemies":"Writhing Mass","floor":48,"turns":3},{"damage":0,"enemies":"Awakened One","floor":50,"turns":9},{"damage":0,"enemies":"Shield and Spear","floor":54,"turns":2},{"damage":11,"enemies":"The Heart","floor":55,"turns":8}],"seed_played":"8993254219429050630","potions_obtained":[{"floor":4,"key":"Swift Potion"},{"floor":6,"key":"Weak Potion"},{"floor":8,"key":"DemoMod:LeadSkinPotion"},{"floor":10,"key":"PowerPotion"},{"floor":11,"key":"potionbrewer:EndurancePotion"},{"floor":23,"key":"Strength Potion"},{"floor":28,"key":"DuplicationPotion"},{"floor":39,"key":"infinitespire:BlackPotion"},{"floor":44,"key":"Fruit Juice"},{"floor":44,"key":"potionbrewer:AcidPotion"}],"is_trial":false,"path_per_floor":["M","$","?","M","M","E","?","E","T","M","M","$","$","E","R","B",null,"M","?","$","M","$","E","?","R","MIM","$","E","M","E","M","R","B",null,"M","M","$","?","M","E","?","?","T","?","M","M","M","M","R","B",null,"R","$","E","B",null],"character_chosen":"THE_SILENT","items_purchased":["Orrery","Bag of Preparation","Venomology+1","bronze:DonusWashers","Poisoned Stab+1","TwistedFunnel","DemoMod:SerJunkan","ReplayTheSpireMod:Brewmster+1","Bouncing Flask+1","ReplayTheSpireMod:CursedCoin","bronze:BronzeIdol","ReplayTheSpireMod:Private Reserves+1","Replay:Ringing Soul","Sling","infinitespire:CheckeredPen","Gremlin Horn","Iron Hammer","halation:LettersToHer"],"campfire_rested":0,"item_purchase_floors":[2,2,2,12,12,12,12,13,20,20,20,20,22,37,37,53,53,53],"current_hp_per_floor":[70,70,59,59,59,55,55,43,50,50,60,60,60,67,67,82,84,84,78,78,84,84,87,87,87,87,87,90,93,93,93,93,93,58,61,64,64,67,70,73,76,76,76,81,81,84,87,90,90,90,90,90,90,90,86],"gold":43,"neow_bonus":"RANDOM_COLORLESS","is_daily":false,"chose_seed":false,"campfire_upgraded":4,"win_rate":0.0,"timestamp":1613284676,"path_taken":["M","$","?","M","M","E","?","E","T","M","?","?","$","E","R","BOSS","M","?","$","M","?","E","?","R","MIM","$","E","M","E","M","R","BOSS","M","M","$","?","M","E","?","?","T","?","M","M","M","?","R","BOSS","R","$","E","BOSS"],"items_purchased_type":["Relic","Relic","Card","Relic","Card","Relic","Relic","Card","Card","Relic","Relic","Card","Relic","Relic","Relic","Relic","Relic","Relic"],"build_version":"2020-12-22","purchased_purges":1,"victory":true,"max_hp_per_floor":[70,70,70,70,70,70,70,70,77,77,77,77,77,84,84,84,84,84,84,84,84,84,87,87,87,87,87,90,93,93,93,93,93,58,61,64,64,67,70,73,76,76,76,81,81,84,87,90,90,90,90,90,90,90,90],"card_choices":[{"not_picked":["Replay:BasicMightCard","DemoMod:Spice"],"picked":"Forethought","floor":0},{"not_picked":["Dash+1","Hidden Blade+1","Quick Slash+1"],"picked":"SKIP","floor":1},{"not_picked":["Backflip+1","ReplayTheSpireMod:The Works+1"],"picked":"Bouncing Flask+1","floor":2},{"not_picked":["Heel Hook+1","Sucker Punch+1"],"picked":"Slice+1","floor":2},{"not_picked":["Quick Slash+1","Sneak Up+1"],"picked":"Die Die Die+1","floor":2},{"not_picked":["Outmaneuver+1","Underhanded Strike+1"],"picked":"Dagger Spray+1","floor":2},{"not_picked":["Acrobatics+1","hubris:SlightOfHand+1"],"picked":"Crippling Poison+1","floor":4},{"not_picked":["Dodge and Roll+1","Bane+1"],"picked":"Footwork+1","floor":5},{"not_picked":["Replay:Bag of Tricks+1","ReplayTheSpireMod:From All Sides+1"],"picked":"Slice+1","floor":6},{"not_picked":["Cloak And Dagger+1","Masterful Stab+1","Underhanded Strike+1"],"picked":"Envenom+1","floor":8},{"not_picked":["Masterful Stab+1","hubris:TrickCloak+1","Bane+1"],"picked":"Draining Mist+1","floor":10},{"not_picked":["Hidden Blade+1","Backflip+1","Dash+1","Outmaneuver+1"],"picked":"SKIP","floor":11},{"not_picked":["Dash+1","PiercingWail+1","Sneak Up+1"],"picked":"Slice+1","floor":14},{"not_picked":["Die Die Die+1","Glass Knife+1","ReplayTheSpireMod:Necrosis+1"],"picked":"infinitespire:Neurotoxin+1","floor":16},{"not_picked":["Backflip+1","Poisoned Stab+1","Flying Knee+1"],"picked":"Escape Plan+1","floor":18},{"not_picked":["Acrobatics+1","Deflect+1","Prepared+1"],"picked":"After Image+1","floor":21},{"not_picked":["Backflip+1","Quick Slash+1","Skewer+1"],"picked":"PiercingWail+1","floor":23},{"not_picked":["Heel Hook+1","Outmaneuver+1","ReplayTheSpireMod:Tripwire+1"],"picked":"Backstab+1","floor":28},{"not_picked":["Deflect+1","Bouncing Flask+1","Slice+1"],"picked":"Dagger Spray+1","floor":29},{"not_picked":["Unload+1","Outmaneuver+1","Blur+1","Flying Knee+1"],"picked":"SKIP","floor":30},{"not_picked":["Setup+1","PiercingWail+1","Hidden Blade+1","hubris:SlightOfHand+1"],"picked":"SKIP","floor":31},{"not_picked":["PiercingWail+1","Dagger Spray+1","ReplayTheSpireMod:Scrap Shanks+1"],"picked":"ReplayTheSpireMod:Exploit Weakness+1","floor":35},{"not_picked":["hubris:SlightOfHand+1","Blade Dance+1","Dagger Spray+1"],"picked":"Deadly Poison+1","floor":36},{"not_picked":["Quick Slash+1","Poisoned Stab+1","Prepared+1"],"picked":"Slice+1","floor":38},{"not_picked":["Outmaneuver+1","ReplayTheSpireMod:Tripwire+1","Cloak And Dagger+1"],"picked":"Deadly Poison+1","floor":39},{"not_picked":["Choke+1","Acrobatics+1","Flechettes+1"],"picked":"Catalyst+1","floor":40},{"not_picked":["Forethought+1","Impatience+1","Crow Ritual+1"],"picked":"DemoMod:Deposit+1","floor":41},{"not_picked":["Dash+1","Bane+1","Malaise+1","Dodge and Roll+1"],"picked":"SKIP","floor":45},{"not_picked":["Outmaneuver+1","Cloak And Dagger+1","Well Laid Plans+1"],"picked":"Replay:Poison Smokescreen+1","floor":46},{"not_picked":["Replay:Poison Smokescreen+1","Cloak And Dagger+1","ReplayTheSpireMod:From All Sides+1"],"picked":"Crippling Poison+1","floor":47},{"not_picked":["hubris:TrickCloak+1","Leg Sweep+1","Dagger Spray+1"],"picked":"Replay:Poison Smokescreen+1","floor":48},{"not_picked":["Predator+1","Quick Slash+1","ReplayTheSpireMod:Speed Training+1","Calculated Gamble+1"],"picked":"SKIP","floor":54}],"player_experience":876516,"relics_obtained":[{"floor":6,"key":"Question Card"},{"floor":6,"key":"ReplayTheSpireMod:Shallot"},{"floor":8,"key":"Toy Ornithopter"},{"floor":8,"key":"Matryoshka"},{"floor":9,"key":"Strawberry"},{"floor":14,"key":"DemoMod:MonsterBlood"},{"floor":14,"key":"hubris:PeanutButter"},{"floor":23,"key":"Oddly Smooth Stone"},{"floor":23,"key":"DemoMod:BlueGuonStone"},{"floor":26,"key":"Replay:Bottled Flurry"},{"floor":26,"key":"Byrd Skull"},{"floor":26,"key":"Smiling Mask"},{"floor":28,"key":"DemoMod:ChaffGrenade"},{"floor":28,"key":"champ:DeflectingBracers"},{"floor":30,"key":"DemoMod:MeltedRock"},{"floor":30,"key":"infinitespire:Beetle Shell"},{"floor":38,"key":"CatCart"},{"floor":40,"key":"Ancient Tea Set"},{"floor":40,"key":"ReplayTheSpireMod:Lightbulb"},{"floor":43,"key":"potionbrewer:SlideRule"},{"floor":54,"key":"hubris:ToyBattleship"},{"floor":54,"key":"DemoMod:Junk"}],"event_choices":[{"damage_healed":0,"gold_gain":0,"player_choice":"Slimed","damage_taken":11,"max_hp_gain":1,"max_hp_loss":0,"event_name":"betterThird:BetterGoop","floor":3,"gold_loss":0},{"damage_healed":0,"gold_gain":0,"player_choice":"Ignored","damage_taken":0,"max_hp_gain":0,"max_hp_loss":0,"event_name":"NoteForYourself","floor":7,"gold_loss":0},{"damage_healed":0,"gold_gain":0,"player_choice":"","damage_taken":6,"max_hp_gain":0,"max_hp_loss":0,"event_name":"Knowing Skull","floor":19,"potions_obtained":[],"gold_loss":0,"cards_obtained":[]},{"damage_healed":0,"gold_gain":0,"player_choice":"Ignored","damage_taken":0,"max_hp_gain":0,"max_hp_loss":0,"event_name":"Ghosts","floor":24,"gold_loss":0},{"damage_healed":0,"gold_gain":0,"player_choice":"Fight","damage_taken":0,"max_hp_gain":0,"max_hp_loss":0,"event_name":"OrinTheCat","floor":38,"gold_loss":0},{"damage_healed":0,"gold_gain":0,"player_choice":"Memory 1","damage_taken":0,"max_hp_gain":0,"max_hp_loss":0,"event_name":"SensoryStone","floor":41,"gold_loss":0},{"damage_healed":0,"gold_gain":0,"player_choice":"Got Potions","damage_taken":0,"max_hp_gain":0,"max_hp_loss":0,"event_name":"Lab","floor":44,"gold_loss":0}],"is_beta":false,"boss_relics":[{"not_picked":["Honey Jar","halation:PinkAlligatorPlush","ChewingGum"]},{"not_picked":["hubris:TerracottaHorce","halation:CatFaceCupcake"],"picked":"halation:Prosthetics"}],"items_purged_floors":[20],"is_endless":false,"potions_floor_spawned":[4,6,8,10,11,23,28,29,30,39,40,46,48],"ascension_level":0}}