{"host":"fxrgx7wt2cpkbhka","time":1613341286,"event":{"mods":["AchievementEnabler","BaseMod","Colored Powertips","Dark Map","Minty Spire (QoL Compilation)","Permanent Neow","Quick Restart","Slay-I","StSLib","Waifu the Spire"],"gold_per_floor":[117,117,174,191,209,209,219,219,219,253,253,12,12,12,12,105,105,126,126,126,146,171,171,171],"floor_reached":23,"language":"ENG","playtime":652,"items_purged":[],"score":356,"play_id":"3621854f-dda7-431c-8a6a-cb8548d7fdaa","local_time":"20210214142126","is_ascension_mode":true,"campfire_choices":[{"data":"Rage","floor":6,"key":"SMITH"},{"data":"Bash","floor":8,"key":"SMITH"},{"data":"Iron Wave","floor":11,"key":"SMITH"},{"data":"Clothesline","floor":15,"key":"SMITH"}],"circlet_count":0,"master_deck":["AscendersBane","Strike_R","Strike_R","Strike_R","Strike_R","Strike_R","Defend_R","Defend_R","Defend_R","Defend_R","Bash+1","Clothesline+1","Rage+1","Iron Wave+1","Dropkick","Dropkick","Injury","Iron Wave"],"relics":["Burning Blood","Centennial Puzzle","Pear","Mango","Bottled Flame","Golden Idol","Velvet Choker","Nilry\u0027s Codex"],"acts_visited":["Exordium","TheCity"],"potions_floor_usage":[10,16,21],"damage_taken":[{"damage":10,"enemies":"Cultist","floor":1,"turns":5},{"damage":2,"enemies":"Jaw Worm","floor":4,"turns":5},{"damage":1,"enemies":"Small Slimes","floor":5,"turns":3},{"damage":1,"enemies":"Looter","floor":7,"turns":4},{"damage":15,"enemies":"Gremlin Nob","floor":10,"turns":5},{"damage":87,"enemies":"Hexaghost","floor":16,"turns":15},{"damage":2,"enemies":"Shell Parasite","floor":18,"turns":4},{"damage":8,"enemies":"Chosen","floor":21,"turns":3},{"damage":28,"enemies":"Shelled Parasite and Fungi","floor":22,"turns":7},{"damage":0,"enemies":"Gremlin Leader","floor":23,"turns":1}],"seed_played":"-7432218947931667845","potions_obtained":[{"floor":4,"key":"SneckoOil"},{"floor":7,"key":"Block Potion"},{"floor":10,"key":"ColorlessPotion"},{"floor":16,"key":"SkillPotion"}],"is_trial":false,"path_per_floor":["M","$","?","M","M","R","M","R","T","E","R","$","?","?","R","B",null,"M","$","?","M","M","E"],"character_chosen":"IRONCLAD","items_purchased":["Bottled Flame"],"campfire_rested":0,"item_purchase_floors":[12],"current_hp_per_floor":[64,64,64,68,73,73,75,75,85,90,90,90,90,95,95,14,82,86,86,65,63,41,41,41],"gold":171,"neow_bonus":"RANDOM_COMMON_RELIC","is_daily":false,"chose_seed":false,"campfire_upgraded":4,"win_rate":0.0,"timestamp":1613341286,"path_taken":["M","?","?","M","M","R","M","R","T","E","R","$","?","?","R","BOSS","M","$","?","M","M","E"],"items_purchased_type":["Relic"],"build_version":"2020-12-22","purchased_purges":0,"victory":false,"max_hp_per_floor":[75,75,75,75,75,75,75,75,85,99,99,99,99,104,104,104,104,104,104,104,104,104,104,104],"card_choices":[{"not_picked":["Cleave","Carnage"],"picked":"Clothesline","floor":1},{"not_picked":["Hemokinesis","Havoc"],"picked":"Rage","floor":4},{"not_picked":["Warcry","Armaments"],"picked":"Iron Wave","floor":5},{"not_picked":["Infernal Blade","True Grit"],"picked":"Dropkick","floor":7},{"not_picked":["Ghostly Armor","Body Slam"],"picked":"Dropkick","floor":10},{"not_picked":["Wild Strike+1","True Grit"],"picked":"Iron Wave","floor":18},{"not_picked":["Battle Trance+1","Shrug It Off","Pommel Strike"],"picked":"SKIP","floor":21},{"not_picked":["Flex","Wild Strike","Cleave"],"picked":"SKIP","floor":22}],"player_experience":780452,"relics_obtained":[{"floor":9,"key":"Pear"},{"floor":10,"key":"Mango"},{"floor":20,"key":"Nilry\u0027s Codex"}],"event_choices":[{"damage_healed":0,"gold_gain":57,"player_choice":"Gained Gold","damage_taken":0,"max_hp_gain":0,"max_hp_loss":0,"event_name":"Golden Wing","floor":3,"gold_loss":0},{"damage_healed":0,"gold_gain":0,"player_choice":"Take Wound","damage_taken":0,"relics_obtained":["Golden Idol"],"max_hp_gain":0,"max_hp_loss":0,"event_name":"Golden Idol","floor":13,"gold_loss":0,"cards_obtained":["Injury"]},{"damage_healed":0,"gold_gain":0,"player_choice":"Donut","damage_taken":0,"max_hp_gain":5,"max_hp_loss":0,"event_name":"Big Fish","floor":14,"gold_loss":0},{"damage_healed":0,"gold_gain":0,"player_choice":"Obtained Book","damage_taken":21,"max_hp_gain":0,"max_hp_loss":0,"event_name":"Cursed Tome","floor":20,"gold_loss":0}],"is_beta":false,"boss_relics":[{"not_picked":["Fusion Hammer","Runic Cube"],"picked":"Velvet Choker"}],"items_purged_floors":[],"is_endless":false,"potions_floor_spawned":[4,7,10,16],"killed_by":"Gremlin Leader","ascension_level":15}}