{"host":"k1qq3tnzhl68zvao","time":1613335752,"event":{"mods":["ATMod(阿瑾Mod)","AchievementEnabler","BaseMod","Colored Powertips","Conspire","DeckTracker","Downfall","Energized Spire","GifTheSpireLib","Minty Spire (QoL Compilation)","Quick Restart","Relic Filter Mod","Replay The Spire","Spicy Shops","StSLib","【遗物卡牌】REMEMod"],"gold_per_floor":[20,35,35,54,71,101,116,151,174,274,284,19,35,35,35,35,35],"floor_reached":16,"language":"ZHS","playtime":566,"items_purged":["ReplayReversal"],"score":205,"play_id":"53f9f3bb-060b-48b6-b942-f9e56adb5d1a","local_time":"20210215044912","is_ascension_mode":true,"campfire_choices":[{"floor":15,"key":"REST"}],"circlet_count":0,"master_deck":["AscendersBane","Strike_R","Strike_R","Strike_R","Strike_R","Strike_R","Defend_R","Defend_R","Bash","AT_BreakingExtremeWeapon","Demon Form+1","Juggernaut","Twin Strike","Thunderclap","Armaments","True Grit","Shrug It Off","Offering+1"],"relics":["Burning Blood","AT_ATBox","REME_ComplimentaryCards","ReplayTheSpireMod:Spearhead","AT_GuinsooRageblade","AT_EbonyIvory","Regal Pillow"],"acts_visited":["Exordium"],"potions_floor_usage":[7,13],"damage_taken":[{"damage":6.0,"enemies":"2 Louse","floor":1.0,"turns":3.0},{"damage":6.0,"enemies":"Cultist","floor":2.0,"turns":3.0},{"damage":0.0,"enemies":"Small Slimes","floor":4.0,"turns":2.0},{"damage":13.0,"enemies":"Exordium Wildlife","floor":5.0,"turns":3.0},{"damage":34.0,"enemies":"3 Sentries","floor":6.0,"turns":6.0},{"damage":10,"enemies":"Large Slime","floor":7,"turns":5},{"damage":24,"enemies":"Replay:BlueRogue","floor":8,"turns":5},{"damage":14,"enemies":"Red Slaver","floor":11,"turns":2},{"damage":0,"enemies":"Lots of Slimes","floor":13,"turns":1},{"damage":0,"enemies":"Fading Forest","floor":16,"turns":2}],"seed_played":"5086236707862812217","potions_obtained":[{"floor":3.0,"key":"Weak Potion"},{"floor":3.0,"key":"PowerPotion"},{"floor":6.0,"key":"Doom Potion"},{"floor":7,"key":"Elixir"},{"floor":11,"key":"Explosive Potion"},{"floor":13,"key":"Languid Potion"}],"is_trial":false,"path_per_floor":["M","M","?","M","M","E","M","E","T","?","M","$","M","?","R","B"],"character_chosen":"IRONCLAD","items_purchased":["Regal Pillow","Offering+1"],"campfire_rested":1,"item_purchase_floors":[12,12],"current_hp_per_floor":[68,68,68,74,67,39,35,17,17,17,9,9,15,15,52,52,52],"gold":35,"neow_bonus":"TRANSFORM_TWO_CARDS","is_daily":false,"chose_seed":false,"campfire_upgraded":0,"win_rate":0.0,"timestamp":1613335752,"path_taken":["M","M","?","M","?","E","M","E","T","?","?","$","M","?","R","BOSS"],"items_purchased_type":["Relic","Card"],"build_version":"2020-12-22","purchased_purges":1,"victory":false,"max_hp_per_floor":[75,75,75,75,75,75,75,75,75,75,75,75,75,75,75,75,75],"card_choices":[{"not_picked":["Intimidate","Body Slam","Heavy Blade"],"picked":"SKIP","floor":1.0},{"not_picked":["Run Through","Hemokinesis"],"picked":"Twin Strike","floor":2.0},{"not_picked":["Inflame","ReplayTheSpireMod:LeadingStrike"],"picked":"Thunderclap","floor":4.0},{"not_picked":["Cleave","Sword Boomerang"],"picked":"Armaments","floor":5.0},{"not_picked":["Pommel Strike","Heavy Blade"],"picked":"True Grit","floor":6.0},{"not_picked":["Blood for Blood","Replay:Undeath\u0027s Touch","Perfected Strike"],"picked":"SKIP","floor":7},{"not_picked":["Sever Soul","Metallicize","AT_BodySlamDance"],"picked":"SKIP","floor":8},{"not_picked":["Replay:Undeath\u0027s Touch","Wild Strike"],"picked":"Shrug It Off","floor":11},{"not_picked":["Armaments","Perfected Strike","Abandon"],"picked":"SKIP","floor":13}],"player_experience":587762,"relics_obtained":[{"floor":6.0,"key":"ReplayTheSpireMod:Spearhead"},{"floor":8,"key":"AT_GuinsooRageblade"},{"floor":9,"key":"AT_EbonyIvory"}],"event_choices":[{"damage_healed":0.0,"max_hp_gain":0.0,"max_hp_loss":0.0,"gold_gain":0.0,"event_name":"Lab","player_choice":"Got Potions","floor":3.0,"gold_loss":0.0,"damage_taken":0.0},{"damage_healed":0,"gold_gain":100,"player_choice":"Gold","damage_taken":0,"max_hp_gain":0,"max_hp_loss":0,"event_name":"Wheel of Change","floor":10,"gold_loss":0}],"is_beta":false,"boss_relics":[],"items_purged_floors":[12],"is_endless":false,"potions_floor_spawned":[5,6,7,11,13],"killed_by":"Fading Forest","ascension_level":16}}