{"host":"xm0tf1maiknh0fp9","time":1613334029,"event":{"mods":["BaseMod","Colored Map","Colored Powertips","Googly Eyes","Minty Spire (QoL Compilation)","Replay The Spire","StSLib"],"gold_per_floor":[118,135,147,147,72,72,91,120,202,202,202,237,237,253,253,354,354,365,365,376,392,392,392,421,421,447,472,62,80,93,109,109,206,206,223,269,335,347,367,367,367,367,367,383,396,117,117,132,132,132,132],"floor_reached":50,"language":"ENG","playtime":1165,"items_purged":["Strike_P","Strike_P","Strike_P"],"score":827,"play_id":"ecf034e8-1bfc-458a-891f-dc6dedf663bb","local_time":"20210214152029","is_ascension_mode":true,"campfire_choices":[{"data":"ReachHeaven","floor":6.0,"key":"SMITH"},{"data":"Vengeance","floor":10.0,"key":"SMITH"},{"data":"Conclude","floor":13,"key":"SMITH"},{"data":"CutThroughFate","floor":15,"key":"SMITH"},{"floor":23,"key":"REST"},{"data":"Vigilance","floor":25,"key":"SMITH"},{"floor":32,"key":"REST"},{"floor":40,"key":"REST"},{"floor":42,"key":"REST"},{"floor":47,"key":"REST"},{"floor":49,"key":"REST"}],"circlet_count":0,"master_deck":["Strike_P","Defend_P+1","Defend_P+1","Defend_P","Defend_P","Eruption+1","Vigilance+1","Vengeance+1","CutThroughFate+1","ReachHeaven+1","Conclude+1","TalkToTheHand+1"],"relics":["PureWater","NeowsBlessing","Mango","White Beast Statue","Strawberry","Busted Crown","Question Card","Potion Belt","War Paint","Torii","Fusion Hammer","Pocketwatch","Ancient Tea Set","ReplayTheSpireMod:Shallot","Boot"],"acts_visited":["Exordium","TheCity","TheBeyond"],"potions_floor_usage":[27,27,27,27,33,33,33,36,36,44,48,48,50,50,50,50],"damage_taken":[{"damage":0.0,"enemies":"Small Slimes","floor":1.0,"turns":1.0},{"damage":0.0,"enemies":"2 Louse","floor":2.0,"turns":1.0},{"damage":0.0,"enemies":"Cultist","floor":3.0,"turns":1.0},{"damage":0.0,"enemies":"Exordium Thugs","floor":7.0,"turns":2.0},{"damage":0.0,"enemies":"Gremlin Nob","floor":8.0,"turns":2.0},{"damage":5,"enemies":"3 Sentries","floor":12,"turns":2},{"damage":9,"enemies":"Red Slaver","floor":14,"turns":2},{"damage":0,"enemies":"Slime Boss","floor":16,"turns":4},{"damage":1,"enemies":"Shell Parasite","floor":18,"turns":2},{"damage":14,"enemies":"Chosen","floor":20,"turns":2},{"damage":23,"enemies":"Centurion and Healer","floor":21,"turns":3},{"damage":0,"enemies":"Gremlin Leader","floor":24,"turns":3},{"damage":8,"enemies":"Replay:Snechameleon","floor":27,"turns":2},{"damage":18,"enemies":"Snake Plant","floor":29,"turns":3},{"damage":0,"enemies":"Snecko","floor":30,"turns":2},{"damage":22,"enemies":"Centurion and Healer","floor":31,"turns":3},{"damage":20,"enemies":"Collector","floor":33,"turns":5},{"damage":0,"enemies":"3 Shapes","floor":35,"turns":2},{"damage":40,"enemies":"2 Orb Walkers","floor":36,"turns":3},{"damage":0,"enemies":"Orb Walker","floor":38,"turns":2},{"damage":17,"enemies":"Writhing Mass","floor":39,"turns":5},{"damage":0,"enemies":"Jaw Worm Horde","floor":44,"turns":2},{"damage":7,"enemies":"Transient","floor":45,"turns":5},{"damage":13,"enemies":"Writhing Mass","floor":48,"turns":3},{"damage":90,"enemies":"Replay:Hell Engine","floor":50,"turns":6}],"seed_played":"-999049959941580611","potions_obtained":[{"floor":3.0,"key":"EntropicBrew"},{"floor":7.0,"key":"GamblersBrew"},{"floor":8.0,"key":"GamblersBrew"},{"floor":12,"key":"SkillPotion"},{"floor":27,"key":"Ancient Potion"},{"floor":29,"key":"Weak Potion"},{"floor":30,"key":"Strength Potion"},{"floor":33,"key":"FearPotion"},{"floor":35,"key":"Death Potion"},{"floor":36,"key":"LiquidBronze"},{"floor":37,"key":"GamblersBrew"},{"floor":38,"key":"Energy Potion"},{"floor":44,"key":"Venom Potion"},{"floor":48,"key":"PowerPotion"}],"is_trial":false,"path_per_floor":["M","M","M","?","$","R","M","E","T","R","?","E","R","M","R","B",null,"M","?","M","M","?","R","E","R","T","E","$","M","M","M","R","B",null,"M","?","?","M","M","R","?","R","T","M","M","$","R","M","R","B"],"character_chosen":"WATCHER","items_purchased":["Torii","Boot"],"campfire_rested":6,"item_purchase_floors":[28,46],"current_hp_per_floor":[65,65,65,65,65,65,65,79,79,79,79,81,81,72,72,72,88,87,93,79,56,56,83,83,83,83,75,75,57,57,35,62,42,80,80,40,40,40,23,50,50,76,76,76,69,69,88,75,88,0,0],"gold":132,"neow_bonus":"THREE_ENEMY_KILL","is_daily":false,"chose_seed":false,"campfire_upgraded":5,"win_rate":0.0,"timestamp":1613334029,"path_taken":["M","M","M","?","$","R","M","E","T","R","?","E","R","?","R","BOSS","M","?","M","?","?","R","E","R","T","E","$","?","M","M","R","BOSS","M","?","?","M","M","R","?","R","T","M","M","$","R","M","R","BOSS"],"items_purchased_type":["Relic","Relic"],"build_version":"2020-12-22","purchased_purges":3,"victory":false,"max_hp_per_floor":[72,72,72,72,72,72,72,86,86,86,86,93,93,93,93,93,93,93,93,93,93,93,93,93,93,93,93,93,93,93,93,93,93,93,93,93,93,93,93,93,88,88,88,88,88,88,88,88,88,88,88],"card_choices":[{"not_picked":["Evaluate","CrushJoints"],"picked":"Vengeance","floor":1.0},{"not_picked":["Protect","Replay:AtTheReady"],"picked":"CutThroughFate","floor":2.0},{"not_picked":["Crescendo","Replay:Anticipation"],"picked":"ReachHeaven","floor":3.0},{"not_picked":["Evaluate","FlurryOfBlows","CutThroughFate"],"picked":"SKIP","floor":7.0},{"not_picked":["FlurryOfBlows","Pray","Brilliance"],"picked":"SKIP","floor":8.0},{"not_picked":["CrushJoints","WindmillStrike","Wallop"],"picked":"SKIP","floor":12},{"not_picked":["Evaluate","Replay:Anticipation","Replay:Battleflow"],"picked":"SKIP","floor":14},{"not_picked":["ClearTheMind"],"picked":"SKIP","floor":18},{"not_picked":["EmptyFist"],"picked":"SKIP","floor":20},{"not_picked":["Replay:Cycle"],"picked":"SKIP","floor":21},{"not_picked":["Replay:Hum"],"picked":"SKIP","floor":24},{"not_picked":["CrushJoints","EmptyFist"],"picked":"SKIP","floor":27},{"not_picked":["Tantrum+1","Halt"],"picked":"SKIP","floor":29},{"not_picked":["Consecrate","SashWhip"],"picked":"SKIP","floor":30},{"not_picked":["BowlingBash","BattleHymn"],"picked":"SKIP","floor":31},{"not_picked":["SandsOfTime+1","FlyingSleeves+1"],"picked":"SKIP","floor":35},{"not_picked":["WreathOfFlame+1","Replay:Vibes+1"],"picked":"SKIP","floor":38},{"not_picked":["FlurryOfBlows+1"],"picked":"TalkToTheHand+1","floor":39},{"not_picked":["CarveReality","Crescendo"],"picked":"SKIP","floor":44},{"not_picked":["Wireheading","Prostrate"],"picked":"SKIP","floor":45},{"not_picked":["Protect+1","Perseverance"],"picked":"SKIP","floor":48}],"player_experience":180186,"relics_obtained":[{"floor":8.0,"key":"Mango"},{"floor":9.0,"key":"White Beast Statue"},{"floor":12,"key":"Strawberry"},{"floor":24,"key":"Question Card"},{"floor":26,"key":"Potion Belt"},{"floor":27,"key":"War Paint"},{"floor":36,"key":"Pocketwatch"},{"floor":37,"key":"Ancient Tea Set"},{"floor":43,"key":"ReplayTheSpireMod:Shallot"}],"event_choices":[{"damage_healed":0.0,"max_hp_gain":0.0,"max_hp_loss":0.0,"gold_gain":0.0,"event_name":"Living Wall","player_choice":"Grow","floor":4.0,"gold_loss":0.0,"damage_taken":0.0,"cards_upgraded":["Eruption"]},{"damage_healed":0,"gold_gain":0,"player_choice":"1 cards matched","damage_taken":0,"max_hp_gain":0,"max_hp_loss":0,"event_name":"Match and Keep!","floor":11,"gold_loss":0,"cards_obtained":["Conclude"]},{"damage_healed":6,"gold_gain":0,"player_choice":"Full Heal","damage_taken":0,"max_hp_gain":0,"max_hp_loss":0,"event_name":"Wheel of Change","floor":19,"gold_loss":0},{"damage_healed":0,"gold_gain":0,"player_choice":"Ignored","damage_taken":0,"max_hp_gain":0,"max_hp_loss":0,"event_name":"N\u0027loth","floor":22,"gold_loss":0},{"damage_healed":0,"gold_gain":0,"player_choice":"Fight","damage_taken":0,"max_hp_gain":0,"max_hp_loss":0,"event_name":"Mysterious Sphere","floor":36,"gold_loss":0},{"damage_healed":0,"gold_gain":0,"player_choice":"Max HP","damage_taken":0,"max_hp_gain":0,"max_hp_loss":5,"event_name":"Winding Halls","floor":41,"gold_loss":0}],"is_beta":false,"boss_relics":[{"not_picked":["Tiny House","Honey Jar"],"picked":"Busted Crown"},{"not_picked":["Sozu","Replay:Bronze Core"],"picked":"Fusion Hammer"}],"items_purged_floors":[5,28,46],"is_endless":false,"potions_floor_spawned":[3,7,8,12,14,16,18,20,21,24,27,29,30,31,33,35,36,38,39,44,45,48],"killed_by":"Replay:Hell Engine","ascension_level":7}}