{"host":"ibgtsljv18d2rnte","time":1613338943,"event":{"mods":["AchievementEnabler","BaseMod","Better Match","Hermit","Koishi","Marisa????????","Minty Spire (QoL Compilation)","Prisma Mod","StSLib","The Marked","The Servant 0.9.4","Waifu the Spire","Yakumo Yukari mod","everything is the same but u backflip on backflip","slay the spire mod where everything is the same but ironclad has a cowboy hat"],"gold_per_floor":[113,113,123,140,140,174,174,174,174,214,214,214,252,267,267,398,398,418,244,244,168,192,192,216,241,241,241,266,300,117,156,156,279,279,304,325,325,345,166,166,209,209,209,255,267,267],"floor_reached":45,"language":"ENG","playtime":3890,"items_purged":["Strike_S","Injury"],"score":785,"play_id":"bdd79c3d-fb58-4008-8bc9-fa9c66b8c2b2","local_time":"20210214144223","is_ascension_mode":true,"campfire_choices":[{"floor":7.0,"key":"REST"},{"data":"DoubleEdge","floor":15.0,"key":"SMITH"},{"data":"FloweringNight","floor":23.0,"key":"SMITH"},{"floor":27.0,"key":"RECALL"},{"data":"MoonPhase","floor":32.0,"key":"SMITH"},{"floor":40.0,"key":"REST"}],"circlet_count":0,"master_deck":["Defend_S","Defend_S","Defend_S","Defend_S","KidneyShot","Exchange","InstantArmor","Rearm","DoubleEdge+1","InstantArmor","Contraction","Dilation","Ricochet","FloweringNight+1","Defy+1","Defy","Moonlight","TimeWarp","Deadline","TimeWarp+1","Contraction","FanOfKnives+1","BottledTime","MoonPhase+1","Solidify","DoubleEdge+1","Orbit+1","Luminosity","Defy","SpecialFormula"],"relics":["Uniform","Ice Cream","Ornamental Fan","Golden Idol","Eternal Feather","Happy Flower","Gambling Chip","Matryoshka","Busted Crown","Nunchaku","Pear","Shuriken","Ginger","Sozu","OldScarf","MawBank","PreservedInsect","KneeBrace"],"acts_visited":["Exordium","TheCity","TheBeyond"],"potions_floor_usage":[],"damage_taken":[{"damage":0.0,"enemies":"Small Slimes","floor":1.0,"turns":3.0},{"damage":5.0,"enemies":"Jaw Worm","floor":3.0,"turns":5.0},{"damage":0.0,"enemies":"2 Louse","floor":4.0,"turns":2.0},{"damage":21.0,"enemies":"Lagavulin","floor":6.0,"turns":8.0},{"damage":8.0,"enemies":"Gremlin Nob","floor":10.0,"turns":3.0},{"damage":0.0,"enemies":"Lagavulin","floor":13.0,"turns":7.0},{"damage":0.0,"enemies":"Large Slime","floor":14.0,"turns":3.0},{"damage":27.0,"enemies":"Slime Boss","floor":16.0,"turns":13.0},{"damage":0.0,"enemies":"Chosen","floor":18.0,"turns":3.0},{"damage":0.0,"enemies":"2 Thieves","floor":22.0,"turns":2.0},{"damage":0.0,"enemies":"3 Cultists","floor":24.0,"turns":4.0},{"damage":0.0,"enemies":"Shelled Parasite and Fungi","floor":25.0,"turns":3.0},{"damage":0.0,"enemies":"Centurion and Healer","floor":28.0,"turns":4.0},{"damage":0.0,"enemies":"Book of Stabbing","floor":29.0,"turns":3.0},{"damage":19.0,"enemies":"Slavers","floor":31.0,"turns":5.0},{"damage":0.0,"enemies":"Champ","floor":33.0,"turns":9.0},{"damage":0.0,"enemies":"Orb Walker","floor":35.0,"turns":3.0},{"damage":6.0,"enemies":"3 Darklings","floor":36.0,"turns":3.0},{"damage":51.0,"enemies":"4 Shapes","floor":38.0,"turns":4.0},{"damage":46.0,"enemies":"Reptomancer","floor":41.0,"turns":6.0},{"damage":0,"enemies":"Giant Head","floor":44,"turns":3},{"damage":10,"enemies":"Transient","floor":45,"turns":2}],"seed_played":"-6239145971569169647","potions_obtained":[{"floor":1.0,"key":"SteroidPotion"},{"floor":10.0,"key":"EssenceOfSteel"},{"floor":16.0,"key":"Weak Potion"},{"floor":18.0,"key":"DuplicationPotion"},{"floor":22.0,"key":"LiquidBronze"},{"floor":29.0,"key":"Strength Potion"},{"floor":33.0,"key":"BlessingOfTheForge"}],"is_trial":false,"path_per_floor":["M","?","M","M","T","E","R","?","T","E","?","T","E","M","R","B",null,"M","$","?","$","M","R","M","M","T","R","M","E","$","E","R","B",null,"M","M","?","M","$","R","E","?","T","E","M"],"character_chosen":"THE_SERVANT","items_purchased":["Defy","Block Potion","Moonlight","FanOfKnives","BottledTime","MoonPhase","Luminosity"],"campfire_rested":2,"item_purchase_floors":[19,19,21,30,30,30,39],"current_hp_per_floor":[65,65,60,60,60,39,58,58,58,50,43,43,43,43,52,25,65,65,65,65,65,65,65,65,65,75,75,75,75,75,56,71,71,75,75,69,69,18,18,55,9,9,9,9,0,0],"gold":267,"neow_bonus":"TRANSFORM_CARD","is_daily":false,"chose_seed":false,"campfire_upgraded":3,"win_rate":0.0,"timestamp":1613338943,"path_taken":["M","?","M","M","?","E","R","?","T","E","?","?","E","M","R","BOSS","M","$","?","?","M","R","M","M","T","R","M","E","$","E","R","BOSS","M","M","?","?","$","R","E","?","T","E","?"],"items_purchased_type":["Card","Potion","Card","Card","Card","Card","Card"],"build_version":"2020-12-22","purchased_purges":2,"victory":false,"max_hp_per_floor":[65,65,65,65,65,65,65,65,65,65,65,65,65,65,65,65,65,65,65,65,65,65,65,65,65,75,75,75,75,75,75,75,75,75,75,75,75,75,75,75,75,75,75,75,75,75],"card_choices":[{"not_picked":["Manipulate","Revamp"],"picked":"Rearm","floor":1.0},{"not_picked":["Rewind","ShatteredReality"],"picked":"DoubleEdge","floor":3.0},{"not_picked":["FastForward","Ricochet"],"picked":"InstantArmor","floor":4.0},{"not_picked":["FastForward","Advance","Potential"],"picked":"SKIP","floor":6.0},{"not_picked":["FastForward","Foresight"],"picked":"Contraction","floor":10.0},{"not_picked":["Orbit","BestPractice"],"picked":"Dilation","floor":13.0},{"not_picked":["Rewind","Rearm"],"picked":"Ricochet","floor":14.0},{"not_picked":["ForgedInTime","PendulumOfEternity"],"picked":"FloweringNight","floor":16.0},{"not_picked":[],"picked":"Defy+1","floor":18.0},{"not_picked":["Advance"],"picked":"SKIP","floor":22.0},{"not_picked":[],"picked":"TimeWarp","floor":24.0},{"not_picked":[],"picked":"Deadline","floor":25.0},{"not_picked":[],"picked":"TimeWarp+1","floor":28.0},{"not_picked":[],"picked":"Contraction","floor":29.0},{"not_picked":["Rewind"],"picked":"SKIP","floor":31.0},{"not_picked":[],"picked":"Solidify","floor":33.0},{"not_picked":["Unruled"],"picked":"SKIP","floor":35.0},{"not_picked":[],"picked":"DoubleEdge+1","floor":36.0},{"not_picked":[],"picked":"Orbit+1","floor":38.0},{"not_picked":[],"picked":"Defy","floor":41.0},{"not_picked":[],"picked":"SpecialFormula","floor":44}],"player_experience":111336,"relics_obtained":[{"floor":5.0,"key":"Ice Cream"},{"floor":6.0,"key":"Ornamental Fan"},{"floor":9.0,"key":"Eternal Feather"},{"floor":10.0,"key":"Happy Flower"},{"floor":12.0,"key":"Gambling Chip"},{"floor":13.0,"key":"Matryoshka"},{"floor":26.0,"key":"Nunchaku"},{"floor":26.0,"key":"Pear"},{"floor":29.0,"key":"Shuriken"},{"floor":31.0,"key":"Ginger"},{"floor":41.0,"key":"OldScarf"},{"floor":43.0,"key":"MawBank"},{"floor":43.0,"key":"PreservedInsect"},{"floor":44,"key":"KneeBrace"}],"event_choices":[{"cards_removed":["Strike_S"],"damage_healed":0.0,"max_hp_gain":0.0,"max_hp_loss":0.0,"gold_gain":0.0,"event_name":"Living Wall","player_choice":"Forget","floor":2.0,"gold_loss":0.0,"damage_taken":0.0},{"damage_healed":0.0,"max_hp_gain":0.0,"max_hp_loss":0.0,"gold_gain":0.0,"event_name":"Golden Idol","player_choice":"Take Wound","floor":8.0,"gold_loss":0.0,"damage_taken":0.0,"relics_obtained":["Golden Idol"],"cards_obtained":["Injury"]},{"cards_removed":["Strike_S"],"damage_healed":0.0,"max_hp_gain":0.0,"max_hp_loss":0.0,"gold_gain":0.0,"event_name":"Golden Wing","player_choice":"Card Removal","floor":11.0,"gold_loss":0.0,"damage_taken":7.0},{"damage_healed":0.0,"max_hp_gain":0.0,"max_hp_loss":0.0,"gold_gain":0.0,"event_name":"Vampires","player_choice":"Ignored","floor":20.0,"gold_loss":0.0,"damage_taken":0.0},{"damage_healed":0.0,"max_hp_gain":0.0,"max_hp_loss":0.0,"gold_gain":0.0,"event_name":"Accursed Blacksmith","player_choice":"Forge","floor":37.0,"gold_loss":0.0,"damage_taken":0.0,"cards_upgraded":["FanOfKnives"]},{"damage_healed":0.0,"max_hp_gain":0.0,"max_hp_loss":0.0,"gold_gain":0.0,"event_name":"Lab","player_choice":"Got Potions","floor":42.0,"gold_loss":0.0,"damage_taken":0.0}],"is_beta":false,"boss_relics":[{"not_picked":["Tiny House","Ectoplasm"],"picked":"Busted Crown"},{"not_picked":["Velvet Choker","Fusion Hammer"],"picked":"Sozu"}],"items_purged_floors":[19,39],"is_endless":false,"potions_floor_spawned":[1,10,16,18,22,29,33,35,38,41],"killed_by":"Transient","ascension_level":4}}