{"host":"2mb887pelv9ua2b0","time":1613315061,"event":{"mods":["AchievementEnabler","BaseMod","Colored Map","Keyboard Shortcuts","Minty Spire (QoL Compilation)","Quick Restart","Relic Stats","StSLib","SuperFastMode","everything is the same but u backflip on backflip"],"gold_per_floor":[110,110,110,128,53,53,86,86,112,125,45,45,45,45,45],"floor_reached":14,"language":"KOR","playtime":108,"items_purged":["Defend_G","Strike_G"],"score":222,"play_id":"2ad9bb00-831b-48f0-b7d9-20d18dbae822","local_time":"20210215000421","is_ascension_mode":true,"campfire_choices":[{"data":"Dagger Spray","floor":6.0,"key":"SMITH"},{"data":"Footwork","floor":8.0,"key":"SMITH"},{"data":"Masterful Stab","floor":12,"key":"SMITH"}],"circlet_count":0,"master_deck":["AscendersBane","Strike_G","Strike_G","Strike_G","Defend_G","Defend_G","Defend_G","Defend_G","Survivor","Neutralize","Dagger Spray+1","Footwork+1","Dodge and Roll","Masterful Stab+1"],"relics":["Ring of the Snake","NeowsBlessing","Golden Idol","The Courier","Bronze Scales","Shovel"],"acts_visited":["Exordium"],"potions_floor_usage":[14],"damage_taken":[{"damage":0.0,"enemies":"Small Slimes","floor":1.0,"turns":1.0},{"damage":0.0,"enemies":"Jaw Worm","floor":4.0,"turns":1.0},{"damage":0.0,"enemies":"3 Sentries","floor":7.0,"turns":1.0},{"damage":0.0,"enemies":"2 Louse","floor":10.0,"turns":2.0},{"damage":16,"enemies":"Gremlin Nob","floor":14,"turns":3}],"seed_played":"-7754411050750650787","potions_obtained":[{"floor":7.0,"key":"DistilledChaos"},{"floor":10,"key":"Regen Potion"}],"is_trial":false,"path_per_floor":["M","?","?","M","$","R","E","R","T","M","$","R","?","E"],"character_chosen":"THE_SILENT","items_purchased":[],"campfire_rested":0,"item_purchase_floors":[],"current_hp_per_floor":[59,59,36,36,36,36,36,36,36,36,36,36,10,0,0],"gold":45,"neow_bonus":"THREE_ENEMY_KILL","is_daily":false,"chose_seed":false,"campfire_upgraded":3,"win_rate":0.0,"timestamp":1613315061,"path_taken":["M","?","?","M","$","R","E","R","T","M","$","R","?","E"],"items_purchased_type":[],"build_version":"2020-12-22","purchased_purges":2,"victory":false,"max_hp_per_floor":[66,66,66,66,66,66,66,66,66,66,66,66,66,66,66],"relic_stats":{"Shovel":0,"counters":[5,8],"Golden Idol":17,"Bronze Scales":[6],"obtain_stats":[{"Shovel":13,"NeowsBlessing":0,"Golden Idol":3,"Bronze Scales":9,"The Courier":7,"Ring of the Snake":0},{"Shovel":4,"NeowsBlessing":0,"Golden Idol":1,"Bronze Scales":3,"The Courier":3,"Ring of the Snake":0},{"Shovel":5,"NeowsBlessing":0,"Golden Idol":1,"Bronze Scales":3,"The Courier":3,"Ring of the Snake":0}],"Ring of the Snake":[10]},"card_choices":[{"not_picked":["PiercingWail","Infinite Blades"],"picked":"Dagger Spray","floor":1.0},{"not_picked":["Leg Sweep","Poisoned Stab"],"picked":"Footwork","floor":4.0},{"not_picked":["Cloak And Dagger","Slice"],"picked":"Dodge and Roll","floor":7.0},{"not_picked":["Endless Agony","Underhanded Strike"],"picked":"Masterful Stab","floor":10}],"player_experience":627489,"relics_obtained":[{"floor":7.0,"key":"The Courier"},{"floor":9.0,"key":"Bronze Scales"}],"event_choices":[{"cards_removed":["Strike_G"],"damage_healed":0.0,"max_hp_gain":0.0,"max_hp_loss":0.0,"gold_gain":0.0,"event_name":"Living Wall","player_choice":"Forget","floor":2.0,"gold_loss":0.0,"damage_taken":0.0},{"damage_healed":0.0,"max_hp_gain":0.0,"max_hp_loss":0.0,"gold_gain":0.0,"event_name":"Golden Idol","player_choice":"Take Damage","floor":3.0,"gold_loss":0.0,"damage_taken":23.0,"relics_obtained":["Golden Idol"]},{"damage_healed":0,"gold_gain":0,"player_choice":"Success","damage_taken":26,"relics_obtained":["Shovel"],"max_hp_gain":0,"max_hp_loss":0,"event_name":"Scrap Ooze","floor":13,"gold_loss":0}],"is_beta":false,"boss_relics":[],"items_purged_floors":[5,11],"is_endless":false,"potions_floor_spawned":[7,10],"killed_by":"Gremlin Nob","ascension_level":20}}