{"host":"n3vqtvx9hbigdfc4","time":1613280209,"event":{"mods":["AchievementEnabler","BaseMod","Better Third Choice","Block Reminder","Colored Map","Colored Powertips","Downfall","Minty Spire (QoL Compilation)","Permanent Neow","Rare Cards Sparkle","Relic Stats","Replay The Spire","Shop Mod","StSLib"],"gold_per_floor":[116,134,62,75,85,112,112,112,164,164,190,206,206,225,225,298,298,317,317,40,79,79,79,79,98,98,127,75,75,88,133,133,204,204,221,221,221,237,237,237,8,36,59,59,78,90,110,142,142,142],"floor_reached":51,"language":"ENG","playtime":2946,"items_purged":[],"score":1810,"play_id":"49119aee-0cd1-4fc1-9d33-fa5b98ab08c8","local_time":"20210213232329","is_ascension_mode":true,"campfire_choices":[{"floor":10.0,"key":"REST"},{"data":"Burst","floor":13.0,"key":"SMITH"},{"floor":15.0,"key":"REST"},{"data":"Infinite Blades","floor":23.0,"key":"SMITH"},{"data":"A Thousand Cuts","floor":29.0,"key":"SMITH"},{"data":"Footwork","floor":32,"key":"SMITH"},{"data":"After Image","floor":40,"key":"SMITH"},{"data":"Blade Dance","floor":44,"key":"SMITH"},{"data":"Choke","floor":49,"key":"SMITH"}],"circlet_count":0,"master_deck":["AscendersBane","Strike_G+1","Strike_G+1","Strike_G+1","Strike_G+1","Defend_G+1","Defend_G+1","Defend_G+1","Defend_G+1","Defend_G+1","Survivor","Neutralize","Dodge and Roll","Hidden Blade","Finisher","Calculated Gamble","Flying Knee","Slice+1","Burst+1","Cloak And Dagger","Endless Agony","A Thousand Cuts+1","Infinite Blades+1","PanicButton+1","Cloak And Dagger","Sucker Punch","Blade Dance+1","Footwork+1","Fluid Movement","Fluid Movement","Adrenaline","After Image+1","Blade Dance","Sneak Up","Slice","Terror+1","Blur+1","Blur+1","Infinite Blades","Hidden Blade+1","Choke+1"],"relics":["WristBlade","betterThird:SlimedRelic","Darkstone Periapt","Blue Doll","Whetstone","Honey Jar","Vajra","ReplayTheSpireMod:Ring of Challenge","Omamori","Replay:Bottled Snecko","InkBottle","ReplayTheSpireMod:DimensionalGlitch","WarpedTongs","Lee\u0027s Waffle","Nunchaku","ReplayFunnel","Smiling Mask"],"acts_visited":["Exordium","TheCity","TheBeyond"],"potions_floor_usage":[31,47,50,50,50],"damage_taken":[{"damage":4.0,"enemies":"Cultist","floor":1.0,"turns":5.0},{"damage":0.0,"enemies":"Jaw Worm","floor":2.0,"turns":7.0},{"damage":0.0,"enemies":"2 Louse","floor":4.0,"turns":4.0},{"damage":2.0,"enemies":"Blue Slaver","floor":5.0,"turns":4.0},{"damage":32.0,"enemies":"Gremlin Nob","floor":6.0,"turns":6.0},{"damage":17.0,"enemies":"Lagavulin","floor":11.0,"turns":12.0},{"damage":0.0,"enemies":"Large Slime","floor":12.0,"turns":6.0},{"damage":2.0,"enemies":"Exordium Wildlife","floor":14.0,"turns":5.0},{"damage":21.0,"enemies":"Slime Boss","floor":16.0,"turns":7.0},{"damage":14.0,"enemies":"2 Thieves","floor":18.0,"turns":4.0},{"damage":0.0,"enemies":"Chosen","floor":25.0,"turns":3.0},{"damage":0.0,"enemies":"Book of Stabbing","floor":27.0,"turns":3.0},{"damage":0.0,"enemies":"Snake Plant","floor":30.0,"turns":3.0},{"damage":9,"enemies":"Replay:Snechameleon","floor":31,"turns":5},{"damage":22,"enemies":"Pondfish","floor":33,"turns":8},{"damage":3,"enemies":"3 Shapes","floor":35,"turns":4},{"damage":0,"enemies":"Orb Walker","floor":38,"turns":3},{"damage":0,"enemies":"Giant Head","floor":42,"turns":5},{"damage":0,"enemies":"Transient","floor":45,"turns":5},{"damage":0,"enemies":"Sphere and 2 Shapes","floor":46,"turns":3},{"damage":0,"enemies":"3 Darklings","floor":47,"turns":3},{"damage":0,"enemies":"Reptomancer","floor":48,"turns":4},{"damage":9,"enemies":"Awakened One","floor":50,"turns":8}],"seed_played":"2170899919846091650","potions_obtained":[{"floor":2.0,"key":"Energy Potion"},{"floor":6.0,"key":"EssenceOfSteel"},{"floor":12.0,"key":"Fire Potion"},{"floor":16.0,"key":"Elixir"},{"floor":21.0,"key":"Fruit Juice"},{"floor":21.0,"key":"SpeedPotion"},{"floor":21.0,"key":"LiquidMemories"},{"floor":27.0,"key":"PowerPotion"},{"floor":33,"key":"Fire Potion"},{"floor":38,"key":"Energy Potion"},{"floor":42,"key":"CunningPotion"},{"floor":47,"key":"SkillPotion"}],"is_trial":false,"path_per_floor":["M","M","?","M","M","E","?","?","T","R","E","M","R","M","R","B",null,"M","?","$","?","?","R","?","M","T","E","$","R","M","E","R","B",null,"M","?","?","M","?","R","$","E","T","R","M","M","M","E","R","B",null],"character_chosen":"THE_SILENT","items_purchased":["Vajra","PanicButton+1","Cloak And Dagger","Fluid Movement","Slice","Terror+1","Lee\u0027s Waffle"],"campfire_rested":2,"item_purchase_floors":[20,20,20,28,41,41,41],"current_hp_per_floor":[55,55,44,44,42,10,10,10,10,29,12,12,12,10,29,8,52,38,38,38,43,43,43,43,43,43,43,43,43,43,34,34,12,56,53,67,67,67,67,67,78,78,78,78,78,78,78,78,78,69],"gold":142,"neow_bonus":"BOSS_RELIC","is_daily":false,"chose_seed":false,"campfire_upgraded":7,"win_rate":0.0,"timestamp":1613280209,"path_taken":["M","M","?","M","M","E","?","?","T","R","E","M","R","M","R","BOSS","M","?","$","?","?","R","?","M","T","E","$","R","M","E","R","BOSS","M","?","?","M","?","R","$","E","T","R","M","M","?","E","R","BOSS"],"items_purchased_type":["Relic","Card","Card","Card","Card","Card","Relic"],"build_version":"2020-12-22","purchased_purges":0,"victory":true,"max_hp_per_floor":[66,66,66,66,66,66,66,66,66,66,66,66,66,66,66,66,66,66,66,66,71,71,71,71,71,71,71,71,71,71,71,71,71,71,71,71,71,71,71,71,78,78,78,78,78,78,78,78,78,78],"relic_stats":{"Darkstone Periapt":0,"Lee\u0027s Waffle":11,"Nunchaku":[13],"counters":[23,117],"Whetstone":["Slice","Strike_G"],"Smiling Mask":0,"obtain_stats":[{"Darkstone Periapt":6,"ReplayFunnel":43,"Lee\u0027s Waffle":41,"Vajra":20,"Blue Doll":9,"Omamori":26,"Whetstone":11,"Smiling Mask":48,"WarpedTongs":39,"Nunchaku":42,"WristBlade":0,"betterThird:SlimedRelic":3,"Honey Jar":17,"Replay:Bottled Snecko":27,"ReplayTheSpireMod:Ring of Challenge":22,"ReplayTheSpireMod:DimensionalGlitch":34,"InkBottle":31,"Ring of the Snake":0},{"Darkstone Periapt":5,"ReplayFunnel":18,"Lee\u0027s Waffle":17,"Vajra":10,"Blue Doll":5,"Omamori":11,"Whetstone":6,"Smiling Mask":22,"WarpedTongs":17,"Nunchaku":18,"WristBlade":0,"betterThird:SlimedRelic":2,"Honey Jar":9,"Replay:Bottled Snecko":12,"ReplayTheSpireMod:Ring of Challenge":10,"ReplayTheSpireMod:DimensionalGlitch":15,"InkBottle":14,"Ring of the Snake":0},{"Darkstone Periapt":26,"ReplayFunnel":94,"Lee\u0027s Waffle":89,"Vajra":60,"Blue Doll":26,"Omamori":63,"Whetstone":38,"Smiling Mask":109,"WarpedTongs":89,"Nunchaku":94,"WristBlade":0,"betterThird:SlimedRelic":12,"Honey Jar":56,"Replay:Bottled Snecko":66,"ReplayTheSpireMod:Ring of Challenge":60,"ReplayTheSpireMod:DimensionalGlitch":82,"InkBottle":74,"Ring of the Snake":0}],"InkBottle":[36],"WarpedTongs":[28]},"card_choices":[{"not_picked":["Deadly Poison","Distraction"],"picked":"Dodge and Roll","floor":1.0},{"not_picked":["Sneak Up","Concentrate"],"picked":"Hidden Blade","floor":2.0},{"not_picked":["Riddle With Holes","Dodge and Roll"],"picked":"Finisher","floor":4.0},{"not_picked":["Dagger Throw","Deadly Poison"],"picked":"Calculated Gamble","floor":5.0},{"not_picked":["Tactician","ReplayTheSpireMod:Exploit Weakness"],"picked":"Flying Knee","floor":6.0},{"not_picked":["Deadly Poison","Poisoned Stab"],"picked":"Burst","floor":11.0},{"not_picked":["Acrobatics","Dagger Throw"],"picked":"Cloak And Dagger","floor":12.0},{"not_picked":["Bane","Prepared"],"picked":"Endless Agony","floor":14.0},{"not_picked":["Malaise","Doppelganger"],"picked":"A Thousand Cuts","floor":16.0},{"not_picked":["Slice","Dash+1","Deadly Poison"],"picked":"Infinite Blades","floor":18.0},{"not_picked":["Outmaneuver","Masterful Stab","Bane"],"picked":"Sucker Punch","floor":21.0},{"not_picked":["Hidden Blade","Sucker Punch","Deadly Poison"],"picked":"Blade Dance","floor":25.0},{"not_picked":["Sucker Punch","Flying Knee","Outmaneuver"],"picked":"Footwork","floor":27.0},{"not_picked":["Catalyst","Blade Dance","Endless Agony"],"picked":"Adrenaline","floor":30.0},{"not_picked":["Reflex","Draining Mist+1","Underhanded Strike"],"picked":"Dagger Throw","floor":31},{"not_picked":["Bullet Time","Tools of the Trade","Adrenaline"],"picked":"After Image","floor":33},{"not_picked":["PiercingWail","Prepared","Dagger Spray"],"picked":"Blade Dance","floor":35},{"not_picked":["Catalyst","Deflect+1","Blade Dance+1"],"picked":"Sneak Up","floor":38},{"not_picked":["Sucker Punch","Bane","Dagger Throw"],"picked":"Blur+1","floor":42},{"not_picked":["Backflip","Flying Knee","Tactician"],"picked":"Blur+1","floor":45},{"not_picked":["ReplayTheSpireMod:Exploit Weakness","Flying Knee","Dagger Throw"],"picked":"Infinite Blades","floor":46},{"not_picked":["Reflex","Poisoned Stab+1","Acrobatics"],"picked":"Hidden Blade+1","floor":47},{"not_picked":["PiercingWail+1","Expertise","Sucker Punch"],"picked":"Choke","floor":48}],"player_experience":530075,"relics_obtained":[{"floor":6.0,"key":"Darkstone Periapt"},{"floor":9.0,"key":"Blue Doll"},{"floor":11.0,"key":"Whetstone"},{"floor":22.0,"key":"ReplayTheSpireMod:Ring of Challenge"},{"floor":26.0,"key":"Omamori"},{"floor":27.0,"key":"Replay:Bottled Snecko"},{"floor":31,"key":"InkBottle"},{"floor":42,"key":"Nunchaku"},{"floor":43,"key":"ReplayFunnel"},{"floor":48,"key":"Smiling Mask"}],"event_choices":[{"damage_healed":0.0,"max_hp_gain":0.0,"max_hp_loss":0.0,"gold_gain":0.0,"event_name":"betterThird:BetterGoop","player_choice":"Slimed","floor":3.0,"gold_loss":72.0,"damage_taken":11.0},{"damage_healed":0.0,"max_hp_gain":0.0,"max_hp_loss":0.0,"gold_gain":0.0,"event_name":"Golden Idol","player_choice":"Ignored","floor":7.0,"gold_loss":0.0,"damage_taken":0.0},{"damage_healed":0.0,"max_hp_gain":0.0,"max_hp_loss":0.0,"gold_gain":0.0,"cards_transformed":["Strike_G"],"event_name":"Living Wall","player_choice":"Change","floor":8.0,"gold_loss":0.0,"damage_taken":0.0,"cards_obtained":["Slice"]},{"damage_healed":0.0,"max_hp_gain":0.0,"max_hp_loss":8.0,"gold_gain":0.0,"event_name":"betterThird:BetterWriting","player_choice":"Simplicity","floor":19.0,"gold_loss":0.0,"damage_taken":0.0},{"damage_healed":0.0,"max_hp_gain":0.0,"max_hp_loss":0.0,"gold_gain":0.0,"event_name":"Vampires","player_choice":"Ignored","floor":24.0,"gold_loss":0.0,"damage_taken":0.0},{"damage_healed":14,"gold_gain":0,"player_choice":"Writhe","damage_taken":0,"max_hp_gain":0,"max_hp_loss":0,"event_name":"Winding Halls","floor":36,"gold_loss":0,"cards_obtained":["Writhe"]},{"cards_removed":["Dagger Throw"],"damage_healed":0,"gold_gain":0,"player_choice":"Removed Attack","damage_taken":0,"max_hp_gain":0,"max_hp_loss":0,"event_name":"Falling","floor":37,"gold_loss":0},{"damage_healed":0,"gold_gain":0,"player_choice":"Rummage","damage_taken":0,"relics_obtained":["WarpedTongs"],"max_hp_gain":0,"max_hp_loss":0,"event_name":"Accursed Blacksmith","floor":39,"gold_loss":0,"cards_obtained":["Pain"]}],"is_beta":false,"boss_relics":[{"not_picked":["Empty Cage","Coffee Dripper"],"picked":"Honey Jar"},{"not_picked":["Calling Bell","Tiny House"],"picked":"ReplayTheSpireMod:DimensionalGlitch"}],"items_purged_floors":[],"is_endless":false,"potions_floor_spawned":[2,6,12,16,27,33,38,42,47,48],"ascension_level":16}}