{"host":"3yynf0dn84873kbr","time":1613287234,"event":{"mods":["Act Like it!","Arknights","BaseMod","CapriCore","Downfall","Minty Spire (QoL Compilation)","Robot Space Explorer","StSLib","WarShipGirlsR/’ΩΩ¢…Ÿ≈ÆR mod"],"gold_per_floor":[99,199,214,241,258,258,258,358,373,54,124,135,135,148,168,264,264,264,276,295,345,395,395,395,395,430,448,458,476,526,576,593,593,593],"floor_reached":33,"language":"ZHS","playtime":2137,"items_purged":[],"score":286,"play_id":"ba1602f6-89fc-47f4-8b44-cc8d735af39e","local_time":"20210214152034","is_ascension_mode":false,"campfire_choices":[{"data":"champ:Taunt","floor":1,"key":"SMITH"},{"floor":13,"key":"REST"},{"data":"champ:StanceDance","floor":18,"key":"SMITH"},{"data":"champ:GladiatorForm","floor":23,"key":"SMITH"},{"data":"champ:IronFortress","floor":25,"key":"SMITH"}],"circlet_count":0,"master_deck":["champ:Strike+1","champ:Strike","champ:Strike","champ:Strike+1","champ:Defend","champ:Defend+1","champ:Defend","champ:Defend+1","champ:Execute","champ:Taunt+1","champ:FaceSlap","champ:PreciseThrust","champ:EnGarde","champ:EnragedBash","champ:StanceDance+1","champ:RisingSlash","champ:IronFortress+1","champ:BringItOn","champ:GladiatorForm+1","champ:BerserkersShout","champ:PreciseThrust","champ:AdrenalArmor","champ:ShieldWall"],"relics":["champ:ChampionCrown","CloakClasp","War Paint","Whetstone","downfall:CloakOfManyFaces","CultistMask","FaceOfCleric","NlothsMask","GremlinMask","SsserpentHead","Membership Card","Anchor","Black Star","Toy Ornithopter","Ornamental Fan","champ:FightingForDummies"],"acts_visited":["Exordium","TheCity"],"potions_floor_usage":[8,8,11],"damage_taken":[{"damage":92,"floor":2,"turns":12},{"damage":5,"enemies":"ats:Genji","floor":3,"turns":4},{"damage":0,"enemies":"Jaw Worm","floor":5,"turns":3},{"damage":93,"enemies":"downfall:FaceTrader","floor":8,"turns":10},{"damage":10,"enemies":"Small Slimes","floor":9,"turns":4},{"damage":15,"enemies":"downfall:FleeingMerchant","floor":10,"turns":4},{"damage":15,"enemies":"2 Fungi Beasts","floor":11,"turns":4},{"damage":20,"enemies":"Lots of Slimes","floor":12,"turns":4},{"damage":35,"enemies":"Blue Slaver","floor":14,"turns":4},{"damage":5,"enemies":"3 Louse","floor":15,"turns":3},{"damage":102,"enemies":"DF_ARCHETYPE_STREAMLINE","floor":16,"turns":13},{"damage":25,"enemies":"Chosen","floor":19,"turns":5},{"damage":30,"enemies":"3 Byrds","floor":20,"turns":7},{"damage":61,"enemies":"Book of Stabbing","floor":26,"turns":6},{"damage":56,"enemies":"Sentry and Sphere","floor":27,"turns":8},{"damage":53,"enemies":"Snake Plant","floor":28,"turns":5},{"damage":45,"enemies":"Centurion and Healer","floor":29,"turns":8},{"damage":66,"enemies":"3 Cultists","floor":32,"turns":7},{"damage":38,"enemies":"IC_MUSHROOM_ARCHETYPE","floor":33,"turns":6}],"seed_played":"-8218628166984711723","potions_obtained":[{"floor":2,"key":"AttackPotion"},{"floor":5,"key":"DistilledChaos"},{"floor":8,"key":"Dexterity Potion"},{"floor":14,"key":"DuplicationPotion"},{"floor":20,"key":"SkillPotion"},{"floor":22,"key":"CultistPotion"}],"is_trial":false,"path_per_floor":["R","?","M","T","M","?","T","?","M","$","M","M","R","M","M","B",null,"R","M","M","?","?","R","T","R","E","M","M","M","?","?","M","B"],"character_chosen":"THE_CHAMP","items_purchased":["Membership Card","Anchor","Strength Potion","FairyPotion"],"campfire_rested":1,"item_purchase_floors":[10,10,10,10],"current_hp_per_floor":[99,57,57,57,57,62,62,24,25,26,27,28,60,56,57,26,111,111,112,113,113,113,113,113,113,78,58,36,37,37,37,33,0,0],"gold":593,"neow_bonus":"TEN_PERCENT_HP_BONUS","is_daily":false,"chose_seed":false,"campfire_upgraded":4,"win_rate":0.0,"timestamp":1613287234,"path_taken":["R","?","M","?","M","?","T","?","M","$","?","M","R","M","M","BOSS","R","M","M","?","?","R","T","R","E","M","M","M","?","?","M","BOSS"],"items_purchased_type":["Relic","Relic","Potion","Potion"],"build_version":"2020-12-22","purchased_purges":0,"victory":false,"max_hp_per_floor":[99,99,99,99,99,104,104,104,105,106,107,108,108,109,110,111,111,111,112,113,113,113,113,113,113,114,115,116,117,117,117,118,118,118],"card_choices":[{"not_picked":["champ:PreemptiveStrike","champ:EndlessRage"],"picked":"champ:FaceSlap","floor":2},{"not_picked":["champ:FancyFootwork","champ:RapidStrikes"],"picked":"champ:PreciseThrust","floor":3},{"not_picked":["champ:ArenaPreparation","champ:PerfectedStrike"],"picked":"champ:EnGarde","floor":5},{"not_picked":["champ:DefensiveShout","champ:SetATrap"],"picked":"champ:EnragedBash","floor":8},{"not_picked":["champ:Encircle","champ:FlashCut"],"picked":"champ:StanceDance","floor":9},{"not_picked":["champ:SetATrap","champ:Encircle"],"picked":"champ:RisingSlash","floor":10},{"not_picked":["champ:PerfectedStrike","champ:SetATrap"],"picked":"champ:IronFortress","floor":11},{"not_picked":["champ:EnragedBash","champ:BladeFlurry","champ:Encircle"],"picked":"SKIP","floor":12},{"not_picked":["champ:CalledShot","champ:IgnorePain"],"picked":"champ:BringItOn","floor":14},{"not_picked":["champ:FancyFootwork","champ:Encircle"],"picked":"champ:Backstep","floor":15},{"not_picked":["champ:ShieldThrow","champ:SteelEdge"],"picked":"champ:GladiatorForm","floor":16},{"not_picked":["champ:PreemptiveStrike","champ:IronFortress","champ:SetATrap"],"picked":"SKIP","floor":19},{"not_picked":["champ:Circumvent+1","champ:BladeFlurry","champ:Backstep"],"picked":"SKIP","floor":20},{"not_picked":["champ:EndlessRage","champ:IgnorePain","champ:Shatter"],"picked":"SKIP","floor":26},{"not_picked":["champ:HeartStrike","champ:Duel+1","champ:IronFortress+1"],"picked":"SKIP","floor":27},{"not_picked":["champ:Shatter","champ:BladeFlurry+1"],"picked":"champ:BerserkersShout","floor":28},{"not_picked":["champ:BerserkersShout","champ:Haymaker+1"],"picked":"champ:PreciseThrust","floor":29},{"not_picked":["champ:BladeFlurry","champ:Encircle"],"picked":"champ:ShieldWall","floor":32}],"player_experience":158002,"relics_obtained":[{"floor":2,"key":"CloakClasp"},{"floor":4,"key":"War Paint"},{"floor":7,"key":"Whetstone"},{"floor":8,"key":"downfall:CloakOfManyFaces"},{"floor":26,"key":"Toy Ornithopter"},{"floor":26,"key":"Ornamental Fan"}],"event_choices":[{"damage_healed":0,"gold_gain":0,"player_choice":"Donut","damage_taken":0,"max_hp_gain":5,"max_hp_loss":0,"event_name":"Big Fish","floor":6,"gold_loss":0},{"damage_healed":0,"gold_gain":0,"player_choice":"Ignored","damage_taken":0,"max_hp_gain":0,"max_hp_loss":0,"event_name":"Vampires","floor":21,"gold_loss":0}],"is_beta":false,"boss_relics":[{"not_picked":["Cursed Key","Runic Dome"],"picked":"Black Star"}],"items_purged_floors":[],"is_endless":false,"potions_floor_spawned":[2,5,8,12,14,20,26,29],"killed_by":"IC_MUSHROOM_ARCHETYPE","ascension_level":0}}