{"host":"blhqr6uo32maonpv","time":1613324307,"event":{"mods":["BaseMod","Downfall","Minty Spire (QoL Compilation)","StSLib"],"gold_per_floor":[99,110,121,185,185,212,212,225,225,108,8,0,100,100,115,218,218,218,231,247,257,77,77,77,77],"floor_reached":23,"language":"ENG","playtime":1781,"items_purged":[],"score":214,"play_id":"5fc9aab9-6b32-4909-bf97-40b7b9fcfe84","local_time":"20210214133827","is_ascension_mode":false,"campfire_choices":[{"data":"Slimebound:Split","floor":1,"key":"SMITH"},{"floor":11,"key":"REST"},{"data":"Slimebound:LeadByExample","floor":18,"key":"SMITH"}],"circlet_count":0,"master_deck":["Slimebound:Strike_Slimebound","Slimebound:Strike_Slimebound","Slimebound:Strike_Slimebound","Slimebound:Tackle","Slimebound:Defend_Slimebound","Slimebound:Defend_Slimebound","Slimebound:Defend_Slimebound","Slimebound:Defend_Slimebound","Slimebound:Split+1","Slimebound:CorrosiveSpit","Slimebound:SplitAcid","Slimebound:Repurpose","Slimebound:LevelUp+1","Slimebound:GoopSpray","Slimebound:LeechingTouch","Slimebound:Nibble","Slimebound:LeadByExample+1","Slimebound:PressTheAttack","Slimebound:PressTheAttack","Slimebound:SplitAcid","Slimebound:RallyTheTroops","Slimebound:SamplingLick","Slimebound:Gluttony","Slimebound:SlimeBarrage+1","Slimebound:LeechEnergy","Slimebound:LevelUp","expansioncontent:Hexaburn"],"relics":["Slimebound:AbsorbEndCombatUpgraded","Slimebound:AggressiveSlimeRelic","Lantern","downfall:BrokenWingStatue","downfall:HeartBlessingBlue","Pen Nib"],"acts_visited":["Exordium","TheCity"],"potions_floor_usage":[4,23,23],"damage_taken":[{"damage":10,"enemies":"Cultist","floor":2,"turns":4},{"damage":6,"enemies":"Jaw Worm","floor":3,"turns":3},{"damage":20,"enemies":"Lagavulin Event","floor":4,"turns":5},{"damage":20,"enemies":"Lagavulin","floor":6,"turns":5},{"damage":2,"enemies":"2 Louse","floor":8,"turns":2},{"damage":3,"enemies":"downfall:FleeingMerchant","floor":10,"turns":4},{"damage":3,"enemies":"downfall:FleeingMerchant","floor":12,"turns":4},{"damage":13,"enemies":"Gremlin Gang","floor":15,"turns":2},{"damage":17,"enemies":"DF_ARCHETYPE_STREAMLINE","floor":16,"turns":6},{"damage":25,"enemies":"Spheric Guardian","floor":19,"turns":4},{"damage":19,"enemies":"downfall:LooterAlt2","floor":20,"turns":3},{"damage":23,"enemies":"Snecko","floor":21,"turns":4},{"damage":4,"enemies":"downfall:FleeingMerchant","floor":22,"turns":4},{"damage":43,"enemies":"Gremlin Leader","floor":23,"turns":2}],"seed_played":"-5310634337290299270","potions_obtained":[{"floor":2,"key":"DistilledChaos"},{"floor":6,"key":"Fire Potion"},{"floor":15,"key":"FearPotion"},{"floor":16,"key":"PowerPotion"}],"is_trial":false,"path_per_floor":["R","M","M","?","?","E","T","M","?","$","R","$","?","T","M","B",null,"R","M","M","M","$","E"],"character_chosen":"SLIMEBOUND","items_purchased":["Slimebound:LeadByExample","Slimebound:PressTheAttack","Slimebound:LevelUp","expansioncontent:Hexaburn"],"campfire_rested":1,"item_purchase_floors":[10,10,22,22],"current_hp_per_floor":[71,62,58,44,44,30,30,30,30,31,65,66,66,66,55,46,81,81,56,43,29,40,0,0,0],"gold":77,"neow_bonus":"TEN_PERCENT_HP_BONUS","is_daily":false,"chose_seed":false,"campfire_upgraded":2,"win_rate":0.0,"timestamp":1613324307,"path_taken":["R","M","?","?","?","E","T","?","?","$","R","$","?","?","M","BOSS","R","M","M","M","$","E"],"items_purchased_type":["Card","Card","Card","Card"],"build_version":"2020-12-22","purchased_purges":0,"victory":false,"max_hp_per_floor":[71,71,71,71,71,71,71,71,71,71,81,81,81,81,81,81,81,81,81,81,81,81,81,81,81],"card_choices":[{"not_picked":["Slimebound:FormOfPuddle","Slimebound:RejuvenatingLick"],"picked":"Slimebound:SplitAcid","floor":2},{"not_picked":["Slimebound:BestDefense","Slimebound:ComboTackle"],"picked":"Slimebound:Repurpose","floor":3},{"not_picked":["Slimebound:Prepare","Slimebound:ForwardTackle"],"picked":"Slimebound:LevelUp","floor":4},{"not_picked":["Slimebound:HauntingLick","Slimebound:RollThrough"],"picked":"Slimebound:GoopSpray","floor":6},{"not_picked":["Slimebound:ViciousTackle","Slimebound:FormOfPuddle"],"picked":"Slimebound:LeechingTouch","floor":8},{"not_picked":["Slimebound:GoopSpray","Slimebound:DouseInSlime"],"picked":"Slimebound:Nibble","floor":10},{"not_picked":["Slimebound:SamplingLick","Slimebound:Prepare"],"picked":"Slimebound:PressTheAttack","floor":12},{"not_picked":["Slimebound:LeechEnergy","Slimebound:RainOfGoop"],"picked":"Slimebound:SplitAcid","floor":15},{"not_picked":["Slimebound:DouseInSlime","Slimebound:FirmFortitude"],"picked":"Slimebound:RallyTheTroops","floor":16},{"not_picked":["Slimebound:Grow","Slimebound:SplitAcid+1"],"picked":"Slimebound:SamplingLick","floor":19},{"not_picked":["Slimebound:Chomp+1","Slimebound:HauntingLick+1"],"picked":"Slimebound:Gluttony","floor":20},{"not_picked":["Slimebound:RejuvenatingLick+1","Slimebound:BestDefense"],"picked":"Slimebound:SlimeBarrage+1","floor":21},{"not_picked":["Slimebound:RollThrough","Slimebound:DisruptingSlam+1"],"picked":"Slimebound:LeechEnergy","floor":22}],"player_experience":2563,"relics_obtained":[{"floor":4,"key":"Slimebound:AggressiveSlimeRelic"},{"floor":6,"key":"Lantern"},{"floor":14,"key":"Pen Nib"}],"event_choices":[{"damage_healed":0,"gold_gain":0,"player_choice":"Forge","damage_taken":0,"max_hp_gain":0,"max_hp_loss":0,"event_name":"Accursed Blacksmith","floor":5,"gold_loss":0,"cards_upgraded":["Slimebound:LevelUp"]}],"is_beta":false,"boss_relics":[{"not_picked":["Snecko Eye","Empty Cage"],"picked":"Slimebound:AbsorbEndCombatUpgraded"}],"items_purged_floors":[],"is_endless":false,"potions_floor_spawned":[2,6,15,16],"killed_by":"Gremlin Leader","ascension_level":0}}