{"host":"24j0rle15g8q9bc9","time":1613284969,"event":{"mods":["2.2 Compatiblity","Act Like it!","Bartender","BaseMod","Better Note","Colored Map","Colored Powertips","DeckTracker","Downfall","Elementarium","Hallownest","Hubris","Jorbs\u0027s Wanderer Trilogy","Minty Spire (QoL Compilation)","Rare Cards Sparkle","Remilia??????","StSLib","The Bug Knight","The Death Knight","The Necromancer","Treasure Hunter"],"gold_per_floor":[136,151,168,90,90,117,117,136,183,216,216,234,234,248,248,351,351,363,378,14,28,47,47,47,47,73,73,173,173,183,217,217,318,318,338,338,352,365,143,143,158,175,252,252,252,252,272,286,286,286,286,286,137,167,167,167],"floor_reached":55,"language":"ENG","playtime":2422,"items_purged":["Strike_R"],"score":676,"play_id":"0fdc98af-838f-41da-a734-1217b09596cc","local_time":"20210214024249","is_ascension_mode":false,"campfire_choices":[{"floor":7,"key":"REST"},{"floor":11,"key":"REST"},{"floor":15,"key":"REST"},{"floor":23,"key":"REST"},{"floor":25,"key":"REST"},{"floor":27,"key":"REST"},{"floor":32,"key":"REST"},{"floor":40,"key":"REST"},{"floor":44,"key":"RECALL"},{"floor":46,"key":"REST"},{"floor":49,"key":"REST"},{"data":"Offering","floor":52,"key":"SMITH"}],"circlet_count":0,"master_deck":["Blood for Blood+1","Strike_R","Strike_R","Strike_R","Strike_R","Defend_R","Defend_R","Defend_R","Defend_R","Bash","Bludgeon","Perfected Strike","Rupture+1","Sword Boomerang","Shrug It Off","Bloodletting","TH:Mimic","Offering+1","Blood for Blood","Headbutt","TH:Mimic","CurseOfTheBell","Clothesline+1","Armaments+1","Pommel Strike+1","Shrug It Off+1","Infernal Blade+1","Brutality","Combust+1","Heavy Blade+1","TH:TreasureMap","Flex+1","Rage","Rampage"],"relics":["Burning Blood","Pantograph","hubris:ToyBattleship","Nunchaku","hubris:SlimyHat","Calling Bell","Anchor","Paper Frog","hubris:Spice","hubris:ScarierMask","Medical Kit"],"acts_visited":["Exordium","TheCity","TheBeyond","TheEnding"],"potions_floor_usage":[10,16,33,33,50,50,50],"damage_taken":[{"damage":6,"enemies":"Jaw Worm","floor":1,"turns":2},{"damage":1,"enemies":"Cultist","floor":2,"turns":3},{"damage":0,"enemies":"2 Louse","floor":3,"turns":2},{"damage":44,"enemies":"Lagavulin","floor":6,"turns":6},{"damage":17,"enemies":"Gremlin Gang","floor":8,"turns":3},{"damage":17,"enemies":"Gremlin Nob","floor":10,"turns":3},{"damage":10,"enemies":"Exordium Thugs","floor":12,"turns":2},{"damage":30,"enemies":"Lots of Slimes","floor":14,"turns":3},{"damage":51,"enemies":"Hexaghost","floor":16,"turns":7},{"damage":14,"enemies":"3 Byrds","floor":18,"turns":4},{"damage":31,"enemies":"Shell Parasite","floor":19,"turns":4},{"damage":11,"enemies":"Sentry and Sphere","floor":21,"turns":4},{"damage":51,"enemies":"Cultist and Chosen","floor":22,"turns":6},{"damage":11,"enemies":"Centurion and Healer","floor":30,"turns":3},{"damage":35,"enemies":"Gremlin Leader","floor":31,"turns":4},{"damage":47,"enemies":"Automaton","floor":33,"turns":8},{"damage":8,"enemies":"3 Shapes","floor":35,"turns":2},{"damage":13,"enemies":"3 Darklings","floor":37,"turns":3},{"damage":25,"enemies":"Jaw Worm Horde","floor":38,"turns":3},{"damage":15,"enemies":"Transient","floor":41,"turns":5},{"damage":10,"enemies":"3 Darklings","floor":42,"turns":3},{"damage":41,"enemies":"Writhing Mass","floor":47,"turns":4},{"damage":14,"enemies":"4 Shapes","floor":48,"turns":2},{"damage":57,"enemies":"Time Eater","floor":50,"turns":5},{"damage":21,"enemies":"Shield and Spear","floor":54,"turns":5},{"damage":87,"enemies":"The Heart","floor":55,"turns":3}],"seed_played":"459852417615696716","potions_obtained":[{"floor":6,"key":"SkillPotion"},{"floor":14,"key":"Explosive Potion"},{"floor":19,"key":"DeathKnight:RimePotion"},{"floor":33,"key":"FearPotion"},{"floor":35,"key":"Strength Potion"},{"floor":41,"key":"Block Potion"}],"is_trial":false,"path_per_floor":["M","M","M","?","$","E","R","M","T","E","R","M","?","M","R","B",null,"M","M","$","M","M","R","$","R","T","R","?","?","M","E","R","B",null,"M","?","M","M","$","R","M","M","T","R","?","R","M","M","R","B",null,"R","$","E","B"],"character_chosen":"IRONCLAD","items_purchased":["hubris:Spice","bronze:BurnAndBuffPotion","Medical Kit","Rage","Rampage"],"campfire_rested":10,"item_purchase_floors":[20,20,39,53,53],"current_hp_per_floor":[56,61,67,67,67,29,53,42,42,31,55,51,80,56,80,35,88,80,55,63,58,13,39,39,65,65,80,80,80,75,46,70,39,80,78,78,71,52,52,76,67,63,63,63,63,80,45,37,61,29,80,80,80,65,0,0],"gold":167,"neow_bonus":"THREE_RARE_CARDS","is_daily":false,"chose_seed":false,"campfire_upgraded":1,"win_rate":0.0,"timestamp":1613284969,"path_taken":["M","M","M","?","?","E","R","M","T","E","R","?","?","M","R","BOSS","M","M","?","?","M","R","$","R","T","R","?","?","M","E","R","BOSS","M","?","?","M","$","R","M","M","T","R","?","R","M","M","R","BOSS","R","$","E","BOSS"],"items_purchased_type":["Relic","Potion","Relic","Card","Card"],"build_version":"2020-12-22","purchased_purges":1,"victory":false,"max_hp_per_floor":[80,80,80,80,80,80,80,80,80,80,80,80,80,80,80,80,88,88,88,96,96,88,88,88,88,80,80,80,80,80,80,80,80,80,80,80,80,80,80,80,80,80,80,80,80,80,80,80,80,80,80,80,80,80,80,80],"card_choices":[{"not_picked":["Offering","Brutality"],"picked":"Bludgeon","floor":0},{"not_picked":["Anger","Warcry"],"picked":"Perfected Strike","floor":1},{"not_picked":["hubris:SharpeningStone","Shrug It Off"],"picked":"Rupture","floor":2},{"not_picked":["Carnage","Reckless Charge"],"picked":"Sword Boomerang","floor":3},{"not_picked":["Sword Boomerang","Clothesline"],"picked":"Shrug It Off","floor":6},{"not_picked":["TH:EnergyPotion","TH:Mimic"],"picked":"SKIP","floor":6},{"not_picked":["Intimidate","Rupture"],"picked":"Bloodletting","floor":8},{"not_picked":["TH:ArmorSpikes"],"picked":"TH:Mimic","floor":9},{"not_picked":["Iron Wave","Intimidate"],"picked":"Offering","floor":10},{"not_picked":["TH:CopperCoins","TH:EnergyPotion"],"picked":"SKIP","floor":10},{"not_picked":["Thunderclap","Shrug It Off"],"picked":"Blood for Blood","floor":12},{"not_picked":["Cleave","Clash"],"picked":"Headbutt","floor":14},{"not_picked":["TH:DeckOfManyThings"],"picked":"TH:Mimic","floor":16},{"not_picked":["Dropkick","True Grit+1"],"picked":"Clothesline+1","floor":18},{"not_picked":["Anger+1","Spot Weakness"],"picked":"Armaments+1","floor":19},{"not_picked":["Blood for Blood+1","Flex+1"],"picked":"Pommel Strike+1","floor":21},{"not_picked":["Body Slam+1","Infernal Blade"],"picked":"hubris:SpiceAddiction","floor":22},{"not_picked":["TH:BikiniMail","TH:PixieDust"],"picked":"SKIP","floor":26},{"not_picked":["True Grit","Clothesline"],"picked":"Shrug It Off+1","floor":30},{"not_picked":["Flex","Sword Boomerang"],"picked":"Infernal Blade+1","floor":31},{"not_picked":["TH:PixieDust","TH:ArmorSpikes"],"picked":"SKIP","floor":31},{"not_picked":["Offering","Juggernaut"],"picked":"Brutality","floor":33},{"not_picked":["Iron Wave+1","Twin Strike+1"],"picked":"Combust+1","floor":35},{"not_picked":["hubris:ReadiedAction","Clothesline+1","Sword Boomerang"],"picked":"SKIP","floor":37},{"not_picked":["Armaments","Battle Trance+1"],"picked":"Heavy Blade+1","floor":38},{"not_picked":["Intimidate","Shrug It Off","Carnage"],"picked":"SKIP","floor":41},{"not_picked":["Heavy Blade+1","Iron Wave+1","Clothesline+1"],"picked":"SKIP","floor":42},{"not_picked":["TH:BikiniMail"],"picked":"TH:TreasureMap","floor":43},{"not_picked":["Wild Strike+1","Anger"],"picked":"Flex+1","floor":47},{"not_picked":["Dual Wield+1","Perfected Strike+1","Cleave"],"picked":"SKIP","floor":48},{"not_picked":["TH:ElvenBoots","TH:CopperCoins"],"picked":"SKIP","floor":54},{"not_picked":["Pommel Strike","Headbutt+1","Sword Boomerang+1"],"picked":"SKIP","floor":54}],"player_experience":55956,"relics_obtained":[{"floor":6,"key":"hubris:ToyBattleship"},{"floor":9,"key":"Nunchaku"},{"floor":10,"key":"hubris:SlimyHat"},{"floor":17,"key":"Anchor"},{"floor":17,"key":"Paper Frog"},{"floor":17,"key":"hubris:Spice"},{"floor":26,"key":"hubris:Spice"}],"event_choices":[{"damage_healed":0,"gold_gain":0,"player_choice":"Paid Gold","damage_taken":0,"relics_obtained":["Pantograph"],"max_hp_gain":0,"max_hp_loss":0,"event_name":"WeMeetAgain","floor":4,"gold_loss":78},{"damage_healed":29,"gold_gain":0,"player_choice":"Full Heal","damage_taken":0,"max_hp_gain":0,"max_hp_loss":0,"event_name":"Wheel of Change","floor":13,"gold_loss":0},{"damage_healed":0,"gold_gain":100,"player_choice":"Pray","damage_taken":0,"max_hp_gain":0,"max_hp_loss":0,"event_name":"Golden Shrine","floor":28,"gold_loss":0},{"cards_removed":["Defend_R"],"damage_healed":0,"gold_gain":0,"player_choice":"Give","damage_taken":0,"max_hp_gain":0,"max_hp_loss":0,"event_name":"betterNote:BetterNote","floor":29,"gold_loss":0,"cards_obtained":["Regret"]},{"damage_healed":0,"gold_gain":0,"player_choice":"Upgraded","damage_taken":0,"max_hp_gain":0,"max_hp_loss":0,"event_name":"Upgrade Shrine","floor":36,"gold_loss":0,"cards_upgraded":["Rupture"]},{"damage_healed":0,"gold_gain":0,"player_choice":"0 cards matched","damage_taken":0,"max_hp_gain":0,"max_hp_loss":0,"event_name":"Match and Keep!","floor":45,"gold_loss":0,"cards_obtained":[]}],"is_beta":false,"boss_relics":[{"not_picked":["Tiny House","Philosopher\u0027s Stone"],"picked":"Calling Bell"},{"not_picked":["hubris:Spice","hubris:Spice"],"picked":"hubris:ScarierMask"}],"items_purged_floors":[39],"is_endless":false,"potions_floor_spawned":[6,14,19,33,35,41,42],"killed_by":"The Heart","ascension_level":0}}