{"host":"v1zz5dqrlq7zjvm7","time":1613320814,"event":{"mods":["Act Like it!","BaseMod","Colored Map","Colored Powertips","Friendly Minions","Gensokyo","HololiveMod","Minty Spire (QoL Compilation)","StSLib","The Alterego","UnlockEverythingMod","Waifu the Spire","Yakumo Yukari mod"],"gold_per_floor":[119,119,136,165,76,76,104,104,104,118,136,169,0,0,0,0,0],"floor_reached":16,"language":"ENG","playtime":1126,"items_purged":[],"score":147,"play_id":"c6500fd5-f092-4511-a586-40713160539e","local_time":"20210215031014","is_ascension_mode":true,"campfire_choices":[{"floor":6,"key":"REST"},{"floor":8,"key":"REST"},{"floor":15,"key":"REST"}],"circlet_count":0,"master_deck":["alterego_mod:Strike","alterego_mod:Strike","alterego_mod:Strike","alterego_mod:Strike","alterego_mod:Defend","alterego_mod:Defend","alterego_mod:Defend","alterego_mod:Defend","alterego_mod:Impale","alterego_mod:BigMeatyClaws","alterego_mod:BrynhildrsRune","alterego_mod:BiFurious","alterego_mod:Smother","alterego_mod:Rip","Dramatic Entrance","alterego_mod:Skirt","alterego_mod:Belts","alterego_mod:SuperDuperMasochism","alterego_mod:Cooking","Gensokyo:TarnishedGold","Pain"],"relics":["alterego_mod:MasochisticConstitution","Mango","Blood Vial","StrikeDummy","Singing Bowl","Sundial","Strange Spoon","Gensokyo:LunaticRedEyes"],"acts_visited":["Gensokyo:Gensokyo"],"potions_floor_usage":[4,12,16,16],"damage_taken":[{"damage":6,"enemies":"Gensokyo:Python","floor":1,"turns":4},{"damage":25,"enemies":"Gensokyo:Gryphon","floor":3,"turns":6},{"damage":35,"enemies":"Gensokyo:Cirno","floor":4,"turns":8},{"damage":32,"enemies":"Gensokyo:Cirno","floor":7,"turns":6},{"damage":0,"enemies":"Gensokyo:3_Fairies","floor":10,"turns":3},{"damage":0,"enemies":"Gensokyo:LivingMonolith","floor":11,"turns":3},{"damage":30,"enemies":"Gensokyo:Aya","floor":12,"turns":6},{"damage":44,"enemies":"Gensokyo:Kokoro","floor":16,"turns":7}],"seed_played":"1307495533560614300","potions_obtained":[{"floor":3,"key":"Dexterity Potion"},{"floor":10,"key":"Ancient Potion"},{"floor":11,"key":"DuplicationPotion"},{"floor":12,"key":"SteroidPotion"}],"is_trial":false,"path_per_floor":["M","?","M","?","$","R","E","R","T","M","M","E","COS","?","R","B"],"character_chosen":"The_Alterego","items_purchased":["Dramatic Entrance"],"campfire_rested":3,"item_purchase_floors":[5],"current_hp_per_floor":[72,65,41,7,7,35,6,34,34,36,38,11,11,11,39,0,0],"gold":0,"neow_bonus":"TEN_PERCENT_HP_BONUS","is_daily":false,"chose_seed":false,"campfire_upgraded":0,"win_rate":0.0,"timestamp":1613320814,"path_taken":["M","?","?","?","$","R","E","R","T","?","M","E","COS","?","R","BOSS"],"items_purchased_type":["Card"],"build_version":"2020-12-22","purchased_purges":0,"victory":false,"max_hp_per_floor":[78,92,93,94,94,94,95,95,95,95,95,96,96,96,96,96,96],"card_choices":[{"not_picked":["alterego_mod:TrashNCrash","alterego_mod:Punishment"],"picked":"alterego_mod:BiFurious","floor":1},{"not_picked":["alterego_mod:MaintainEyeContact","alterego_mod:Bounce"],"picked":"alterego_mod:Smother","floor":3},{"not_picked":["alterego_mod:PerceptionDisorder","alterego_mod:Undulate"],"picked":"alterego_mod:Rip","floor":4},{"not_picked":["alterego_mod:Maid","alterego_mod:DeftHands"],"picked":"alterego_mod:Skirt","floor":7},{"not_picked":["alterego_mod:GoddessCore","alterego_mod:Bunnysuit"],"picked":"alterego_mod:Belts","floor":10},{"not_picked":["alterego_mod:Tantrum","alterego_mod:Birthday"],"picked":"alterego_mod:SuperDuperMasochism","floor":11},{"not_picked":["alterego_mod:Cycle","alterego_mod:Cushion"],"picked":"alterego_mod:Cooking","floor":12}],"player_experience":147824,"relics_obtained":[{"floor":4,"key":"Blood Vial"},{"floor":7,"key":"StrikeDummy"},{"floor":9,"key":"Singing Bowl"},{"floor":12,"key":"Sundial"}],"event_choices":[],"is_beta":false,"boss_relics":[],"items_purged_floors":[],"is_endless":false,"potions_floor_spawned":[3,10,11,12],"killed_by":"Gensokyo:Kokoro","ascension_level":1}}