{"host":"5dk97cf2ubw2v967","time":1613327796,"event":{"mods":["AlwaysNeverKeys","BaseMod","Better Altar","Better Vampires","Block Reminder","Card Filter","Colored Powertips","Downfall","Googly Eyes","Highlight Path","Minty Spire (QoL Compilation)","Permanent Neow","Potion Indicator Mod","Quick Restart","Relic Filter","Relic Stats","Say the Spire","Spicy Shops","StSLib","Waifu the Spire","everything is the same but u backflip on backflip"],"gold_per_floor":[18,18,28,40,55,55,55,84,156,156,170,170,182,210,210,284,284,297,315,230,230,248,248,248,248],"floor_reached":24,"language":"ENG","playtime":1191,"items_purged":[],"score":416,"play_id":"07a92a01-742b-4e62-8088-fdb53b3d51bb","local_time":"20210214183636","is_ascension_mode":true,"campfire_choices":[{"data":"Sever Soul","floor":6,"key":"SMITH"},{"data":"Bash","floor":10,"key":"SMITH"},{"floor":12,"key":"REST"},{"floor":15,"key":"REST"},{"floor":23,"key":"REST"}],"circlet_count":0,"master_deck":["AscendersBane","Strike_R","Strike_R","Strike_R","Defend_R","Defend_R","Defend_R","Bash+1","Sever Soul+1","Dual Wield","Bloodletting","Battle Trance","Bloodletting","Battle Trance","Dropkick","Juggernaut","Inflame"],"relics":["Burning Blood","Incense Burner","Nunchaku","Singing Bowl","Bag of Preparation","Empty Cage","Gambling Chip"],"acts_visited":["Exordium","TheCity"],"potions_floor_usage":[8,8,16,22],"damage_taken":[{"damage":12,"enemies":"Jaw Worm","floor":1,"turns":2},{"damage":6,"enemies":"Cultist","floor":3,"turns":3},{"damage":3,"enemies":"2 Louse","floor":4,"turns":3},{"damage":15,"enemies":"Looter","floor":5,"turns":3},{"damage":32,"enemies":"Gremlin Nob","floor":8,"turns":4},{"damage":29,"enemies":"Exordium Thugs","floor":11,"turns":5},{"damage":10,"enemies":"Exordium Wildlife","floor":13,"turns":4},{"damage":26,"enemies":"Lagavulin","floor":14,"turns":6},{"damage":32,"enemies":"Hexaghost","floor":16,"turns":7},{"damage":29,"enemies":"Shell Parasite","floor":18,"turns":3},{"damage":18,"enemies":"2 Thieves","floor":19,"turns":4},{"damage":24,"enemies":"Cultist and Chosen","floor":22,"turns":4},{"damage":60,"enemies":"Book of Stabbing","floor":24,"turns":4}],"seed_played":"7997717720933949647","potions_obtained":[{"floor":1,"key":"ElixirPotion"},{"floor":4,"key":"GamblersBrew"},{"floor":5,"key":"Explosive Potion"},{"floor":14,"key":"Weak Potion"},{"floor":16,"key":"Swift Potion"},{"floor":18,"key":"FairyPotion"}],"is_trial":false,"path_per_floor":["M","?","M","M","M","R","$","E","T","R","M","R","M","E","R","B",null,"M","M","?","?","M","R","E"],"character_chosen":"IRONCLAD","items_purchased":[],"campfire_rested":3,"item_purchase_floors":[],"current_hp_per_floor":[62,62,62,65,56,56,56,30,30,30,9,32,30,10,33,7,61,38,28,28,28,12,36,5,5],"gold":248,"neow_bonus":"ONE_RARE_RELIC","is_daily":false,"chose_seed":false,"campfire_upgraded":2,"win_rate":0.0,"timestamp":1613327796,"path_taken":["M","?","?","M","M","R","$","E","T","R","M","R","M","E","R","BOSS","M","?","?","?","M","R","E"],"items_purchased_type":[],"build_version":"2020-12-22","purchased_purges":0,"victory":false,"max_hp_per_floor":[75,75,75,75,75,75,75,75,75,75,77,77,79,79,79,79,79,79,81,81,81,83,83,83,83],"relic_stats":{"Nunchaku":[7],"Singing Bowl":8,"counters":[13,52],"Gambling Chip":[4],"Bag of Preparation":[10],"obtain_stats":[{"Nunchaku":8,"Singing Bowl":9,"Gambling Chip":20,"Incense Burner":0,"Bag of Preparation":14,"Empty Cage":17,"Burning Blood":0},{"Nunchaku":5,"Singing Bowl":5,"Gambling Chip":11,"Incense Burner":0,"Bag of Preparation":8,"Empty Cage":9,"Burning Blood":0},{"Nunchaku":15,"Singing Bowl":15,"Gambling Chip":44,"Incense Burner":0,"Bag of Preparation":30,"Empty Cage":37,"Burning Blood":0}],"Burning Blood":72},"card_choices":[{"not_picked":["Anger","Armaments"],"picked":"Sever Soul","floor":1},{"not_picked":["Entrench","Shrug It Off"],"picked":"Bloodletting","floor":3},{"not_picked":["Flex","Spot Weakness"],"picked":"Battle Trance","floor":4},{"not_picked":["Burning Pact","Headbutt"],"picked":"Bloodletting","floor":5},{"not_picked":["Intimidate","Havoc"],"picked":"Battle Trance","floor":8},{"not_picked":["Clash","Uppercut","Berserk"],"picked":"Singing Bowl","floor":11},{"not_picked":["Clothesline","Bloodletting","Flex"],"picked":"Singing Bowl","floor":13},{"not_picked":["Infernal Blade","Shrug It Off"],"picked":"Dropkick","floor":14},{"not_picked":["Exhume","Feed"],"picked":"Juggernaut","floor":16},{"not_picked":["Flex","Wild Strike"],"picked":"Inflame","floor":18},{"not_picked":["Clothesline+1","Body Slam","Warcry+1"],"picked":"Singing Bowl","floor":19},{"not_picked":["Cleave","Anger","Thunderclap"],"picked":"Singing Bowl","floor":22}],"player_experience":1319327,"relics_obtained":[{"floor":8,"key":"Nunchaku"},{"floor":9,"key":"Singing Bowl"},{"floor":14,"key":"Bag of Preparation"}],"event_choices":[{"damage_healed":0,"gold_gain":0,"cards_transformed":["Strike_R"],"player_choice":"Transformed","damage_taken":0,"max_hp_gain":0,"max_hp_loss":0,"event_name":"Transmorgrifier","floor":2,"gold_loss":0,"cards_obtained":["Dual Wield"]},{"damage_healed":0,"gold_gain":0,"player_choice":"Obtained Relic","damage_taken":0,"relics_obtained":["Gambling Chip"],"max_hp_gain":0,"max_hp_loss":0,"event_name":"Addict","floor":20,"gold_loss":85}],"is_beta":false,"boss_relics":[{"not_picked":["Philosopher\u0027s Stone","Black Blood"],"picked":"Empty Cage"}],"items_purged_floors":[],"is_endless":false,"potions_floor_spawned":[1,4,5,14,16,18,19],"killed_by":"Book of Stabbing","ascension_level":20}}