{"host":"166mvycy0az0i7z6","time":1613289495,"event":{"mods":["AchievementEnabler","Aspiration","Astrologer","Bard","BaseMod","Beaked The Cultist","Bestiary","Better Altar","Better Third Choice","BetterRewards","Challenge The Spire","Conspire","DeckTracker","Downfall","Fox Events","Halation","Hermit","Hubris","Luminous","Minty Spire (QoL Compilation)","Relic Filter","Relic Stats","Reliquary","Replay The Spire","Shop Mod","StSLib","The Exalted","The Sage","The Senshi","The Wild Card","TheVacant"],"gold_per_floor":[116,116,116,132,147,147,180,180,180,216,230,230,247,262,262,362,362,386,421,421,421],"floor_reached":20,"language":"ENG","playtime":1333,"items_purged":[],"score":234,"play_id":"920490ad-6cea-4e7a-b0de-d379aa690eda","local_time":"20210214185815","is_ascension_mode":false,"campfire_choices":[{"data":"hermit:Snapshot","floor":6,"key":"SMITH"},{"floor":8,"key":"REST"},{"floor":15,"key":"REST"}],"circlet_count":0,"master_deck":["hermit:Strike_Hermit","hermit:Strike_Hermit","hermit:Strike_Hermit","hermit:Strike_Hermit","hermit:Defend_Hermit","hermit:Defend_Hermit","hermit:Defend_Hermit","hermit:Defend_Hermit","hermit:Snapshot+1","hermit:Covet","hermit:Snipe","hermit:ItchyTrigger","hermit:Scavenge","hermit:SprayPray","hermit:Shortfuse","hermit:TrackingShot","hermit:Dive","hermit:GoldenBullet","hermit:Headshot","hermit:DeadOrAlive","hermit:Vantage","hermit:WideOpen"],"relics":["hermit:Momento","Ring of Searing","reliquary:RosewoodLute","Dream Catcher","Regal Pillow","Frozen Egg 2","hubris:VirtuousBlindfold","Red Mask"],"acts_visited":["Exordium","TheCity"],"potions_floor_usage":[16,16,19],"damage_taken":[{"damage":7,"enemies":"Small Slimes","floor":1,"turns":4},{"damage":10,"enemies":"conspire:RoseBush","floor":4,"turns":3},{"damage":6,"enemies":"Cultist","floor":5,"turns":3},{"damage":17,"enemies":"3 Sentries","floor":7,"turns":9},{"damage":22,"enemies":"Replay:BlueRogue","floor":10,"turns":6},{"damage":13,"enemies":"Exordium Thugs","floor":11,"turns":4},{"damage":13,"enemies":"Lots of Slimes","floor":13,"turns":4},{"damage":1,"enemies":"2 Fungi Beasts","floor":14,"turns":3},{"damage":12,"enemies":"Slime Boss","floor":16,"turns":3},{"damage":21,"enemies":"conspire:FuzzyDice","floor":18,"turns":6},{"damage":57,"enemies":"Masked Bandits","floor":19,"turns":7},{"damage":4,"enemies":"Spheric Guardian","floor":20,"turns":2}],"seed_played":"-6833803516661980678","potions_obtained":[{"floor":4,"key":"BlessingOfTheForge"},{"floor":7,"key":"hermit:Eclipse"},{"floor":10,"key":"Death Potion"},{"floor":16,"key":"Venom Potion"},{"floor":18,"key":"Swift Potion"}],"is_trial":false,"path_per_floor":["M","?","?","M","M","R","E","R","T","E","M","T","M","M","R","B",null,"M","?","M"],"character_chosen":"HERMIT","items_purchased":[],"campfire_rested":2,"item_purchase_floors":[],"current_hp_per_floor":[75,75,75,65,59,59,42,66,66,44,31,31,18,17,56,44,82,61,4,0,0],"gold":421,"neow_bonus":"TEN_PERCENT_HP_BONUS","is_daily":false,"chose_seed":false,"campfire_upgraded":1,"win_rate":0.0,"timestamp":1613289495,"path_taken":["M","?","?","M","M","R","E","R","T","E","?","?","?","M","R","BOSS","M","?","M"],"items_purchased_type":[],"build_version":"2020-12-22","purchased_purges":0,"victory":false,"max_hp_per_floor":[82,82,82,82,82,82,82,82,82,82,82,82,82,82,82,82,82,82,82,82,82],"relic_stats":{"Dream Catcher":1,"Regal Pillow":15,"counters":[12,54],"obtain_stats":[{"Dream Catcher":9,"Regal Pillow":10,"hubris:VirtuousBlindfold":17,"Red Mask":19,"reliquary:RosewoodLute":7,"Frozen Egg 2":12,"hermit:Momento":0,"Ring of Searing":2},{"Dream Catcher":4,"Regal Pillow":5,"hubris:VirtuousBlindfold":9,"Red Mask":11,"reliquary:RosewoodLute":4,"Frozen Egg 2":6,"hermit:Momento":0,"Ring of Searing":1},{"Dream Catcher":19,"Regal Pillow":25,"hubris:VirtuousBlindfold":39,"Red Mask":52,"reliquary:RosewoodLute":19,"Frozen Egg 2":29,"hermit:Momento":0,"Ring of Searing":4}]},"card_choices":[{"not_picked":["hermit:BodyArmor","hermit:Combo"],"picked":"hermit:Snipe","floor":1},{"not_picked":["hermit:Coalescence","hermit:LowProfile"],"picked":"hermit:ItchyTrigger","floor":4},{"not_picked":["hermit:Snipe","hermit:CalledShot"],"picked":"hermit:Scavenge","floor":5},{"not_picked":["hermit:Manifest","hermit:CalledShot"],"picked":"hermit:SprayPray","floor":7},{"not_picked":["hermit:EternalForm","hermit:Roulette"],"picked":"hermit:Shortfuse","floor":10},{"not_picked":["hermit:ItchyTrigger","hermit:Snipe"],"picked":"hermit:TrackingShot","floor":11},{"not_picked":["hermit:Desperado","hermit:Vantage"],"picked":"hermit:Dive","floor":13},{"not_picked":["hermit:Ricochet","hermit:PistolWhip"],"picked":"hermit:GoldenBullet","floor":14},{"not_picked":["hermit:NoHoldsBarred","hermit:GoldenBullet"],"picked":"hermit:Headshot","floor":15},{"not_picked":["hermit:RoundhouseKick","hermit:BlackWind"],"picked":"hermit:DeadOrAlive","floor":16},{"not_picked":["hermit:Snipe","hermit:Desperado"],"picked":"hermit:Vantage","floor":18},{"not_picked":["hermit:TrackingShot+1","hermit:Headshot"],"picked":"hermit:WideOpen","floor":19}],"player_experience":121669,"relics_obtained":[{"floor":2,"key":"Ring of Searing"},{"floor":7,"key":"reliquary:RosewoodLute"},{"floor":9,"key":"Dream Catcher"},{"floor":10,"key":"Regal Pillow"},{"floor":12,"key":"Frozen Egg 2"},{"floor":19,"key":"Red Mask"}],"event_choices":[{"damage_healed":0,"gold_gain":0,"player_choice":"Ignored","damage_taken":0,"max_hp_gain":0,"max_hp_loss":0,"event_name":"NoteForYourself","floor":3,"gold_loss":0},{"damage_healed":0,"gold_gain":0,"player_choice":"Fought Bandits","damage_taken":0,"max_hp_gain":0,"max_hp_loss":0,"event_name":"Masked Bandits","floor":19,"gold_loss":0}],"is_beta":false,"boss_relics":[{"not_picked":["halation:PlatinumPhoenix","halation:PinkAlligatorPlush"],"picked":"hubris:VirtuousBlindfold"}],"items_purged_floors":[],"is_endless":false,"potions_floor_spawned":[4,7,10,11,16,18],"killed_by":"Spheric Guardian","ascension_level":0}}