{"host":"f5gffvlv6a66yqkd","time":1613316999,"event":{"mods":["2.2 Compatiblity","BaseMod","Colored Map","Custom Start","DeckTracker","Keyboard Shortcuts","Minty Spire (QoL Compilation)","Permanent Neow","Quick Restart","Relic Stats","StSLib","SuperFastMode"],"gold_per_floor":[118,21,21,21,32,61,61,75,75,75,85,100,100,175,175,277,277,296,308,223,223,241,241,269,269,569,589,605,605,338,351,351,351,351],"floor_reached":33,"language":"KOR","playtime":577,"items_purged":["Strike_P"],"score":428,"play_id":"c3482c77-a311-472c-9f02-1ad60e0e5d07","local_time":"20210215003639","is_ascension_mode":true,"campfire_choices":[{"floor":7.0,"key":"REST"},{"data":"Eruption","floor":10.0,"key":"SMITH"},{"data":"CrushJoints","floor":13.0,"key":"SMITH"},{"data":"WheelKick","floor":15.0,"key":"SMITH"},{"data":"MentalFortress","floor":23.0,"key":"SMITH"},{"data":"Vault","floor":25.0,"key":"SMITH"},{"data":"Tantrum","floor":32,"key":"SMITH"}],"circlet_count":0,"master_deck":["Strike_P","Strike_P","Defend_P","Defend_P","Eruption+1","Vigilance","MentalFortress+1","FollowUp","Protect","CrushJoints+1","Tantrum+1","WheelKick+1","Vault+1","MentalFortress"],"relics":["PureWater","Meat on the Bone","Kunai","Black Star","Ornamental Fan","Calipers","Lantern","Old Coin","Lee\u0027s Waffle"],"acts_visited":["Exordium","TheCity"],"potions_floor_usage":[31,31],"damage_taken":[{"damage":7.0,"enemies":"Small Slimes","floor":1.0,"turns":4.0},{"damage":10.0,"enemies":"2 Louse","floor":5.0,"turns":3.0},{"damage":44.0,"enemies":"3 Sentries","floor":6.0,"turns":10.0},{"damage":2.0,"enemies":"Jaw Worm","floor":8.0,"turns":3.0},{"damage":5.0,"enemies":"2 Fungi Beasts","floor":11.0,"turns":2.0},{"damage":5.0,"enemies":"Blue Slaver","floor":12.0,"turns":3.0},{"damage":0.0,"enemies":"Slime Boss","floor":16.0,"turns":4.0},{"damage":0.0,"enemies":"3 Byrds","floor":18.0,"turns":4.0},{"damage":0.0,"enemies":"2 Thieves","floor":19.0,"turns":2.0},{"damage":0.0,"enemies":"Snecko","floor":22.0,"turns":2.0},{"damage":34.0,"enemies":"Book of Stabbing","floor":24.0,"turns":3.0},{"damage":8.0,"enemies":"3 Cultists","floor":27.0,"turns":4.0},{"damage":38,"enemies":"Snake Plant","floor":28,"turns":4},{"damage":0,"enemies":"Centurion and Healer","floor":31,"turns":5},{"damage":52,"enemies":"Champ","floor":33,"turns":6}],"seed_played":"-6931729947995379180","potions_obtained":[{"floor":5.0,"key":"Regen Potion"},{"floor":8.0,"key":"AttackPotion"},{"floor":12.0,"key":"LiquidMemories"},{"floor":16.0,"key":"Swift Potion"},{"floor":24.0,"key":"BlessingOfTheForge"},{"floor":27.0,"key":"EssenceOfSteel"}],"is_trial":false,"path_per_floor":["M","$","?","?","M","E","R","M","T","R","M","M","R","?","R","B",null,"M","M","?","?","M","R","E","R","T","M","M","?","$","M","R","B"],"character_chosen":"WATCHER","items_purchased":["MentalFortress","FollowUp","Lee\u0027s Waffle","MentalFortress"],"campfire_rested":1,"item_purchase_floors":[2,2,30,30],"current_hp_per_floor":[58,58,58,51,41,12,33,43,43,43,38,45,45,34,34,46,66,66,66,66,66,66,66,44,44,44,48,22,22,79,79,79,27,27],"gold":351,"neow_bonus":"THREE_CARDS","is_daily":false,"chose_seed":false,"campfire_upgraded":6,"win_rate":0.0,"timestamp":1613316999,"path_taken":["M","$","?","?","M","E","R","M","T","R","M","M","R","?","R","BOSS","M","M","?","?","M","R","E","R","T","M","M","?","$","M","R","BOSS"],"items_purchased_type":["Card","Card","Relic","Card"],"build_version":"2020-12-22","purchased_purges":1,"victory":false,"max_hp_per_floor":[72,72,72,72,72,72,72,72,72,72,72,72,72,72,72,72,72,72,72,72,72,72,72,72,72,72,72,72,72,79,79,79,79,79],"relic_stats":{"Lee\u0027s Waffle":57,"counters":[15,59],"Ornamental Fan":[44],"Black Star":1,"Kunai":[17],"obtain_stats":[{"Lantern":24,"Lee\u0027s Waffle":30,"Calipers":24,"Ornamental Fan":20,"Black Star":17,"Kunai":9,"PureWater":0,"Meat on the Bone":6,"Old Coin":26},{"Lantern":11,"Lee\u0027s Waffle":13,"Calipers":11,"Ornamental Fan":9,"Black Star":7,"Kunai":4,"PureWater":0,"Meat on the Bone":3,"Old Coin":11},{"Lantern":40,"Lee\u0027s Waffle":48,"Calipers":40,"Ornamental Fan":35,"Black Star":29,"Kunai":20,"PureWater":0,"Meat on the Bone":17,"Old Coin":40}],"Meat on the Bone":72},"card_choices":[{"not_picked":["EmptyBody","Wireheading","FlyingSleeves"],"picked":"SKIP","floor":1.0},{"not_picked":["Crescendo","Meditate"],"picked":"CrushJoints","floor":5.0},{"not_picked":["Fasting2","FollowUp","WindmillStrike"],"picked":"SKIP","floor":6.0},{"not_picked":["Wireheading","Halt"],"picked":"Tantrum","floor":8.0},{"not_picked":["Worship","ClearTheMind","Tantrum"],"picked":"SKIP","floor":11.0},{"not_picked":["Perseverance","EmptyMind"],"picked":"WheelKick","floor":12.0},{"not_picked":["Wish","DevaForm"],"picked":"Vault","floor":16.0},{"not_picked":["Consecrate","BowlingBash+1","FlyingSleeves"],"picked":"SKIP","floor":18.0},{"not_picked":["ForeignInfluence","BowlingBash","ThirdEye"],"picked":"SKIP","floor":19.0},{"not_picked":["FlyingSleeves","CutThroughFate","CrushJoints"],"picked":"SKIP","floor":22.0},{"not_picked":["Prostrate","WindmillStrike+1","SandsOfTime+1"],"picked":"SKIP","floor":24.0},{"not_picked":["Worship","MasterReality","BattleHymn"],"picked":"SKIP","floor":27.0},{"not_picked":["CutThroughFate","Evaluate","ClearTheMind"],"picked":"SKIP","floor":28},{"not_picked":["SashWhip","Protect","CrushJoints+1"],"picked":"SKIP","floor":31}],"player_experience":1465906,"relics_obtained":[{"floor":6.0,"key":"Meat on the Bone"},{"floor":9.0,"key":"Kunai"},{"floor":24.0,"key":"Calipers"},{"floor":24.0,"key":"Lantern"},{"floor":26.0,"key":"Old Coin"}],"event_choices":[{"damage_healed":0.0,"max_hp_gain":0.0,"max_hp_loss":0.0,"gold_gain":0.0,"cards_transformed":["Defend_P"],"event_name":"Living Wall","player_choice":"Change","floor":3.0,"gold_loss":0.0,"damage_taken":0.0,"cards_obtained":["Protect"]},{"cards_removed":["Defend_P"],"damage_healed":0.0,"max_hp_gain":0.0,"max_hp_loss":0.0,"gold_gain":0.0,"event_name":"Golden Wing","player_choice":"Card Removal","floor":4.0,"gold_loss":0.0,"damage_taken":7.0},{"damage_healed":0.0,"max_hp_gain":0.0,"max_hp_loss":0.0,"gold_gain":75.0,"event_name":"World of Goop","player_choice":"Gather Gold","floor":14.0,"gold_loss":0.0,"damage_taken":11.0},{"damage_healed":0.0,"max_hp_gain":0.0,"max_hp_loss":0.0,"gold_gain":0.0,"event_name":"Addict","player_choice":"Obtained Relic","floor":20.0,"gold_loss":85.0,"damage_taken":0.0,"relics_obtained":["Ornamental Fan"]},{"cards_removed":["Strike_P"],"damage_healed":0.0,"max_hp_gain":0.0,"max_hp_loss":0.0,"gold_gain":0.0,"event_name":"Back to Basics","player_choice":"Elegance","floor":21.0,"gold_loss":0.0,"damage_taken":0.0},{"damage_healed":0,"gold_gain":0,"player_choice":"Ignored","damage_taken":0,"max_hp_gain":0,"max_hp_loss":0,"event_name":"Ghosts","floor":29,"gold_loss":0}],"is_beta":false,"boss_relics":[{"not_picked":["Runic Dome","Snecko Eye"],"picked":"Black Star"}],"items_purged_floors":[30],"is_endless":false,"potions_floor_spawned":[5,8,12,16,24,27],"killed_by":"Champ","ascension_level":7}}