{"host":"cvi30shpqg1ukvbr","time":1613271967,"event":{"mods":["Act Like it!","BaseMod","Better Altar","Better Match","Better Note","Better Sensory Stone","Better Skull","Better Third Choice","Conspire","GifTheSpireLib","Hubris","Infinite Spire","Minty Spire (QoL Compilation)","Relic Stats","Replay The Spire","Shop Mod","Spicy Shops","StSLib","Stuff the Spire"],"gold_per_floor":[15,27,40,55,65,65,94,94,94,121,121,151,151,200,200,303,303,318,334,346,359,39,39,83,83,83,111,129,158,189,206,206,216,216],"floor_reached":33,"language":"ENG","playtime":1276,"items_purged":["Regret"],"score":386,"play_id":"47ec5aa8-8fc6-4ff8-9875-25a3b1b81e47","local_time":"20210214120607","is_ascension_mode":true,"campfire_choices":[{"data":"Rampage","floor":6,"key":"SMITH"},{"data":"hubris:EnhanceAbility","floor":8,"key":"SMITH"},{"data":"Armaments","floor":15,"key":"SMITH"},{"data":"Evolve","floor":23,"key":"SMITH"},{"data":"Rupture","floor":32,"key":"SMITH"}],"circlet_count":0,"master_deck":["Strike_R","Strike_R+1","Strike_R+1","Strike_R","Defend_R","Defend_R","Defend_R","Defend_R","Bash","hubris:EnhanceAbility+1","Twin Strike","Headbutt","Rampage+1","Reckless Charge","Clothesline","conspire:Charge","StuffTheSpire:Slingshot","Armaments+1","conspire:Purge","Heavy Blade","Ghostly Armor","Fire Breathing","hubris:ReadiedAction","Evolve+1","StuffTheSpire:Resist","Uppercut+1","Heavy Blade+1","Rupture+1","ReplayTheSpireMod:Strike From Hell","Combust+1"],"relics":["Burning Blood","hubris:CrystalStatue","Onion Ring","Bag of Preparation","Meat on the Bone","StuffTheSpire:RedRose","Simple Rune","infinitespire:Burning Sword","Blood Vial","Replay:Bandana","Omamori","Du-Vu Doll"],"acts_visited":["Exordium","TheCity"],"potions_floor_usage":[7,16,21,33,33,33],"damage_taken":[{"damage":0,"enemies":"conspire:RoseBush","floor":1,"turns":3},{"damage":13,"enemies":"Jaw Worm","floor":2,"turns":3},{"damage":7,"enemies":"infinitespire:Voidling","floor":3,"turns":4},{"damage":10,"enemies":"2 Fungi Beasts","floor":4,"turns":3},{"damage":5,"enemies":"Looter","floor":5,"turns":3},{"damage":17,"enemies":"3 Sentries","floor":7,"turns":6},{"damage":1,"enemies":"Lagavulin","floor":10,"turns":4},{"damage":0,"enemies":"Replay:BlueRogue","floor":12,"turns":3},{"damage":0,"enemies":"Slime Boss","floor":16,"turns":4},{"damage":7,"enemies":"Shell Parasite","floor":18,"turns":3},{"damage":7,"enemies":"Spheric Guardian","floor":19,"turns":2},{"damage":6,"enemies":"Cultist and Chosen","floor":20,"turns":3},{"damage":7,"enemies":"Centurion and Healer","floor":21,"turns":4},{"damage":37,"enemies":"Book of Stabbing","floor":24,"turns":5},{"damage":11,"enemies":"Chosen and Byrds","floor":27,"turns":4},{"damage":25,"enemies":"conspire:HollyBat","floor":28,"turns":7},{"damage":7,"enemies":"Cultist and Chosen","floor":29,"turns":3},{"damage":12,"enemies":"Centurion and Healer","floor":30,"turns":4},{"damage":11,"enemies":"Snake Plant","floor":31,"turns":4},{"damage":75,"enemies":"Collector","floor":33,"turns":6}],"seed_played":"-1363416712608842613","potions_obtained":[{"floor":1,"key":"BlessingOfTheForge"},{"floor":7,"key":"Dexterity Potion"},{"floor":10,"key":"PowerPotion"},{"floor":19,"key":"Venom Potion"},{"floor":20,"key":"AttackPotion"},{"floor":27,"key":"Dexterity Potion"}],"is_trial":false,"path_per_floor":["M","M","M","M","M","R","E","R","T","E","?","E","?","T","R","B",null,"M","M","M","M","$","R","E","?","T","M","M","M","M","M","R","B"],"character_chosen":"IRONCLAD","items_purchased":["Evolve","Blood Vial","Replay:Bandana"],"campfire_rested":0,"item_purchase_floors":[22,22,22],"current_hp_per_floor":[80,73,76,72,73,73,62,62,62,67,72,78,78,78,78,84,85,84,83,83,82,82,82,53,53,53,50,45,58,54,51,51,0,0],"gold":216,"neow_bonus":"RANDOM_COLORLESS_2","is_daily":false,"chose_seed":false,"campfire_upgraded":5,"win_rate":0.0,"timestamp":1613271967,"path_taken":["M","M","M","M","M","R","E","R","T","E","?","E","?","?","R","BOSS","M","M","M","M","$","R","E","?","T","M","M","?","M","M","R","BOSS"],"items_purchased_type":["Card","Relic","Relic"],"build_version":"2020-12-22","purchased_purges":1,"victory":false,"max_hp_per_floor":[80,80,80,80,80,80,80,80,80,80,85,85,85,85,85,85,85,85,85,85,85,85,85,85,85,85,85,85,85,85,85,85,85,85],"relic_stats":{"Blood Vial":14,"counters":[20,78],"Bag of Preparation":[26],"obtain_stats":[{"Blood Vial":22,"Du-Vu Doll":26,"Replay:Bandana":22,"hubris:CrystalStatue":7,"Onion Ring":9,"Simple Rune":14,"Bag of Preparation":10,"infinitespire:Burning Sword":17,"Omamori":24,"StuffTheSpire:RedRose":13,"Burning Blood":0,"Meat on the Bone":12},{"Blood Vial":13,"Du-Vu Doll":14,"Replay:Bandana":13,"hubris:CrystalStatue":6,"Onion Ring":6,"Simple Rune":8,"Bag of Preparation":7,"infinitespire:Burning Sword":9,"Omamori":14,"StuffTheSpire:RedRose":8,"Burning Blood":0,"Meat on the Bone":8},{"Blood Vial":45,"Du-Vu Doll":50,"Replay:Bandana":45,"hubris:CrystalStatue":22,"Onion Ring":22,"Simple Rune":29,"Bag of Preparation":26,"infinitespire:Burning Sword":33,"Omamori":50,"StuffTheSpire:RedRose":29,"Burning Blood":0,"Meat on the Bone":29}],"Burning Blood":108,"Meat on the Bone":24},"card_choices":[{"not_picked":["Transmutation","Master of Strategy"],"picked":"hubris:EnhanceAbility","floor":0},{"not_picked":["Shrug It Off","StuffTheSpire:Incineration"],"picked":"Twin Strike","floor":1},{"not_picked":["Warcry","StuffTheSpire:RagingBull"],"picked":"Headbutt","floor":2},{"not_picked":["Exhume","Perfected Strike"],"picked":"Rampage","floor":3},{"not_picked":["Sentinel","Intimidate"],"picked":"Reckless Charge","floor":4},{"not_picked":["Rampage","Havoc"],"picked":"Clothesline","floor":5},{"not_picked":["Headbutt","conspire:ExplosiveBarrier"],"picked":"conspire:Charge","floor":7},{"not_picked":["ReplayTheSpireMod:Strike From Hell","True Grit"],"picked":"StuffTheSpire:Slingshot","floor":10},{"not_picked":["Thunderclap","Rage"],"picked":"Armaments","floor":12},{"not_picked":["Hemogenesis","Demonic Infusion"],"picked":"conspire:Purge","floor":16},{"not_picked":["StuffTheSpire:RockThrow","Entrench"],"picked":"Heavy Blade","floor":18},{"not_picked":["Searing Blow","Warcry+1"],"picked":"Ghostly Armor","floor":19},{"not_picked":["StuffTheSpire:Pyroclast","Heavy Blade+1"],"picked":"Fire Breathing","floor":20},{"not_picked":["Sever Soul","Abandon"],"picked":"hubris:ReadiedAction","floor":21},{"not_picked":["Fiend Fire","Wild Strike+1"],"picked":"StuffTheSpire:Resist","floor":24},{"not_picked":["Sentinel","Body Slam"],"picked":"Heavy Blade+1","floor":27},{"not_picked":["Shrug It Off","Sever Soul"],"picked":"Rupture","floor":28},{"not_picked":["Carnage","conspire:Charge"],"picked":"ReplayTheSpireMod:Strike From Hell","floor":29},{"not_picked":["Perfected Strike","Clothesline+1","Sentinel"],"picked":"SKIP","floor":30},{"not_picked":["Fiend Fire","Cleave"],"picked":"Combust+1","floor":31}],"player_experience":1840365,"relics_obtained":[{"floor":7,"key":"hubris:CrystalStatue"},{"floor":9,"key":"Onion Ring"},{"floor":10,"key":"Bag of Preparation"},{"floor":12,"key":"Meat on the Bone"},{"floor":14,"key":"Simple Rune"},{"floor":24,"key":"Omamori"},{"floor":26,"key":"Du-Vu Doll"}],"event_choices":[{"damage_healed":0,"gold_gain":0,"player_choice":"Donut","damage_taken":0,"max_hp_gain":5,"max_hp_loss":0,"event_name":"Big Fish","floor":11,"gold_loss":0},{"cards_removed":["hubris:EnhanceAbility"],"damage_healed":0,"gold_gain":0,"player_choice":"Take \u0026 Give","damage_taken":0,"max_hp_gain":0,"max_hp_loss":0,"event_name":"betterNote:BetterNote","floor":25,"gold_loss":0,"cards_obtained":["Uppercut"]}],"is_beta":false,"boss_relics":[{"not_picked":["Kintsugi","Fusion Hammer"],"picked":"infinitespire:Burning Sword"}],"items_purged_floors":[22],"is_endless":false,"potions_floor_spawned":[1,7,10,19,20,27,30,31],"killed_by":"Collector","ascension_level":1}}