{"host":"bpnwh7vpv9k3tssc","time":1613321193,"event":{"mods":["BaseMod","Colored Map","Colored Powertips","Curses Come First","Highlight Path","Minty Spire (QoL Compilation)","Quick Restart","Random Character Button","Relic Sorter","StSLib"],"gold_per_floor":[114,114,114,40,58,58,72,98,98,117,117,128,201,233,233,331,331,331,256,106,106,106,106,106,106,106,106,106,106,6,6,6,6,6,6,6,6,6,6,6,6,6,6,6,6],"floor_reached":44,"language":"ENG","playtime":1582,"items_purged":["Strike_P","Defend_P"],"score":493,"play_id":"dbc7e6e7-a4cb-4cba-b779-4ae20ccbb227","local_time":"20210214174633","is_ascension_mode":true,"campfire_choices":[{"data":"WindmillStrike","floor":6,"key":"SMITH"},{"data":"1","floor":11,"key":"LIFT"},{"data":"2","floor":15,"key":"LIFT"},{"data":"3","floor":23,"key":"LIFT"},{"floor":25,"key":"REST"},{"floor":32,"key":"REST"},{"data":"Alpha","floor":40,"key":"SMITH"},{"floor":42,"key":"REST"},{"floor":44,"key":"RECALL"}],"circlet_count":0,"master_deck":["Strike_P","Strike_P","Defend_P","Defend_P","Defend_P","Eruption","Vigilance","FlurryOfBlows","WindmillStrike+1","SandsOfTime","Consecrate","Crescendo","Wallop","ForeignInfluence","Alpha+1","Protect+1","Adaptation","FlyingSleeves","Prostrate","Ragnarok","Swivel+1","Fasting2","Crescendo+1","Vault","DeceiveReality","ForeignInfluence+1","Bandage Up","TalkToTheHand+1","DeusExMachina","BattleHymn+1"],"relics":["PureWater","Bag of Preparation","Girya","Kunai","Bag of Marbles","Ectoplasm","Omamori","Old Coin","Yang","Calling Bell","MealTicket","Matryoshka","Dead Branch","WingedGreaves","Toy Ornithopter","Centennial Puzzle","Bronze Scales"],"acts_visited":["Exordium","TheCity","TheBeyond"],"potions_floor_usage":[8,12,16],"damage_taken":[{"damage":6,"enemies":"Jaw Worm","floor":1,"turns":3},{"damage":0,"enemies":"Cultist","floor":5,"turns":2},{"damage":7,"enemies":"Small Slimes","floor":7,"turns":2},{"damage":24,"enemies":"Lagavulin","floor":8,"turns":6},{"damage":3,"enemies":"Looter","floor":10,"turns":3},{"damage":2,"enemies":"3 Louse","floor":12,"turns":3},{"damage":3,"enemies":"Gremlin Nob","floor":14,"turns":3},{"damage":14,"enemies":"Hexaghost","floor":16,"turns":4},{"damage":15,"enemies":"3 Byrds","floor":18,"turns":4},{"damage":17,"enemies":"Shell Parasite","floor":21,"turns":4},{"damage":0,"enemies":"Centurion and Healer","floor":22,"turns":3},{"damage":24,"enemies":"Shelled Parasite and Fungi","floor":24,"turns":4},{"damage":7,"enemies":"Colosseum Slavers","floor":27,"turns":3},{"damage":8,"enemies":"Colosseum Nobs","floor":27,"turns":3},{"damage":0,"enemies":"Snake Plant","floor":28,"turns":3},{"damage":0,"enemies":"Sentry and Sphere","floor":31,"turns":1},{"damage":20,"enemies":"Collector","floor":33,"turns":3},{"damage":8,"enemies":"3 Shapes","floor":35,"turns":3},{"damage":0,"enemies":"Orb Walker","floor":36,"turns":3},{"damage":0,"enemies":"Mind Bloom Boss Battle","floor":38,"turns":2},{"damage":0,"enemies":"Maw","floor":39,"turns":6},{"damage":30,"enemies":"Nemesis","floor":41,"turns":3}],"seed_played":"-6957891319611265533","potions_obtained":[{"floor":3,"key":"Regen Potion"},{"floor":3,"key":"ColorlessPotion"},{"floor":3,"key":"AttackPotion"},{"floor":5,"key":"BlessingOfTheForge"},{"floor":8,"key":"Block Potion"},{"floor":16,"key":"Dexterity Potion"},{"floor":21,"key":"LiquidBronze"},{"floor":28,"key":"Explosive Potion"},{"floor":33,"key":"StancePotion"}],"is_trial":false,"path_per_floor":["M","?","?","$","M","R","M","E","T","M","R","M","?","E","R","B",null,"M","?","$","M","M","R","M","R","T","?","M","?","$","M","R","B",null,"M","M","?","?","M","R","E","R","T","R"],"character_chosen":"WATCHER","items_purchased":["WindmillStrike","Adaptation"],"campfire_rested":3,"item_purchase_floors":[4,20],"current_hp_per_floor":[66,71,71,71,71,71,64,40,40,37,37,44,44,41,41,27,77,62,62,62,45,45,45,21,44,44,29,29,29,29,29,52,32,77,69,69,69,69,73,73,47,70,70,70,70],"gold":6,"neow_bonus":"RANDOM_COMMON_RELIC","is_daily":false,"chose_seed":false,"campfire_upgraded":2,"win_rate":0.0,"timestamp":1613321193,"path_taken":["M","?","?","$","M","R","?","E","T","M","R","M","?","E","R","BOSS","M","?","$","M","M","R","M","R","T","?","M","?","$","M","R","BOSS","M","M","?","?","M","R","E","R","T","R"],"items_purchased_type":["Card","Card"],"build_version":"2020-12-22","purchased_purges":2,"victory":false,"max_hp_per_floor":[72,77,77,77,77,77,77,77,77,77,77,77,77,77,77,77,77,77,77,77,77,77,77,77,77,77,77,77,77,77,77,77,77,77,77,77,77,77,77,77,77,77,77,77,77],"card_choices":[{"not_picked":["CrushJoints","WreathOfFlame"],"picked":"FlurryOfBlows","floor":1},{"not_picked":["SashWhip","Fasting2"],"picked":"SandsOfTime","floor":5},{"not_picked":["WreathOfFlame","Protect","Collect"],"picked":"SKIP","floor":7},{"not_picked":["Sanctity","FlurryOfBlows"],"picked":"Consecrate","floor":8},{"not_picked":["SashWhip","Halt"],"picked":"Crescendo","floor":10},{"not_picked":["Sanctity","EmptyMind"],"picked":"Wallop","floor":12},{"not_picked":["TalkToTheHand","BowlingBash"],"picked":"ForeignInfluence","floor":14},{"not_picked":["SpiritShield","Wish"],"picked":"Alpha","floor":16},{"not_picked":["ThirdEye","FlurryOfBlows"],"picked":"Protect+1","floor":18},{"not_picked":["Prostrate","WreathOfFlame"],"picked":"FlyingSleeves","floor":21},{"not_picked":["Protect+1","EmptyBody+1"],"picked":"Prostrate","floor":22},{"not_picked":["LikeWater","PathToVictory+1"],"picked":"Ragnarok","floor":24},{"not_picked":["BattleHymn+1","FearNoEvil"],"picked":"Swivel+1","floor":27},{"not_picked":["Indignation","FlurryOfBlows"],"picked":"Fasting2","floor":28},{"not_picked":["FearNoEvil","Consecrate"],"picked":"Crescendo+1","floor":31},{"not_picked":["Omniscience","Scrawl"],"picked":"Vault","floor":33},{"not_picked":["Meditate","Tantrum"],"picked":"DeceiveReality","floor":35},{"not_picked":["Evaluate","Consecrate"],"picked":"ForeignInfluence+1","floor":36},{"not_picked":["Mind Blast","PanicButton"],"picked":"Bandage Up","floor":37},{"not_picked":["Evaluate+1","SashWhip"],"picked":"TalkToTheHand+1","floor":38},{"not_picked":["Weave","FollowUp"],"picked":"DeusExMachina","floor":39},{"not_picked":["EmptyFist","JustLucky+1"],"picked":"BattleHymn+1","floor":41}],"player_experience":389612,"relics_obtained":[{"floor":8,"key":"Girya"},{"floor":9,"key":"Kunai"},{"floor":14,"key":"Bag of Marbles"},{"floor":26,"key":"Omamori"},{"floor":27,"key":"Old Coin"},{"floor":27,"key":"Yang"},{"floor":34,"key":"MealTicket"},{"floor":34,"key":"Matryoshka"},{"floor":34,"key":"Dead Branch"},{"floor":38,"key":"WingedGreaves"},{"floor":41,"key":"Toy Ornithopter"},{"floor":43,"key":"Centennial Puzzle"},{"floor":43,"key":"Bronze Scales"}],"event_choices":[{"damage_healed":0,"gold_gain":0,"player_choice":"Donut","damage_taken":0,"max_hp_gain":5,"max_hp_loss":0,"event_name":"Big Fish","floor":2,"gold_loss":0},{"damage_healed":0,"gold_gain":0,"player_choice":"Got Potions","damage_taken":0,"max_hp_gain":0,"max_hp_loss":0,"event_name":"Lab","floor":3,"gold_loss":0},{"damage_healed":0,"gold_gain":73,"player_choice":"Gained Gold","damage_taken":0,"max_hp_gain":0,"max_hp_loss":0,"event_name":"Golden Wing","floor":13,"gold_loss":0},{"cards_removed":["Strike_P"],"damage_healed":0,"gold_gain":0,"player_choice":"Gave Gold","damage_taken":0,"max_hp_gain":0,"max_hp_loss":0,"event_name":"Beggar","floor":19,"gold_loss":75},{"damage_healed":0,"gold_gain":0,"player_choice":"Fight","damage_taken":0,"max_hp_gain":0,"max_hp_loss":0,"event_name":"Colosseum","floor":27,"gold_loss":0},{"damage_healed":0,"gold_gain":0,"player_choice":"Fought Nobs","damage_taken":0,"max_hp_gain":0,"max_hp_loss":0,"event_name":"Colosseum","floor":27,"gold_loss":0},{"damage_healed":0,"gold_gain":99,"player_choice":"Stole From Cult","damage_taken":0,"max_hp_gain":0,"max_hp_loss":0,"event_name":"Nest","floor":29,"gold_loss":0},{"damage_healed":0,"gold_gain":0,"player_choice":"Memory 1","damage_taken":0,"max_hp_gain":0,"max_hp_loss":0,"event_name":"SensoryStone","floor":37,"gold_loss":0},{"damage_healed":0,"gold_gain":0,"player_choice":"Fight","damage_taken":0,"max_hp_gain":0,"max_hp_loss":0,"event_name":"MindBloom","floor":38,"gold_loss":0}],"is_beta":false,"boss_relics":[{"not_picked":["Runic Pyramid","SacredBark"],"picked":"Ectoplasm"},{"not_picked":["Tiny House","Pandora\u0027s Box"],"picked":"Calling Bell"}],"items_purged_floors":[20,30],"is_endless":false,"potions_floor_spawned":[5,8,16,21,27,27,28,31,33,35,38],"ascension_level":2}}