{"host":"gfxjwtol062e9znw","time":1613306676,"event":{"mods":["BaseMod","Colored Map","Minty Spire (QoL Compilation)","Rare Cards Sparkle","StSLib"],"gold_per_floor":[119,134,149,149,169,169,183,201,201,201,229,229,255,271,271,373,423,439,459,476,257,257,286,286,314,383,383,163,181,200,214,214,315,315,331,31,50,50,61,61,109,109,159,173,186,19,29,45,45,45],"floor_reached":51,"language":"ENG","playtime":3166,"items_purged":["Defend_G","Normality"],"score":1036,"play_id":"87d998b9-f971-4b86-9c82-abe963b1c1c4","local_time":"20210214234436","is_ascension_mode":true,"campfire_choices":[{"data":"Neutralize","floor":6.0,"key":"SMITH"},{"data":"Cloak And Dagger","floor":10.0,"key":"SMITH"},{"floor":15.0,"key":"REST"},{"floor":24,"key":"REST"},{"data":"Adrenaline","floor":27,"key":"SMITH"},{"data":"Leg Sweep","floor":32,"key":"SMITH"},{"floor":40,"key":"REST"},{"floor":42,"key":"REST"},{"data":"Footwork","floor":49,"key":"SMITH"}],"circlet_count":0,"master_deck":["Strike_G","Strike_G","Strike_G","Strike_G","Defend_G+1","Defend_G","Defend_G+1","Defend_G","Survivor","Neutralize+1","Cloak And Dagger+1","PiercingWail","Dagger Throw","Well Laid Plans","All Out Attack","Adrenaline+1","Escape Plan","Expertise","Cloak And Dagger","Venomology","Adrenaline+1","Choke","PiercingWail","Leg Sweep+1","Terror+1","Blade Dance","Sucker Punch+1","Dagger Spray+1","Prepared","Glass Knife+1","Backstab+1","Blur+1","Skewer+1","Footwork+1","Finisher+1"],"relics":["Ring of the Snake","Unceasing Top","War Paint","Shuriken","Toy Ornithopter","Tiny House","PreservedInsect","Enchiridion","StrikeDummy","Art of War","Molten Egg 2","Pen Nib","Cursed Key","Lizard Tail","Bird Faced Urn","Blood Vial"],"acts_visited":["Exordium","TheCity","TheBeyond"],"potions_floor_usage":[16,16,19,20,23,25,25,25,31,31,33,33,33,37,39,44,45,45,45,50,50,50,50],"damage_taken":[{"damage":16.0,"enemies":"Jaw Worm","floor":1.0,"turns":6.0},{"damage":0.0,"enemies":"2 Louse","floor":2.0,"turns":3.0},{"damage":1.0,"enemies":"Cultist","floor":3.0,"turns":4.0},{"damage":2.0,"enemies":"2 Fungi Beasts","floor":5.0,"turns":5.0},{"damage":6.0,"enemies":"Looter","floor":7.0,"turns":4.0},{"damage":1.0,"enemies":"Blue Slaver","floor":8.0,"turns":5.0},{"damage":23.0,"enemies":"Gremlin Nob","floor":11.0,"turns":4.0},{"damage":0.0,"enemies":"Lagavulin","floor":13.0,"turns":5.0},{"damage":0.0,"enemies":"Large Slime","floor":14.0,"turns":5.0},{"damage":31,"enemies":"The Guardian","floor":16,"turns":10},{"damage":3,"enemies":"Chosen","floor":18,"turns":4},{"damage":16,"enemies":"Spheric Guardian","floor":19,"turns":6},{"damage":9,"enemies":"Snake Plant","floor":20,"turns":6},{"damage":10,"enemies":"Book of Stabbing","floor":23,"turns":4},{"damage":3,"enemies":"Slavers","floor":25,"turns":3},{"damage":0,"enemies":"Chosen and Byrds","floor":29,"turns":4},{"damage":7,"enemies":"Sentry and Sphere","floor":30,"turns":3},{"damage":0,"enemies":"Snake Plant","floor":31,"turns":4},{"damage":34,"enemies":"Automaton","floor":33,"turns":7},{"damage":30,"enemies":"3 Shapes","floor":35,"turns":5},{"damage":6,"enemies":"3 Darklings","floor":37,"turns":3},{"damage":0,"enemies":"Spire Growth","floor":39,"turns":2},{"damage":3,"enemies":"2 Orb Walkers","floor":41,"turns":6},{"damage":4,"enemies":"4 Shapes","floor":44,"turns":4},{"damage":0,"enemies":"Writhing Mass","floor":45,"turns":4},{"damage":6,"enemies":"Sphere and 2 Shapes","floor":47,"turns":3},{"damage":8,"enemies":"Maw","floor":48,"turns":5},{"damage":36,"enemies":"Time Eater","floor":50,"turns":8}],"seed_played":"-5688112609834499435","potions_obtained":[{"floor":1.0,"key":"Dexterity Potion"},{"floor":7.0,"key":"ColorlessPotion"},{"floor":13.0,"key":"Swift Potion"},{"floor":14.0,"key":"Strength Potion"},{"floor":17,"key":"PowerPotion"},{"floor":19,"key":"SkillPotion"},{"floor":23,"key":"Block Potion"},{"floor":25,"key":"EssenceOfSteel"},{"floor":39,"key":"LiquidMemories"},{"floor":41,"key":"FearPotion"}],"is_trial":false,"path_per_floor":["M","M","M","?","M","R","M","M","T","R","E","?","E","M","R","B",null,"M","M","M","$","?","E","R","E","T","R","$","M","M","M","R","B",null,"M","$","M","?","M","R","?","R","T","M","M","$","M","M","R","B",null],"character_chosen":"THE_SILENT","items_purchased":["PreservedInsect","Pen Nib","Sucker Punch+1","Dagger Spray+1","Lizard Tail","Footwork"],"campfire_rested":4,"item_purchase_floors":[21,28,28,28,36,46],"current_hp_per_floor":[47,47,46,63,61,61,55,54,54,54,31,31,31,31,49,28,59,56,45,41,41,25,20,40,52,52,52,52,52,45,55,55,34,60,30,30,29,29,34,54,51,68,68,68,68,68,64,62,62,32],"gold":45,"neow_bonus":"ONE_RARE_RELIC","is_daily":false,"chose_seed":false,"campfire_upgraded":5,"win_rate":0.0,"timestamp":1613306676,"path_taken":["M","M","M","?","M","R","M","M","T","R","E","?","E","M","R","BOSS","M","?","M","$","?","E","R","E","T","R","$","M","M","M","R","BOSS","M","$","M","?","M","R","?","R","T","M","M","?","M","M","R","BOSS"],"items_purchased_type":["Relic","Relic","Card","Card","Relic","Card"],"build_version":"2020-12-22","purchased_purges":2,"victory":true,"max_hp_per_floor":[63,63,63,63,63,63,63,63,63,63,63,63,63,63,63,63,68,68,68,68,68,68,68,68,68,68,68,68,68,68,68,68,68,68,68,68,68,68,68,68,68,68,68,68,68,68,68,68,68,68],"card_choices":[{"not_picked":["Masterful Stab","Predator"],"picked":"Cloak And Dagger","floor":1.0},{"not_picked":["Eviscerate","Deadly Poison"],"picked":"PiercingWail","floor":2.0},{"not_picked":["Infinite Blades","Well Laid Plans"],"picked":"Dagger Throw","floor":3.0},{"not_picked":["Prepared","Underhanded Strike"],"picked":"Well Laid Plans","floor":5.0},{"not_picked":["Escape Plan","Underhanded Strike"],"picked":"All Out Attack","floor":7.0},{"not_picked":["PiercingWail","Riddle With Holes"],"picked":"Adrenaline","floor":8.0},{"not_picked":["All Out Attack","Quick Slash"],"picked":"Escape Plan","floor":11.0},{"not_picked":["Underhanded Strike","Dagger Spray"],"picked":"Cloak And Dagger","floor":13.0},{"not_picked":["Slice","Quick Slash"],"picked":"Venomology","floor":14.0},{"not_picked":["Grand Finale","Night Terror"],"picked":"Adrenaline","floor":16},{"not_picked":["Reflex","Outmaneuver"],"picked":"Choke","floor":17},{"not_picked":["Dodge and Roll","Cloak And Dagger"],"picked":"PiercingWail","floor":18},{"not_picked":["PiercingWail","Acrobatics"],"picked":"Leg Sweep","floor":19},{"not_picked":["Underhanded Strike+1","Grand Finale"],"picked":"Terror+1","floor":20},{"not_picked":["Well Laid Plans","Deadly Poison"],"picked":"Blade Dance","floor":23},{"not_picked":["Catalyst","Quick Slash","Poisoned Stab+1"],"picked":"SKIP","floor":25},{"not_picked":["Backflip","Leg Sweep"],"picked":"Prepared","floor":29},{"not_picked":["Cloak And Dagger","Doppelganger","Outmaneuver"],"picked":"SKIP","floor":30},{"not_picked":["Dodge and Roll","Flying Knee+1","Distraction"],"picked":"SKIP","floor":31},{"not_picked":["A Thousand Cuts","Tools of the Trade"],"picked":"Glass Knife+1","floor":33},{"not_picked":["PiercingWail","Deadly Poison+1"],"picked":"Backstab+1","floor":35},{"not_picked":["Flying Knee+1","Dodge and Roll"],"picked":"Blur+1","floor":37},{"not_picked":["Eviscerate+1","Dodge and Roll","Deadly Poison"],"picked":"SKIP","floor":39},{"not_picked":["Blade Dance","Sucker Punch+1","Prepared+1"],"picked":"SKIP","floor":44},{"not_picked":["Dodge and Roll","Calculated Gamble"],"picked":"Skewer+1","floor":45},{"not_picked":["Acrobatics","Cloak And Dagger","Finisher+1"],"picked":"SKIP","floor":47},{"not_picked":["Acrobatics","Cloak And Dagger"],"picked":"Finisher+1","floor":47},{"not_picked":["Predator+1","Endless Agony+1","Choke+1"],"picked":"SKIP","floor":48}],"player_experience":183320,"relics_obtained":[{"floor":9.0,"key":"War Paint"},{"floor":11.0,"key":"Shuriken"},{"floor":13.0,"key":"Toy Ornithopter"},{"floor":22,"key":"Enchiridion"},{"floor":23,"key":"StrikeDummy"},{"floor":25,"key":"Art of War"},{"floor":26,"key":"Molten Egg 2"},{"floor":41,"key":"Bird Faced Urn"},{"floor":43,"key":"Blood Vial"}],"event_choices":[{"damage_healed":21.0,"max_hp_gain":0.0,"max_hp_loss":0.0,"gold_gain":0.0,"event_name":"Big Fish","player_choice":"Banana","floor":4.0,"gold_loss":0.0,"damage_taken":0.0},{"damage_healed":0.0,"max_hp_gain":0.0,"max_hp_loss":0.0,"gold_gain":0.0,"cards_transformed":["Strike_G"],"event_name":"Transmorgrifier","player_choice":"Transformed","floor":12.0,"gold_loss":0.0,"damage_taken":0.0,"cards_obtained":["Expertise"]},{"damage_healed":0,"gold_gain":0,"player_choice":"Obtained Book","damage_taken":16,"max_hp_gain":0,"max_hp_loss":0,"event_name":"Cursed Tome","floor":22,"gold_loss":0},{"damage_healed":0,"gold_gain":0,"player_choice":"Ignored","damage_taken":0,"max_hp_gain":0,"max_hp_loss":0,"event_name":"The Moai Head","floor":38,"gold_loss":0},{"damage_healed":0,"gold_gain":0,"player_choice":"Fight","damage_taken":0,"max_hp_gain":0,"max_hp_loss":0,"event_name":"Mysterious Sphere","floor":41,"gold_loss":0}],"is_beta":false,"boss_relics":[{"not_picked":["Ectoplasm","Coffee Dripper"],"picked":"Tiny House"},{"not_picked":["Busted Crown","Fusion Hammer"],"picked":"Cursed Key"}],"items_purged_floors":[21,46],"is_endless":false,"potions_floor_spawned":[1,7,13,14,19,23,25,39,41],"ascension_level":9}}