{"host":"ujyomg7d1f18u2we","time":1613337812,"event":{"mods":["AchievementEnabler","AlwaysNeverKeys","Aspiration","BaseMod","Colored Map","DeckTracker","Gremlin Skip","Highlight Path","Hubris","Minty Spire (QoL Compilation)","Quick Restart","Random Character Button","StSLib"],"gold_per_floor":[367,381,12,26,36,36,36,36,90,90,117,24,24,39,39,136,136,153,169,169,169,169,180,180,209,289,303,303,321,353,452,452,452,452],"floor_reached":33,"language":"ENG","playtime":805,"items_purged":["hubris:Compulsion"],"score":265,"play_id":"712b9b30-e430-47be-b9be-e611db612c81","local_time":"20210214182332","is_ascension_mode":false,"campfire_choices":[{"data":"Bash","floor":6,"key":"SMITH"},{"data":"Twin Strike","floor":8,"key":"SMITH"},{"data":"Dropkick","floor":10,"key":"SMITH"},{"floor":15,"key":"REST"},{"floor":24,"key":"REST"},{"floor":28,"key":"REST"},{"floor":32,"key":"REST"}],"circlet_count":0,"master_deck":["Strike_R","Strike_R","Strike_R","Strike_R","Strike_R","Defend_R","Defend_R","Defend_R","Defend_R","Bash+1","Twin Strike+1","Twin Strike+1","Headbutt","Dropkick+1","Barricade+1","Shrug It Off","Shrug It Off","Flex+1","Writhe","Juggernaut","Rage"],"relics":["Burning Blood","Mummified Hand","Smiling Mask","aspiration:Lifesprig","hubris:ScarierMask","hubris:Towel","hubris:ChampionShield","Sundial","Shuriken","Red Mask"],"acts_visited":["Exordium","TheCity"],"potions_floor_usage":[16,16,16,18,25,30],"damage_taken":[{"damage":10,"enemies":"Cultist","floor":1,"turns":4},{"damage":11,"enemies":"Jaw Worm","floor":2,"turns":5},{"damage":6,"enemies":"2 Louse","floor":4,"turns":3},{"damage":11,"enemies":"Blue Slaver","floor":5,"turns":4},{"damage":31,"enemies":"3 Sentries","floor":11,"turns":6},{"damage":2,"enemies":"Looter","floor":14,"turns":2},{"damage":19,"enemies":"Hexaghost","floor":16,"turns":11},{"damage":24,"enemies":"Spheric Guardian","floor":18,"turns":4},{"damage":12,"enemies":"2 Thieves","floor":19,"turns":3},{"damage":25,"enemies":"Snecko","floor":23,"turns":6},{"damage":14,"enemies":"Slavers","floor":25,"turns":6},{"damage":21,"enemies":"Snake Plant","floor":27,"turns":5},{"damage":24,"enemies":"Centurion and Healer","floor":29,"turns":4},{"damage":19,"enemies":"Masked Bandits","floor":30,"turns":4},{"damage":67,"enemies":"Collector","floor":33,"turns":11}],"seed_played":"6958532638487261528","potions_obtained":[{"floor":1,"key":"Dexterity Potion"},{"floor":5,"key":"LiquidBronze"},{"floor":16,"key":"PowerPotion"},{"floor":19,"key":"Block Potion"},{"floor":25,"key":"Explosive Potion"}],"is_trial":false,"path_per_floor":["M","M","$","M","M","R","?","R","T","R","E","$","?","M","R","B",null,"M","M","?","?","?","M","R","E","T","M","R","M","?","?","R","B"],"character_chosen":"IRONCLAD","items_purchased":["Mummified Hand","Twin Strike","Shrug It Off","Block Potion"],"campfire_rested":4,"item_purchase_floors":[3,3,12,12],"current_hp_per_floor":[76,71,71,71,66,66,66,66,66,66,41,41,41,45,69,56,80,62,56,56,56,56,37,61,53,53,38,62,44,31,31,55,0,0],"gold":452,"neow_bonus":"TWO_FIFTY_GOLD","is_daily":false,"chose_seed":false,"campfire_upgraded":3,"win_rate":0.0,"timestamp":1613337812,"path_taken":["M","M","$","M","M","R","?","R","T","R","E","$","?","M","R","BOSS","M","?","?","?","?","M","R","E","T","M","R","M","?","?","R","BOSS"],"items_purchased_type":["Relic","Card","Card","Potion"],"build_version":"2020-12-22","purchased_purges":1,"victory":false,"max_hp_per_floor":[80,80,80,80,80,80,80,80,80,80,80,80,80,80,80,80,80,80,80,80,80,80,80,80,80,80,80,80,80,80,80,80,80,80],"card_choices":[{"not_picked":["Iron Wave","Wild Strike"],"picked":"Twin Strike","floor":1},{"not_picked":["Battle Trance","hubris:ReadiedAction","Body Slam"],"picked":"SKIP","floor":2},{"not_picked":["Heavy Blade","Fire Breathing"],"picked":"Headbutt","floor":4},{"not_picked":["Infernal Blade","Clash"],"picked":"Dropkick","floor":5},{"not_picked":["hubris:CleavingFinish","Fire Breathing"],"picked":"Barricade","floor":11},{"not_picked":["Headbutt","Power Through"],"picked":"Shrug It Off","floor":14},{"not_picked":["Iron Wave","Clothesline","Anger"],"picked":"SKIP","floor":18},{"not_picked":["Body Slam","hubris:CleavingFinish"],"picked":"Flex+1","floor":19},{"not_picked":["Fiend Fire","Heavy Blade","Flex"],"picked":"SKIP","floor":23},{"not_picked":["Thunderclap","Flex"],"picked":"Juggernaut","floor":25},{"not_picked":["Rupture+1","Carnage","Disarm"],"picked":"SKIP","floor":27},{"not_picked":["Shrug It Off","Bloodletting"],"picked":"Rage","floor":29}],"player_experience":1581004,"relics_obtained":[{"floor":9,"key":"Smiling Mask"},{"floor":11,"key":"aspiration:Lifesprig"},{"floor":25,"key":"Sundial"},{"floor":26,"key":"Shuriken"},{"floor":30,"key":"Red Mask"}],"event_choices":[{"damage_healed":0,"gold_gain":0,"player_choice":"Grow","damage_taken":0,"max_hp_gain":0,"max_hp_loss":0,"event_name":"Living Wall","floor":7,"gold_loss":0,"cards_upgraded":["Twin Strike"]},{"damage_healed":0,"gold_gain":0,"player_choice":"Opened","damage_taken":0,"relics_obtained":["hubris:ChampionShield"],"max_hp_gain":0,"max_hp_loss":0,"event_name":"The Mausoleum","floor":22,"gold_loss":0,"cards_obtained":["Writhe"]},{"damage_healed":0,"gold_gain":0,"player_choice":"Fought Bandits","damage_taken":0,"max_hp_gain":0,"max_hp_loss":0,"event_name":"Masked Bandits","floor":30,"gold_loss":0},{"damage_healed":0,"gold_gain":99,"player_choice":"Stole From Cult","damage_taken":0,"max_hp_gain":0,"max_hp_loss":0,"event_name":"Nest","floor":31,"gold_loss":0}],"is_beta":false,"boss_relics":[{"not_picked":["hubris:Backtick","aspiration:SilentSkillbook"],"picked":"hubris:ScarierMask"}],"items_purged_floors":[3],"is_endless":false,"potions_floor_spawned":[1,5,14,16,19,25],"killed_by":"Collector","ascension_level":0}}