{"host":"zlmf7uudqr1sj8t0","time":1613328375,"event":{"mods":["BaseMod","Colored Map","DeckTracker","Highlight Path","Minty Spire (QoL Compilation)"],"gold_per_floor":[110,129,140,90,107,107,134,112,135,135,146,146,146,163,163,267,267,282,297,297,311,311,311,311],"floor_reached":23,"language":"ENG","playtime":1463,"items_purged":[],"score":212,"play_id":"73928e43-e4de-4d55-805f-900f4719bb91","local_time":"20210214104615","is_ascension_mode":true,"campfire_choices":[{"data":"White Noise","floor":6,"key":"SMITH"},{"floor":10,"key":"REST"},{"data":"Biased Cognition","floor":13,"key":"SMITH"},{"floor":15,"key":"REST"}],"circlet_count":0,"master_deck":["Strike_B","Strike_B","Defend_B","Defend_B","Defend_B","Zap","Dualcast","Biased Cognition","Sunder","Conserve Battery","White Noise+1","Ball Lightning","Biased Cognition+1","Core Surge","Auto Shields","Conserve Battery","Rainbow","Tempest"],"relics":["Cracked Core","Centennial Puzzle","Happy Flower","Orichalcum","SlaversCollar"],"acts_visited":["Exordium","TheCity"],"potions_floor_usage":[16],"damage_taken":[{"damage":3,"enemies":"2 Louse","floor":1,"turns":3},{"damage":2,"enemies":"Jaw Worm","floor":2,"turns":3},{"damage":0,"enemies":"Small Slimes","floor":3,"turns":2},{"damage":12,"enemies":"Exordium Wildlife","floor":5,"turns":3},{"damage":28,"enemies":"3 Sentries","floor":7,"turns":5},{"damage":4,"enemies":"Red Slaver","floor":11,"turns":3},{"damage":11,"enemies":"Lots of Slimes","floor":14,"turns":3},{"damage":5,"enemies":"Slime Boss","floor":16,"turns":5},{"damage":22,"enemies":"Spheric Guardian","floor":18,"turns":4},{"damage":20,"enemies":"2 Thieves","floor":19,"turns":3},{"damage":11,"enemies":"Snake Plant","floor":21,"turns":5},{"damage":23,"enemies":"Slavers","floor":23,"turns":1}],"seed_played":"1122892534330807396","potions_obtained":[{"floor":2,"key":"BlessingOfTheForge"},{"floor":3,"key":"FocusPotion"},{"floor":5,"key":"Energy Potion"},{"floor":18,"key":"Explosive Potion"}],"is_trial":false,"path_per_floor":["M","M","M","?","M","R","E","?","T","R","M","?","R","M","R","B",null,"M","M","?","M","?","E"],"character_chosen":"DEFECT","items_purchased":[],"campfire_rested":2,"item_purchase_floors":[],"current_hp_per_floor":[51,49,49,49,37,37,9,9,9,31,27,15,15,4,26,21,75,53,33,33,22,22,0,0],"gold":311,"neow_bonus":"THREE_RARE_CARDS","is_daily":false,"chose_seed":false,"campfire_upgraded":2,"win_rate":0.0,"timestamp":1613328375,"path_taken":["M","M","M","?","M","R","E","?","T","R","M","?","R","M","R","BOSS","M","M","?","M","?","E"],"items_purchased_type":[],"build_version":"2020-12-22","purchased_purges":0,"victory":false,"max_hp_per_floor":[75,75,75,75,75,75,75,75,75,75,75,75,75,75,75,75,75,75,75,75,75,75,75,75],"card_choices":[{"not_picked":["Meteor Strike","Core Surge"],"picked":"Biased Cognition","floor":0},{"not_picked":["Leap","Go for the Eyes"],"picked":"Sunder","floor":1},{"not_picked":["Leap","Rebound"],"picked":"Conserve Battery","floor":2},{"not_picked":["Doom and Gloom","Gash"],"picked":"White Noise","floor":3},{"not_picked":["Conserve Battery","Sweeping Beam"],"picked":"Ball Lightning","floor":5},{"not_picked":["Cold Snap","Redo","Sweeping Beam"],"picked":"SKIP","floor":7},{"not_picked":["Cold Snap","Force Field"],"picked":"Biased Cognition","floor":11},{"not_picked":["Stack","Rebound","Compile Driver"],"picked":"SKIP","floor":14},{"not_picked":["Hyperbeam","Machine Learning"],"picked":"Core Surge","floor":16},{"not_picked":["Coolheaded","Heatsinks"],"picked":"Auto Shields","floor":18},{"not_picked":["Coolheaded","Go for the Eyes"],"picked":"Conserve Battery","floor":19},{"not_picked":["Cold Snap","Hologram","Stack+1"],"picked":"SKIP","floor":21}],"player_experience":137987,"relics_obtained":[{"floor":7,"key":"Centennial Puzzle"},{"floor":9,"key":"Happy Flower"}],"event_choices":[{"cards_removed":["Defend_B"],"damage_healed":0,"gold_gain":0,"player_choice":"Card Removal","damage_taken":0,"max_hp_gain":0,"max_hp_loss":0,"event_name":"The Cleric","floor":4,"gold_loss":50},{"damage_healed":0,"gold_gain":0,"player_choice":"Left Gold","damage_taken":0,"max_hp_gain":0,"max_hp_loss":0,"event_name":"World of Goop","floor":8,"gold_loss":22},{"damage_healed":0,"gold_gain":0,"player_choice":"Success","damage_taken":12,"relics_obtained":["Orichalcum"],"max_hp_gain":0,"max_hp_loss":0,"event_name":"Scrap Ooze","floor":12,"gold_loss":0},{"damage_healed":0,"gold_gain":0,"cards_transformed":["Strike_B","Strike_B"],"player_choice":"Became Test Subject","damage_taken":0,"max_hp_gain":0,"max_hp_loss":0,"event_name":"Drug Dealer","floor":20,"gold_loss":0,"cards_obtained":["Rainbow","Tempest"]},{"damage_healed":0,"gold_gain":0,"player_choice":"Ignored","damage_taken":0,"max_hp_gain":0,"max_hp_loss":0,"event_name":"N\u0027loth","floor":22,"gold_loss":0}],"is_beta":false,"boss_relics":[{"not_picked":["Snecko Eye","Busted Crown"],"picked":"SlaversCollar"}],"items_purged_floors":[],"is_endless":false,"potions_floor_spawned":[2,3,5,7,14,18,19],"killed_by":"Slavers","ascension_level":2}}