{"host":"w9zfxf1uwb1etsnq","time":1613335118,"event":{"mods":["AchievementEnabler","BaseMod","Colored Map","Highlight Path","Minty Spire (QoL Compilation)"],"gold_per_floor":[116,41,58,78,58,86,97,97,97,97,97,25,55,68,68,171,171,190,190,207,207,39,72,72,171,197,1,1,18,18,18,18,18,18],"floor_reached":33,"language":"ENG","playtime":2037,"items_purged":["Defend_G","Concentrate+1"],"score":274,"play_id":"f0bcbe35-5014-469f-a1ee-44cc1bb84bed","local_time":"20210214203838","is_ascension_mode":true,"campfire_choices":[{"floor":8,"key":"REST"},{"floor":10,"key":"RECALL"},{"floor":15,"key":"REST"},{"data":"Backstab","floor":24,"key":"SMITH"},{"floor":28,"key":"REST"},{"data":"Backstab","floor":30,"key":"SMITH"},{"data":"Backstab","floor":32,"key":"SMITH"}],"circlet_count":0,"master_deck":["Survivor","Neutralize","Noxious Fumes","Dagger Spray","Phantasmal Killer+1","Dagger Spray","Terror+1","Blade Dance+1","Corpse Explosion+1","Riddle With Holes","Malaise+1","Backstab+1","Skewer","Dash","Choke","Caltrops","Burst+1","Backstab+1","Deflect+1","Backstab+1","Deadly Poison+1"],"relics":["Ring of the Snake","Toxic Egg 2","Pandora\u0027s Box","MutagenicStrength","Turnip","Bag of Marbles","TwistedFunnel"],"acts_visited":["Exordium","TheCity"],"potions_floor_usage":[6,16,23,29,33],"damage_taken":[{"damage":3,"enemies":"Jaw Worm","floor":1,"turns":6},{"damage":2,"enemies":"Small Slimes","floor":3,"turns":4},{"damage":0,"enemies":"2 Louse","floor":4,"turns":3},{"damage":31,"enemies":"Lagavulin","floor":6,"turns":9},{"damage":20,"enemies":"Large Slime","floor":7,"turns":7},{"damage":2,"enemies":"Looter","floor":14,"turns":2},{"damage":48,"enemies":"The Guardian","floor":16,"turns":11},{"damage":0,"enemies":"Chosen","floor":18,"turns":3},{"damage":9,"enemies":"Spheric Guardian","floor":20,"turns":4},{"damage":27,"enemies":"Book of Stabbing","floor":23,"turns":4},{"damage":0,"enemies":"Cultist and Chosen","floor":29,"turns":2},{"damage":72,"enemies":"Champ","floor":33,"turns":6}],"seed_played":"1971512727285151750","potions_obtained":[{"floor":1,"key":"Weak Potion"},{"floor":3,"key":"SmokeBomb"},{"floor":14,"key":"SkillPotion"},{"floor":18,"key":"AttackPotion"},{"floor":23,"key":"Block Potion"}],"is_trial":false,"path_per_floor":["M","$","M","M","?","E","M","R","T","R","?","$","?","M","R","B",null,"M","?","M","?","$","E","R","?","T","$","R","M","R","?","R","B"],"character_chosen":"THE_SILENT","items_purchased":["Terror+1","Backstab","TwistedFunnel","Fire Potion"],"campfire_rested":3,"item_purchase_floors":[12,22,27,27],"current_hp_per_floor":[74,74,72,72,72,41,21,44,44,44,44,44,44,42,65,17,77,77,77,68,68,68,41,41,41,41,41,64,64,64,64,64,0,0],"gold":18,"neow_bonus":"TEN_PERCENT_HP_BONUS","is_daily":false,"chose_seed":false,"campfire_upgraded":3,"win_rate":0.0,"timestamp":1613335118,"path_taken":["M","$","M","M","?","E","M","R","T","R","?","?","?","M","R","BOSS","M","?","M","?","$","E","R","?","T","$","R","M","R","?","R","BOSS"],"items_purchased_type":["Card","Card","Relic","Potion"],"build_version":"2020-12-22","purchased_purges":2,"victory":false,"max_hp_per_floor":[77,77,77,77,77,77,77,77,77,77,77,77,77,77,77,77,77,77,77,77,77,77,77,77,77,77,77,77,77,77,77,77,77,77],"card_choices":[{"not_picked":["Sucker Punch","Expertise"],"picked":"Noxious Fumes","floor":1},{"not_picked":["Sucker Punch","Dodge and Roll","Backflip"],"picked":"SKIP","floor":3},{"not_picked":["Expertise","Prepared"],"picked":"Dagger Spray","floor":4},{"not_picked":["Accuracy","Caltrops"],"picked":"Phantasmal Killer+1","floor":6},{"not_picked":["Expertise+1","Footwork"],"picked":"Dagger Spray","floor":7},{"not_picked":["Tactician+1","Underhanded Strike"],"picked":"Blade Dance+1","floor":14},{"not_picked":["Venomology+1","A Thousand Cuts"],"picked":"Corpse Explosion+1","floor":16},{"not_picked":["Slice","Tactician+1"],"picked":"Backstab","floor":18},{"not_picked":["All Out Attack","Dagger Throw+1"],"picked":"Deflect+1","floor":20},{"not_picked":["Dagger Spray","Concentrate+1","Choke+1"],"picked":"SKIP","floor":23},{"not_picked":["Footwork","Calculated Gamble+1"],"picked":"Deadly Poison+1","floor":29}],"player_experience":147740,"relics_obtained":[{"floor":6,"key":"Toxic Egg 2"},{"floor":23,"key":"Turnip"},{"floor":26,"key":"Bag of Marbles"}],"event_choices":[{"damage_healed":0,"gold_gain":0,"player_choice":"Left Gold","damage_taken":0,"max_hp_gain":0,"max_hp_loss":0,"event_name":"World of Goop","floor":5,"gold_loss":20},{"damage_healed":0,"gold_gain":0,"player_choice":"Ignored","damage_taken":0,"max_hp_gain":0,"max_hp_loss":0,"event_name":"Liars Game","floor":11,"gold_loss":0},{"damage_healed":0,"gold_gain":30,"player_choice":"Searched \u00271\u0027 times","damage_taken":0,"max_hp_gain":0,"max_hp_loss":0,"event_name":"Dead Adventurer","floor":13,"gold_loss":0},{"damage_healed":0,"gold_gain":0,"player_choice":"Inject Mutagens","damage_taken":0,"relics_obtained":["MutagenicStrength"],"max_hp_gain":0,"max_hp_loss":0,"event_name":"Drug Dealer","floor":19,"gold_loss":0},{"damage_healed":0,"gold_gain":0,"player_choice":"Ignored","damage_taken":0,"max_hp_gain":0,"max_hp_loss":0,"event_name":"Cursed Tome","floor":21,"gold_loss":0},{"damage_healed":0,"gold_gain":99,"player_choice":"Stole From Cult","damage_taken":0,"max_hp_gain":0,"max_hp_loss":0,"event_name":"Nest","floor":25,"gold_loss":0},{"damage_healed":0,"gold_gain":0,"player_choice":"Ignored","damage_taken":0,"max_hp_gain":0,"max_hp_loss":0,"event_name":"Ghosts","floor":31,"gold_loss":0}],"is_beta":false,"boss_relics":[{"not_picked":["Calling Bell","Fusion Hammer"],"picked":"Pandora\u0027s Box"}],"items_purged_floors":[2,22],"is_endless":false,"potions_floor_spawned":[1,3,14,18,23],"killed_by":"Champ","ascension_level":1}}