{"host":"5h6e4l6hpn0p5lap","time":1613331003,"event":{"mods":["AchievementEnabler","BaseMod","Better Altar","Better Match","Better Sensory Stone","Better Skull","Better Third Choice","Colored Map","Filter the Spire","Minty Spire (QoL Compilation)","StSLib"],"gold_per_floor":[118,118,193,45,69,100,115,150,230,230,246,262,309,342,342,471,471,491,523,270,298,298,298],"floor_reached":22,"language":"ENG","playtime":841,"items_purged":["Strike_B"],"score":326,"play_id":"02749fcf-d734-41c4-a67d-b477740bf6ae","local_time":"20210214143003","is_ascension_mode":true,"campfire_choices":[{"floor":10.0,"key":"REST"},{"data":"Defragment","floor":15.0,"key":"SMITH"}],"circlet_count":0,"master_deck":["Strike_B","Strike_B","Strike_B","Defend_B","Defend_B","Defend_B","Defend_B","Zap","Dualcast","Cold Snap","Defragment+1","Melter","Beam Cell","Gash","Streamline","Self Repair","Glacier","Compile Driver","Capacitor","Conserve Battery","All For One","Steam Power+1","Ball Lightning","Doom and Gloom","Loop","Barrage+1"],"relics":["Cracked Core","NeowsBlessing","Golden Idol","Lizard Tail","Art of War","Cables","CeramicFish","SlaversCollar"],"acts_visited":["Exordium","TheCity"],"potions_floor_usage":[],"damage_taken":[{"damage":0.0,"enemies":"Small Slimes","floor":1.0,"turns":1.0},{"damage":0.0,"enemies":"Jaw Worm","floor":5.0,"turns":1.0},{"damage":0.0,"enemies":"3 Sentries","floor":6.0,"turns":1.0},{"damage":0.0,"enemies":"Cultist","floor":7.0,"turns":3.0},{"damage":36.0,"enemies":"Lagavulin","floor":8.0,"turns":4.0},{"damage":17.0,"enemies":"3 Louse","floor":11.0,"turns":3.0},{"damage":6.0,"enemies":"Looter","floor":12.0,"turns":3.0},{"damage":5.0,"enemies":"3 Sentries","floor":13.0,"turns":6.0},{"damage":0.0,"enemies":"Exordium Wildlife","floor":14.0,"turns":3.0},{"damage":6.0,"enemies":"The Guardian","floor":16.0,"turns":11.0},{"damage":41.0,"enemies":"3 Byrds","floor":18.0,"turns":9.0},{"damage":0,"enemies":"Spheric Guardian","floor":19,"turns":2},{"damage":16,"enemies":"Snecko","floor":21,"turns":6},{"damage":7,"enemies":"Masked Bandits","floor":22,"turns":2}],"seed_played":"7933783263882115197","potions_obtained":[{"floor":5.0,"key":"EssenceOfDarkness"},{"floor":8.0,"key":"ColorlessPotion"},{"floor":11.0,"key":"Explosive Potion"},{"floor":13.0,"key":"Fire Potion"},{"floor":14.0,"key":"CultistPotion"},{"floor":19,"key":"AttackPotion"}],"is_trial":false,"path_per_floor":["M","?","?","$","M","E","M","E","T","R","M","M","E","M","R","B",null,"M","M","$","M","?"],"character_chosen":"DEFECT","items_purchased":["Defragment","Melter","Ball Lightning","Doom and Gloom","Loop"],"campfire_rested":1,"item_purchase_floors":[4,4,20,20,20],"current_hp_per_floor":[68,68,62,62,62,62,62,26,26,46,36,37,39,46,46,47,64,30,30,30,21,14,14],"gold":298,"neow_bonus":"THREE_ENEMY_KILL","is_daily":false,"chose_seed":false,"campfire_upgraded":1,"win_rate":0.0,"timestamp":1613331003,"path_taken":["M","?","?","$","M","E","?","E","T","R","M","M","E","M","R","BOSS","M","M","$","M","?"],"items_purchased_type":["Card","Card","Card","Card","Card"],"build_version":"2020-12-22","purchased_purges":1,"victory":false,"max_hp_per_floor":[75,69,69,69,69,69,69,69,69,69,69,69,69,69,69,69,69,69,69,69,69,69,69],"card_choices":[{"not_picked":["Recycle","Tempest"],"picked":"Cold Snap","floor":1.0},{"not_picked":["Sweeping Beam","Coolheaded"],"picked":"Beam Cell","floor":5.0},{"not_picked":["Rebound","Hyperbeam"],"picked":"Gash","floor":6.0},{"not_picked":["Barrage","Steam"],"picked":"Streamline","floor":7.0},{"not_picked":["Hello World","Ball Lightning"],"picked":"Self Repair","floor":8.0},{"not_picked":["Conserve Battery","Streamline"],"picked":"Glacier","floor":11.0},{"not_picked":["Rip and Tear","Beam Cell"],"picked":"Compile Driver","floor":12.0},{"not_picked":["Hologram","Redo"],"picked":"Capacitor","floor":13.0},{"not_picked":["Cold Snap","Stack"],"picked":"Conserve Battery","floor":14.0},{"not_picked":["Machine Learning","Multi-Cast"],"picked":"All For One","floor":16.0},{"not_picked":["Force Field","Self Repair","Undo"],"picked":"SKIP","floor":18.0},{"not_picked":["Fusion+1","BootSequence"],"picked":"Steam Power+1","floor":19},{"not_picked":["Leap","Ball Lightning"],"picked":"Barrage+1","floor":21}],"player_experience":1113844,"relics_obtained":[{"floor":6.0,"key":"Lizard Tail"},{"floor":8.0,"key":"Art of War"},{"floor":9.0,"key":"Cables"},{"floor":13.0,"key":"CeramicFish"}],"event_choices":[{"damage_healed":0.0,"max_hp_gain":0.0,"max_hp_loss":6.0,"gold_gain":0.0,"event_name":"Golden Idol","player_choice":"Lose Max HP","floor":2.0,"gold_loss":0.0,"damage_taken":0.0,"relics_obtained":["Golden Idol"]},{"damage_healed":0.0,"max_hp_gain":0.0,"max_hp_loss":0.0,"gold_gain":75.0,"event_name":"FaceTrader","player_choice":"Touch","floor":3.0,"gold_loss":0.0,"damage_taken":6.0},{"damage_healed":0,"gold_gain":0,"player_choice":"Fought Bandits","damage_taken":0,"max_hp_gain":0,"max_hp_loss":0,"event_name":"Masked Bandits","floor":22,"gold_loss":0}],"is_beta":false,"boss_relics":[{"not_picked":["Runic Pyramid","Nuclear Battery"],"picked":"SlaversCollar"}],"items_purged_floors":[20],"is_endless":false,"potions_floor_spawned":[5,8,11,13,14,19],"killed_by":"Masked Bandits","ascension_level":8}}