{"host":"bsgp9wgausrmthh2","time":1613271227,"event":{"mods":["AchievementEnabler","BaseMod","Colored Map","Minty Spire (QoL Compilation)","StSLib"],"gold_per_floor":[116,116,126,28,45,45,79,79,79,254,254,254,254,273,273,403,403,313,313,313,313,313,313,238,238,238,238,238,238,238,238,238,238,238],"floor_reached":33,"language":"ENG","playtime":2096,"items_purged":[],"score":247,"play_id":"ae5f1e76-fe40-4b2a-8956-2e14315376bf","local_time":"20210213215347","is_ascension_mode":false,"campfire_choices":[{"floor":6,"key":"RECALL"},{"data":"Sucker Punch","floor":8,"key":"SMITH"},{"data":"Caltrops","floor":11,"key":"SMITH"},{"data":"Noxious Fumes","floor":15,"key":"SMITH"},{"floor":23,"key":"REST"},{"data":"Envenom","floor":25,"key":"SMITH"},{"floor":32,"key":"REST"}],"circlet_count":0,"master_deck":["Strike_G","Strike_G","Strike_G","Strike_G","Strike_G","Defend_G","Defend_G","Defend_G","Defend_G","Defend_G","Survivor","Neutralize","Terror","Caltrops+1","Sucker Punch+1","Poisoned Stab","Cloak And Dagger","Catalyst+1","Noxious Fumes+1","Envenom+1","Bane","Deflect","Dodge and Roll","Adrenaline","Quick Slash+1","Poisoned Stab","Dodge and Roll+1","Bane","Leg Sweep"],"relics":["Ring of the Snake","Art of War","Ice Cream","Golden Idol","Ectoplasm","Enchiridion","Dream Catcher","Vajra"],"acts_visited":["Exordium","TheCity"],"potions_floor_usage":[14],"damage_taken":[{"damage":0,"enemies":"Jaw Worm","floor":1,"turns":4},{"damage":0,"enemies":"2 Louse","floor":3,"turns":2},{"damage":0,"enemies":"Small Slimes","floor":5,"turns":3},{"damage":28,"enemies":"Lagavulin","floor":7,"turns":7},{"damage":1,"enemies":"Exordium Wildlife","floor":14,"turns":3},{"damage":17,"enemies":"Hexaghost","floor":16,"turns":8},{"damage":32,"enemies":"2 Thieves","floor":18,"turns":4},{"damage":0,"enemies":"Chosen","floor":21,"turns":4},{"damage":4,"enemies":"Snecko","floor":27,"turns":6},{"damage":0,"enemies":"Chosen and Byrds","floor":28,"turns":5},{"damage":10,"enemies":"Centurion and Healer","floor":29,"turns":4},{"damage":5,"enemies":"Snake Plant","floor":30,"turns":3},{"damage":0,"enemies":"Snecko","floor":31,"turns":4},{"damage":47,"enemies":"Automaton","floor":33,"turns":10}],"seed_played":"-81530040767460853","potions_obtained":[{"floor":1,"key":"Fire Potion"},{"floor":16,"key":"Regen Potion"},{"floor":21,"key":"BlessingOfTheForge"},{"floor":30,"key":"FearPotion"}],"is_trial":false,"path_per_floor":["M","?","M","$","M","R","E","R","T","?","R","?","?","M","R","B",null,"M","?","?","M","T","R","?","R","T","M","M","M","M","M","R","B"],"character_chosen":"THE_SILENT","items_purchased":["Sucker Punch","Poisoned Stab"],"campfire_rested":2,"item_purchase_floors":[4,4],"current_hp_per_floor":[70,70,70,70,70,70,42,42,42,42,42,42,42,41,41,24,70,38,22,22,22,22,43,43,43,43,39,39,29,24,24,45,0,0],"gold":238,"neow_bonus":"RANDOM_COMMON_RELIC","is_daily":false,"chose_seed":false,"campfire_upgraded":4,"win_rate":0.0,"timestamp":1613271227,"path_taken":["M","?","M","$","M","R","E","R","T","?","R","?","?","M","R","BOSS","M","?","?","?","?","R","?","R","T","M","M","M","M","M","R","BOSS"],"items_purchased_type":["Card","Card"],"build_version":"2020-12-22","purchased_purges":0,"victory":false,"max_hp_per_floor":[70,70,70,70,70,70,70,70,70,70,70,70,70,70,70,70,70,70,70,70,70,70,70,70,70,70,70,70,70,70,70,70,70,70],"card_choices":[{"not_picked":["Infinite Blades","Bane"],"picked":"Terror","floor":1},{"not_picked":["PiercingWail","Endless Agony"],"picked":"Caltrops","floor":3},{"not_picked":["Dagger Spray","Deadly Poison"],"picked":"Cloak And Dagger","floor":5},{"not_picked":["Prepared","Acrobatics"],"picked":"Catalyst","floor":7},{"not_picked":["Poisoned Stab","Underhanded Strike"],"picked":"Noxious Fumes","floor":14},{"not_picked":["Doppelganger","Glass Knife"],"picked":"Envenom","floor":16},{"not_picked":["Eviscerate","Tactician"],"picked":"Bane","floor":18},{"not_picked":["Underhanded Strike","Reflex"],"picked":"Deflect","floor":21},{"not_picked":["Heel Hook","Terror"],"picked":"Dodge and Roll","floor":23},{"not_picked":["Heel Hook","Acrobatics"],"picked":"Adrenaline","floor":27},{"not_picked":["Poisoned Stab","Catalyst"],"picked":"Quick Slash+1","floor":28},{"not_picked":["Eviscerate+1","Masterful Stab+1"],"picked":"Poisoned Stab","floor":29},{"not_picked":["Outmaneuver","Bouncing Flask"],"picked":"Dodge and Roll+1","floor":30},{"not_picked":["Quick Slash","Flechettes"],"picked":"Bane","floor":31},{"not_picked":["Sucker Punch","Escape Plan"],"picked":"Leg Sweep","floor":32}],"player_experience":217946,"relics_obtained":[{"floor":7,"key":"Ice Cream"},{"floor":19,"key":"Enchiridion"},{"floor":22,"key":"Dream Catcher"},{"floor":26,"key":"Vajra"}],"event_choices":[{"damage_healed":0,"gold_gain":0,"player_choice":"Leave","damage_taken":0,"max_hp_gain":0,"max_hp_loss":0,"event_name":"The Cleric","floor":2,"gold_loss":0},{"damage_healed":0,"gold_gain":175,"player_choice":"AGREE","damage_taken":0,"max_hp_gain":0,"max_hp_loss":0,"event_name":"Liars Game","floor":10,"gold_loss":0,"cards_obtained":["Doubt"]},{"damage_healed":0,"gold_gain":0,"player_choice":"Grow","damage_taken":0,"max_hp_gain":0,"max_hp_loss":0,"event_name":"Living Wall","floor":12,"gold_loss":0,"cards_upgraded":["Catalyst"]},{"damage_healed":0,"gold_gain":0,"player_choice":"Take Wound","damage_taken":0,"relics_obtained":["Golden Idol"],"max_hp_gain":0,"max_hp_loss":0,"event_name":"Golden Idol","floor":13,"gold_loss":0,"cards_obtained":["Injury"]},{"damage_healed":0,"gold_gain":0,"player_choice":"Obtained Book","damage_taken":16,"max_hp_gain":0,"max_hp_loss":0,"event_name":"Cursed Tome","floor":19,"gold_loss":0},{"cards_removed":["Doubt"],"damage_healed":0,"gold_gain":0,"player_choice":"Purged","damage_taken":0,"max_hp_gain":0,"max_hp_loss":0,"event_name":"Purifier","floor":20,"gold_loss":0},{"cards_removed":["Injury"],"damage_healed":0,"gold_gain":0,"player_choice":"Gave Gold","damage_taken":0,"max_hp_gain":0,"max_hp_loss":0,"event_name":"Beggar","floor":24,"gold_loss":75}],"is_beta":false,"boss_relics":[{"not_picked":["Ring of the Serpent","Fusion Hammer"],"picked":"Ectoplasm"}],"items_purged_floors":[],"is_endless":false,"potions_floor_spawned":[1,16,21,30],"killed_by":"Automaton","ascension_level":0}}