{"host":"lip44byzewa3adv8","time":1613314570,"event":{"mods":["BaseMod","Curses Come First","Minty Spire (QoL Compilation)","Relic Sorter","Relic Stats","StSLib","Synergy Search"],"gold_per_floor":[111,124,137,149,159,192,192,232,232,248,248,273,292,59,59,189,189,203,203,118,128,143,143,68,98,150,130,150,150,167,179,179,284,284,294,304,373,389,402,434,446,446,446,459,491,491,491,501,501,501],"floor_reached":51,"language":"ENG","playtime":2701,"items_purged":[],"score":1126,"play_id":"a94b9348-a028-437f-92d2-a831c6918042","local_time":"20210214095610","is_ascension_mode":true,"campfire_choices":[{"data":"Barricade","floor":11.0,"key":"SMITH"},{"data":"True Grit","floor":15.0,"key":"SMITH"},{"data":"Armaments","floor":23.0,"key":"SMITH"},{"data":"Corruption","floor":29,"key":"SMITH"},{"data":"True Grit","floor":32,"key":"SMITH"},{"data":"Feel No Pain","floor":42,"key":"SMITH"},{"data":"Feel No Pain","floor":46,"key":"SMITH"},{"data":"Body Slam","floor":49,"key":"SMITH"}],"circlet_count":0,"master_deck":["Bash","Cleave","Iron Wave","Twin Strike","Pommel Strike","Headbutt","Barricade+1","Body Slam+1","Body Slam","Armaments+1","Seeing Red","Shrug It Off","True Grit+1","Corruption+1","True Grit+1","Impervious","Feel No Pain+1","Feel No Pain+1","Impervious","Ghostly Armor","Dual Wield","Rampage","Clash","Carnage","Whirlwind","Thunderclap","Body Slam+1","Iron Wave+1","Feel No Pain+1","Shrug It Off+1","Feel No Pain+1","Armaments+1","Whirlwind"],"relics":["Coffee Dripper","Eternal Feather","Bloody Idol","Ginger","Unceasing Top","TheAbacus","SlaversCollar","Pear","Charon\u0027s Ashes","PreservedInsect","Pandora\u0027s Box","Shuriken","Pen Nib","Champion Belt","Orichalcum"],"acts_visited":["Exordium","TheCity","TheBeyond"],"potions_floor_usage":[33,33,50],"damage_taken":[{"damage":0.0,"enemies":"2 Louse","floor":1.0,"turns":3.0},{"damage":0.0,"enemies":"Small Slimes","floor":2.0,"turns":3.0},{"damage":1.0,"enemies":"Cultist","floor":3.0,"turns":3.0},{"damage":7.0,"enemies":"2 Fungi Beasts","floor":4.0,"turns":3.0},{"damage":1.0,"enemies":"Lots of Slimes","floor":5.0,"turns":3.0},{"damage":12.0,"enemies":"Gremlin Nob","floor":6.0,"turns":3.0},{"damage":20.0,"enemies":"3 Sentries","floor":8.0,"turns":6.0},{"damage":12.0,"enemies":"Exordium Thugs","floor":10.0,"turns":4.0},{"damage":6.0,"enemies":"3 Louse","floor":12.0,"turns":3.0},{"damage":11.0,"enemies":"Exordium Wildlife","floor":13.0,"turns":4.0},{"damage":5.0,"enemies":"Hexaghost","floor":16.0,"turns":9.0},{"damage":10.0,"enemies":"Shell Parasite","floor":18.0,"turns":4.0},{"damage":9.0,"enemies":"Chosen","floor":21.0,"turns":6.0},{"damage":32.0,"enemies":"Snake Plant","floor":22.0,"turns":6.0},{"damage":18,"enemies":"Slavers","floor":25,"turns":6},{"damage":0,"enemies":"Sentry and Sphere","floor":28,"turns":3},{"damage":6,"enemies":"Centurion and Healer","floor":30,"turns":6},{"damage":10,"enemies":"Snecko","floor":31,"turns":3},{"damage":0,"enemies":"Collector","floor":33,"turns":7},{"damage":22,"enemies":"Orb Walker","floor":35,"turns":5},{"damage":28,"enemies":"3 Darklings","floor":36,"turns":4},{"damage":14,"enemies":"4 Shapes","floor":38,"turns":4},{"damage":3,"enemies":"Jaw Worm Horde","floor":39,"turns":2},{"damage":0,"enemies":"Giant Head","floor":40,"turns":4},{"damage":6,"enemies":"Sphere and 2 Shapes","floor":41,"turns":5},{"damage":8,"enemies":"4 Shapes","floor":44,"turns":5},{"damage":35,"enemies":"Nemesis","floor":45,"turns":5},{"damage":0,"enemies":"Maw","floor":48,"turns":6},{"damage":24,"enemies":"Donu and Deca","floor":50,"turns":5}],"seed_played":"-2111055424742474215","potions_obtained":[{"floor":1.0,"key":"Block Potion"},{"floor":2.0,"key":"Regen Potion"},{"floor":5.0,"key":"EssenceOfSteel"},{"floor":8.0,"key":"LiquidBronze"},{"floor":12.0,"key":"GamblersBrew"},{"floor":25,"key":"PowerPotion"},{"floor":27,"key":"FairyPotion"},{"floor":36,"key":"SneckoOil"},{"floor":38,"key":"Block Potion"}],"is_trial":false,"path_per_floor":["M","M","M","M","M","E","?","E","T","M","R","M","M","$","R","B",null,"M","?","?","M","M","R","?","E","T","?","M","R","M","M","R","B",null,"M","M","T","M","M","E","M","R","T","M","E","R","?","M","R","B",null],"character_chosen":"IRONCLAD","items_purchased":["TheAbacus","Shrug It Off","True Grit"],"campfire_rested":0,"item_purchase_floors":[14,14,14],"current_hp_per_floor":[72,72,71,64,63,60,60,40,40,28,37,31,20,20,32,27,62,52,52,62,58,31,43,43,30,35,35,40,52,51,46,61,66,80,63,40,45,36,38,43,42,60,60,57,27,45,45,50,68,44],"gold":501,"neow_bonus":"BOSS_RELIC","is_daily":false,"chose_seed":false,"campfire_upgraded":8,"win_rate":0.0,"timestamp":1613314570,"path_taken":["M","M","M","M","M","E","?","E","T","M","R","M","M","$","R","BOSS","M","?","?","M","M","R","?","E","T","?","M","R","M","M","R","BOSS","M","M","?","M","M","E","M","R","T","M","E","R","?","?","R","BOSS"],"items_purchased_type":["Relic","Card","Card"],"build_version":"2020-12-22","purchased_purges":0,"victory":true,"max_hp_per_floor":[80,80,80,80,80,80,74,74,74,74,74,74,74,74,74,74,74,74,74,84,84,84,84,84,84,84,84,84,84,84,84,84,84,84,84,84,84,84,84,84,84,84,84,84,84,84,84,84,84,84],"relic_stats":{"counters":[29,130],"Eternal Feather":114,"Charon\u0027s Ashes":[517],"PreservedInsect":172,"Pen Nib":[5],"Ginger":[20],"Orichalcum":[6],"TheAbacus":[66],"Shuriken":[12],"Bloody Idol":90,"Pandora\u0027s Box":["Ghostly Armor","Dual Wield","Carnage","Rampage","Clash","Carnage","Whirlwind","Thunderclap"],"Champion Belt":[6],"obtain_stats":[{"Pear":20,"Golden Idol":7,"Eternal Feather":6,"Charon\u0027s Ashes":25,"PreservedInsect":26,"Pen Nib":40,"Ginger":8,"Orichalcum":45,"Burning Blood":0,"SlaversCollar":17,"TheAbacus":14,"Shuriken":37,"Bloody Idol":19,"Pandora\u0027s Box":34,"Coffee Dripper":0,"Champion Belt":43,"Unceasing Top":9},{"Pear":12,"Golden Idol":6,"Eternal Feather":6,"Charon\u0027s Ashes":15,"PreservedInsect":15,"Pen Nib":24,"Ginger":7,"Orichalcum":27,"Burning Blood":0,"SlaversCollar":11,"TheAbacus":10,"Shuriken":21,"Bloody Idol":12,"Pandora\u0027s Box":19,"Coffee Dripper":0,"Champion Belt":25,"Unceasing Top":7},{"Pear":48,"Golden Idol":18,"Eternal Feather":18,"Charon\u0027s Ashes":66,"PreservedInsect":66,"Pen Nib":104,"Ginger":24,"Orichalcum":119,"Burning Blood":0,"SlaversCollar":44,"TheAbacus":35,"Shuriken":94,"Bloody Idol":48,"Pandora\u0027s Box":85,"Coffee Dripper":0,"Champion Belt":109,"Unceasing Top":24}],"Unceasing Top":[76]},"card_choices":[{"not_picked":["Armaments","Body Slam"],"picked":"Cleave","floor":1.0},{"not_picked":["Sentinel","Headbutt"],"picked":"Iron Wave","floor":2.0},{"not_picked":["Clash","True Grit"],"picked":"Twin Strike","floor":3.0},{"not_picked":["Headbutt","Body Slam"],"picked":"Pommel Strike","floor":4.0},{"not_picked":["Body Slam","Heavy Blade"],"picked":"Headbutt","floor":5.0},{"not_picked":["Fire Breathing","Infernal Blade"],"picked":"Barricade","floor":6.0},{"not_picked":["Anger","Headbutt"],"picked":"Body Slam","floor":8.0},{"not_picked":["Pummel","Heavy Blade"],"picked":"Body Slam","floor":10.0},{"not_picked":["Inflame","Body Slam"],"picked":"Armaments","floor":12.0},{"not_picked":["Warcry","Berserk"],"picked":"Seeing Red","floor":13.0},{"not_picked":["Double Tap","Fiend Fire"],"picked":"Corruption","floor":16.0},{"not_picked":["Clash+1","Anger","Sever Soul+1"],"picked":"SKIP","floor":18.0},{"not_picked":["Wild Strike+1","Sentinel"],"picked":"True Grit","floor":21.0},{"not_picked":["Anger+1","Perfected Strike","Warcry"],"picked":"SKIP","floor":22.0},{"not_picked":["Flex","Inflame","Cleave"],"picked":"SKIP","floor":25},{"not_picked":["Dark Embrace","Twin Strike+1"],"picked":"Impervious","floor":28},{"not_picked":["Fire Breathing","Clothesline"],"picked":"Feel No Pain","floor":30},{"not_picked":["Shockwave","Clash"],"picked":"Feel No Pain","floor":31},{"not_picked":["Limit Break","Brutality"],"picked":"Impervious","floor":33},{"not_picked":["Spot Weakness+1","Havoc"],"picked":"Body Slam+1","floor":35},{"not_picked":["Carnage","Headbutt"],"picked":"Iron Wave+1","floor":36},{"not_picked":["Flex","Infernal Blade+1"],"picked":"Feel No Pain+1","floor":38},{"not_picked":["Clash","Headbutt+1"],"picked":"Shrug It Off+1","floor":39},{"not_picked":["Inflame","Iron Wave"],"picked":"Feel No Pain+1","floor":40},{"not_picked":["Spot Weakness","Cleave","Anger+1"],"picked":"SKIP","floor":41},{"not_picked":["Heavy Blade","Flex+1","Evolve"],"picked":"SKIP","floor":44},{"not_picked":["Feed","Pommel Strike"],"picked":"Armaments+1","floor":45},{"not_picked":["Wild Strike","Clash","Iron Wave"],"picked":"SKIP","floor":48}],"player_experience":841132,"relics_obtained":[{"floor":6.0,"key":"Eternal Feather"},{"floor":8.0,"key":"Ginger"},{"floor":9.0,"key":"Unceasing Top"},{"floor":25,"key":"Charon\u0027s Ashes"},{"floor":26,"key":"PreservedInsect"},{"floor":37,"key":"Shuriken"},{"floor":40,"key":"Pen Nib"},{"floor":43,"key":"Champion Belt"},{"floor":45,"key":"Orichalcum"}],"event_choices":[{"damage_healed":0.0,"max_hp_gain":0.0,"max_hp_loss":6.0,"gold_gain":0.0,"event_name":"Golden Idol","player_choice":"Lose Max HP","floor":7.0,"gold_loss":0.0,"damage_taken":0.0,"relics_obtained":["Golden Idol"]},{"damage_healed":0.0,"max_hp_gain":0.0,"max_hp_loss":0.0,"gold_gain":0.0,"event_name":"Forgotten Altar","player_choice":"Gave Idol","floor":19.0,"relics_lost":["Golden Idol"],"gold_loss":0.0,"damage_taken":0.0,"relics_obtained":["Bloody Idol"]},{"damage_healed":0.0,"max_hp_gain":0.0,"max_hp_loss":0.0,"gold_gain":0.0,"event_name":"Addict","player_choice":"Obtained Relic","floor":20.0,"gold_loss":85.0,"damage_taken":0.0,"relics_obtained":["Pear"]},{"cards_removed":["Strike_R"],"damage_healed":0.0,"max_hp_gain":0.0,"max_hp_loss":0.0,"gold_gain":0.0,"event_name":"Beggar","player_choice":"Gave Gold","floor":24.0,"gold_loss":75.0,"damage_taken":0.0},{"damage_healed":0,"gold_gain":0,"player_choice":"Bought 1 Potion","damage_taken":0,"max_hp_gain":0,"max_hp_loss":0,"event_name":"The Woman in Blue","floor":27,"gold_loss":0},{"damage_healed":0,"gold_gain":0,"cards_transformed":["Carnage"],"player_choice":"Transformed","damage_taken":0,"max_hp_gain":0,"max_hp_loss":0,"event_name":"Transmorgrifier","floor":47,"gold_loss":0,"cards_obtained":["Whirlwind"]}],"is_beta":false,"boss_relics":[{"not_picked":["Snecko Eye","Runic Cube"],"picked":"SlaversCollar"},{"not_picked":["Velvet Choker","Empty Cage"],"picked":"Pandora\u0027s Box"}],"items_purged_floors":[],"is_endless":false,"potions_floor_spawned":[1,2,5,8,12,25,28,30,36,38,41,45,48],"ascension_level":7}}