{"host":"rihxvzvzrfpivboj","time":1613304869,"event":{"mods":["Act Like it!","BaseMod","Better Third Choice","Block Reminder","Colored Map","Colored Powertips","Downfall","Gensokyo","GifTheSpireLib","Googly Eyes","Keyboard Shortcuts","Minty Spire (QoL Compilation)","Quick Restart","Relic Sorter","StSLib","SuperFastMode","The Bug Knight","Unceasing Turn Reminder","Waifu the Spire"],"gold_per_floor":[109,109,123,142,161,188,188,199,249,249,249,282,282,312,312,410,410,422,372,385,2,21,56,66,66,91,91,91],"floor_reached":27,"language":"ENG","playtime":2411,"items_purged":["HollowMod:QuickDashStart"],"score":253,"play_id":"c89ddcfb-40d4-4b56-9674-0b370bf9d0af","local_time":"20210214131429","is_ascension_mode":false,"campfire_choices":[{"data":"HollowMod:TaintedHusks","floor":7,"key":"SMITH"},{"data":"HollowMod:DesolateDive","floor":10,"key":"SMITH"},{"data":"HollowMod:SoulEater","floor":13,"key":"SMITH"},{"data":"HollowMod:HornetsHelp","floor":15,"key":"SMITH"},{"floor":25,"key":"REST"}],"circlet_count":0,"master_deck":["HollowMod:NailStrikeStart","HollowMod:NailStrikeStart","HollowMod:NailStrikeStart","HollowMod:QuickDashStart+1","HollowMod:QuickDashStart","HollowMod:FocusHealStart+1","HollowMod:PogoStrike","HollowMod:TaintedHusks+1","HollowMod:DashSlash","HollowMod:NewGlowingWomb","HollowMod:CloakDash","HollowMod:DesolateDive+1","HollowMod:NewLittleFool","HollowMod:SoulEater+1","HollowMod:HornetsHelp+1","HollowMod:SlysStrikes","HollowMod:QuirrelsAssistance+1","HollowMod:MothsMistake","HollowMod:MawleksShell"],"relics":["HollowMod:VesselMask","War Paint","Toy Ornithopter","Ornamental Fan","Orichalcum","Philosopher\u0027s Stone","Shovel","Ancient Tea Set","Pen Nib"],"acts_visited":["Exordium","TheCity"],"potions_floor_usage":[5,18,22,23,27],"damage_taken":[{"damage":0,"enemies":"2 Louse","floor":1,"turns":2},{"damage":7,"enemies":"Small Slimes","floor":3,"turns":3},{"damage":5,"enemies":"Cultist","floor":4,"turns":3},{"damage":34,"enemies":"Exordium Thugs","floor":5,"turns":6},{"damage":10,"enemies":"HollowMod:MossKnight","floor":6,"turns":9},{"damage":6,"enemies":"Large Slime","floor":8,"turns":7},{"damage":23,"enemies":"Lagavulin","floor":12,"turns":5},{"damage":3,"enemies":"HollowMod:MossKnight","floor":14,"turns":5},{"damage":32,"enemies":"Hexaghost","floor":16,"turns":9},{"damage":7,"enemies":"3 Byrds","floor":18,"turns":4},{"damage":4,"enemies":"Chosen","floor":20,"turns":4},{"damage":26,"enemies":"Sentry and Sphere","floor":22,"turns":4},{"damage":46,"enemies":"Gremlin Leader","floor":23,"turns":6},{"damage":39,"enemies":"Shelled Parasite and Fungi","floor":24,"turns":6},{"damage":47,"enemies":"Book of Stabbing","floor":27,"turns":5}],"seed_played":"-3851534792652032571","potions_obtained":[{"floor":4,"key":"DuplicationPotion"},{"floor":6,"key":"Swift Potion"},{"floor":20,"key":"Fire Potion"},{"floor":22,"key":"PowerPotion"},{"floor":23,"key":"sneckomod:MuddlingPotion"}],"is_trial":false,"path_per_floor":["M","?","M","M","M","E","R","M","T","R","?","E","R","E","R","B",null,"M","?","M","$","M","E","M","R","T","E"],"character_chosen":"THE_BUGKNIGHT","items_purchased":["Shovel"],"campfire_rested":1,"item_purchase_floors":[21],"current_hp_per_floor":[82,75,74,79,57,59,59,65,65,65,65,42,42,49,49,29,82,81,81,82,82,62,33,4,28,28,0,0],"gold":91,"neow_bonus":"TEN_PERCENT_HP_BONUS","is_daily":false,"chose_seed":false,"campfire_upgraded":4,"win_rate":0.0,"timestamp":1613304869,"path_taken":["M","?","M","M","M","E","R","M","T","R","?","E","R","E","R","BOSS","M","?","M","?","M","E","M","R","T","E"],"items_purchased_type":["Relic"],"build_version":"2020-12-22","purchased_purges":1,"victory":false,"max_hp_per_floor":[82,82,82,82,82,82,82,82,82,82,82,82,82,82,82,82,82,82,82,82,82,82,82,82,82,82,82,82],"card_choices":[{"not_picked":["HollowMod:WraithStrike","HollowMod:SoulVessel"],"picked":"HollowMod:TaintedHusks","floor":1},{"not_picked":["HollowMod:SiblingsSouls","HollowMod:HowlingWraiths"],"picked":"HollowMod:DashSlash","floor":3},{"not_picked":["HollowMod:CoiledNail","HollowMod:NewJinnsSoul"],"picked":"HollowMod:NewGlowingWomb","floor":4},{"not_picked":["HollowMod:SoulStrike","HollowMod:WraithStrike"],"picked":"HollowMod:CloakDash","floor":5},{"not_picked":["HollowMod:DoubleDash","HollowMod:WraithStrike"],"picked":"HollowMod:DesolateDive","floor":6},{"not_picked":["HollowMod:RecoilStrike","HollowMod:SoulStrike"],"picked":"HollowMod:NewLittleFool","floor":8},{"not_picked":["HollowMod:ShapeofUnn","HollowMod:ShadowDash"],"picked":"HollowMod:SoulEater","floor":12},{"not_picked":["HollowMod:HuntersJournal","HollowMod:SiblingsSouls"],"picked":"HollowMod:HornetsHelp","floor":14},{"not_picked":["HollowMod:ElderbugsWisdom","HollowMod:HornetsHelp"],"picked":"HollowMod:SlysStrikes","floor":16},{"not_picked":["HollowMod:SiblingsSouls","HollowMod:SoulVessel"],"picked":"HollowMod:QuirrelsAssistance+1","floor":18},{"not_picked":["HollowMod:CornifersMapStart","HollowMod:HeavyBlow+1"],"picked":"HollowMod:MothsMistake","floor":20},{"not_picked":["HollowMod:AbyssShriek","HollowMod:MonarchWings"],"picked":"HollowMod:MawleksShell","floor":22},{"not_picked":["HollowMod:CycloneSlash","HollowMod:VengefulVoid","HollowMod:FastStrike"],"picked":"SKIP","floor":23},{"not_picked":["HollowMod:SoulShaman+1","HollowMod:WraithStrike","HollowMod:ChannelNail+1"],"picked":"SKIP","floor":24}],"player_experience":1147152,"relics_obtained":[{"floor":6,"key":"War Paint"},{"floor":9,"key":"Toy Ornithopter"},{"floor":12,"key":"Ornamental Fan"},{"floor":14,"key":"Orichalcum"},{"floor":23,"key":"Ancient Tea Set"},{"floor":26,"key":"Pen Nib"}],"event_choices":[{"cards_removed":["HollowMod:NailStrikeStart"],"damage_healed":0,"gold_gain":0,"player_choice":"Card Removal","damage_taken":7,"max_hp_gain":0,"max_hp_loss":0,"event_name":"Golden Wing","floor":2,"gold_loss":0},{"cards_removed":["HollowMod:QuickDashStart"],"damage_healed":0,"gold_gain":0,"player_choice":"Offered Basic","damage_taken":0,"max_hp_gain":0,"max_hp_loss":0,"event_name":"Bonfire Elementals","floor":11,"gold_loss":0},{"damage_healed":0,"gold_gain":0,"player_choice":"Bet on Murderer","damage_taken":0,"max_hp_gain":0,"max_hp_loss":0,"event_name":"The Joust","floor":19,"gold_loss":50}],"is_beta":false,"boss_relics":[{"not_picked":["Pandora\u0027s Box","Ectoplasm"],"picked":"Philosopher\u0027s Stone"}],"items_purged_floors":[21],"is_endless":false,"potions_floor_spawned":[4,6,20,22,23],"killed_by":"Book of Stabbing","ascension_level":0}}