{"host":"92wx9z21c4p52du4","time":1613263000,"event":{"mods":["Act Like it!","Arknights","Bard","BaseMod","ChefMod","Elementarium","Evolution","Hallownest","Infinite Spire","Lobotomy","Minty Spire (QoL Compilation)","QueenMod","Relic Stats","Reliquary","Robot Space Explorer","StSLib","SuperFastMode","The Blue Laboratory","The Bug Knight","The Disciple","The Hierophant","The Runesmith","TheSurvivalist"],"gold_per_floor":[117,127,227,227,128,128,163,163,163,179,179,179,179,40,40,170,233,253,378,378,87,87,126,126,126,126,142,177,177,177,26,26,26,26],"floor_reached":33,"language":"ENG","playtime":1597,"items_purged":["QueenMod:Strike","QueenMod:Defend","Hallownest:curseDreamersLament","QueenMod:Strike"],"score":275,"play_id":"6a8f374c-4848-4e11-aff5-b419aea64e55","local_time":"20210213183640","is_ascension_mode":false,"campfire_choices":[{"data":"QueenMod:Recruit","floor":6,"key":"SMITH"},{"floor":8,"key":"REST"},{"floor":13,"key":"REST"},{"data":"QueenMod:GatheringSwarm","floor":15,"key":"SMITH"},{"data":"QueenMod:HonorGuard","floor":24,"key":"SMITH"},{"floor":29,"key":"REST"},{"floor":32,"key":"REST"}],"circlet_count":0,"master_deck":["QueenMod:Strike","QueenMod:Defend","QueenMod:Defend+1","QueenMod:QuickJabs","QueenMod:Recruit+1","QueenMod:Mark","QueenMod:Mark","QueenMod:Garrison","QueenMod:Mark","QueenMod:HonorGuard+1","QueenMod:Gather+1","QueenMod:GatheringSwarm+1","QueenMod:SecretWeapon","QueenMod:Parry+1","QueenMod:BusyBees","Magnetism","QueenMod:ScoutingParty+1","infinitespire:Collect+1","QueenMod:Lunge","QueenMod:EliteSoldiers+1"],"relics":["QueenMod:QueensBanner","EVO:Axolotl","Peace Pipe","Golden Idol","Happy Flower","Toxic Egg 2","Singing Bowl","Tiny House","Hallownest:WatcherSealRelic","infinitespire:PuzzleCube","Bird Faced Urn","infinitespire:WardingShard","reliquary:JackalopeAntler","HandDrill"],"acts_visited":["Exordium","Hallownest:CityofTears"],"potions_floor_usage":[16,18,18,28],"damage_taken":[{"damage":11,"enemies":"ats:Genji","floor":1,"turns":5},{"damage":2,"enemies":"2 Louse","floor":2,"turns":3},{"damage":29,"enemies":"Lagavulin","floor":7,"turns":11},{"damage":0,"enemies":"Small Slimes","floor":10,"turns":4},{"damage":28,"enemies":"The Guardian","floor":16,"turns":15},{"damage":26,"enemies":"Hallownest:3_Youths","floor":18,"turns":12},{"damage":1,"enemies":"Hallownest:Nosk","floor":23,"turns":11},{"damage":6,"enemies":"Hallownest:Flukemon_and_Top","floor":27,"turns":6},{"damage":47,"enemies":"Nightmare","floor":28,"turns":11},{"damage":55,"enemies":"Hallownest:BossMantisLord","floor":33,"turns":7}],"seed_played":"-1349563297014880240","potions_obtained":[{"floor":10,"key":"blueLaboratory:HummingbirdPotion"},{"floor":16,"key":"Swift Potion"},{"floor":17,"key":"AttackPotion"},{"floor":27,"key":"blueLaboratory:BottleOfVodka"}],"is_trial":false,"path_per_floor":["M","M","?","?","$","R","E","R","T","M","?","?","R","$","R","B",null,"M","?","?","$","?","E","R","AVR","T","M","NM","R","?","$","R","B"],"character_chosen":"THE_QUEEN","items_purchased":["QueenMod:Mark","QueenMod:GatheringSwarm","Magnetism","HandDrill"],"campfire_rested":4,"item_purchase_floors":[5,14,21,31],"current_hp_per_floor":[57,55,55,38,38,38,9,29,29,29,22,22,42,42,42,14,75,49,49,49,49,49,48,48,48,48,46,9,31,27,27,49,0,0],"gold":26,"neow_bonus":"ONE_RARE_RELIC","is_daily":false,"chose_seed":false,"campfire_upgraded":3,"win_rate":0.0,"timestamp":1613263000,"path_taken":["M","M","?","?","$","R","E","R","T","M","?","?","R","?","R","BOSS","M","?","?","$","?","E","R","AVR","T","M","NM","R","?","$","R","BOSS"],"items_purchased_type":["Card","Card","Card","Relic"],"build_version":"2020-12-22","purchased_purges":4,"victory":false,"max_hp_per_floor":[68,68,68,68,68,68,68,68,68,68,68,68,68,68,68,68,75,75,75,75,75,75,75,75,75,75,75,75,75,75,75,75,75,75],"relic_stats":{"Peace Pipe":0,"Happy Flower":[22],"Singing Bowl":2,"counters":[10,85],"Golden Idol":96,"Bird Faced Urn":[20],"HandDrill":[4],"obtain_stats":[{"Tiny House":17,"Happy Flower":7,"Singing Bowl":12,"Golden Idol":4,"EVO:Axolotl":0,"Peace Pipe":0,"reliquary:JackalopeAntler":28,"Hallownest:WatcherSealRelic":20,"infinitespire:WardingShard":26,"QueenMod:QueensBanner":0,"Bird Faced Urn":25,"HandDrill":31,"Toxic Egg 2":9,"infinitespire:PuzzleCube":23},{"Tiny House":5,"Happy Flower":3,"Singing Bowl":4,"Golden Idol":2,"EVO:Axolotl":0,"Peace Pipe":0,"reliquary:JackalopeAntler":9,"Hallownest:WatcherSealRelic":6,"infinitespire:WardingShard":7,"QueenMod:QueensBanner":0,"Bird Faced Urn":7,"HandDrill":9,"Toxic Egg 2":3,"infinitespire:PuzzleCube":7},{"Tiny House":38,"Happy Flower":19,"Singing Bowl":23,"Golden Idol":8,"EVO:Axolotl":0,"Peace Pipe":0,"reliquary:JackalopeAntler":78,"Hallownest:WatcherSealRelic":50,"infinitespire:WardingShard":61,"QueenMod:QueensBanner":0,"Bird Faced Urn":61,"HandDrill":78,"Toxic Egg 2":19,"infinitespire:PuzzleCube":61}]},"card_choices":[{"not_picked":["QueenMod:PollenBlast","QueenMod:CrossGuard"],"picked":"QueenMod:Mark","floor":1},{"not_picked":["QueenMod:Rally","QueenMod:Gather"],"picked":"QueenMod:Mark","floor":2},{"not_picked":["QueenMod:PollenBlast","QueenMod:InspiringStrike"],"picked":"QueenMod:Garrison","floor":3},{"not_picked":["QueenMod:HexGuard","QueenMod:PopulateOrder"],"picked":"QueenMod:HonorGuard","floor":7},{"not_picked":["QueenMod:TortureDance+1","QueenMod:HoldPosition+1"],"picked":"QueenMod:Gather+1","floor":10},{"not_picked":["QueenMod:TortureDance+1","QueenMod:Knighting+1"],"picked":"QueenMod:SecretWeapon","floor":16},{"not_picked":["QueenMod:Flyby","QueenMod:WarriorDrones","QueenMod:HoneycombSmash"],"picked":"Singing Bowl","floor":17},{"not_picked":["QueenMod:Charge","QueenMod:PollenBlast+1"],"picked":"QueenMod:Parry+1","floor":18},{"not_picked":["QueenMod:HexGuard+1","QueenMod:DefendOrder+1"],"picked":"QueenMod:BusyBees","floor":19},{"not_picked":["QueenMod:HoldPosition+1","QueenMod:Mark+1"],"picked":"QueenMod:ScoutingParty+1","floor":23},{"not_picked":["QueenMod:Ravage","QueenMod:HexGuard+1"],"picked":"QueenMod:Lunge","floor":27},{"not_picked":["QueenMod:DignifiedSlap","QueenMod:PollenBlast"],"picked":"QueenMod:EliteSoldiers+1","floor":28}],"player_experience":271381,"relics_obtained":[{"floor":7,"key":"Happy Flower"},{"floor":9,"key":"Toxic Egg 2"},{"floor":12,"key":"Singing Bowl"},{"floor":23,"key":"infinitespire:PuzzleCube"},{"floor":26,"key":"infinitespire:WardingShard"},{"floor":28,"key":"reliquary:JackalopeAntler"}],"event_choices":[{"damage_healed":0,"gold_gain":0,"player_choice":"Take Damage","damage_taken":17,"relics_obtained":["Golden Idol"],"max_hp_gain":0,"max_hp_loss":0,"event_name":"Golden Idol","floor":4,"gold_loss":0},{"cards_removed":["QueenMod:Defend"],"damage_healed":0,"gold_gain":0,"player_choice":"Card Removal","damage_taken":7,"max_hp_gain":0,"max_hp_loss":0,"event_name":"Golden Wing","floor":11,"gold_loss":0}],"is_beta":false,"boss_relics":[{"not_picked":["reliquary:KinkedSpring","Runic Dome"],"picked":"Tiny House"}],"items_purged_floors":[5,14,21,25],"is_endless":true,"potions_floor_spawned":[10,16,27],"killed_by":"Hallownest:BossMantisLord","ascension_level":0}}