{"host":"3hzk4hwwdropes3d","time":1613282566,"event":{"mods":["BaseMod","Downfall","Hermit","Minty Spire (QoL Compilation)","StSLib"],"gold_per_floor":[109,187,10,28,28,28,28],"floor_reached":6,"language":"ENG","playtime":229,"items_purged":[],"score":39,"play_id":"c2fe2384-1ca5-4f9e-9d83-7be5d5446fb4","local_time":"20210213220246","is_ascension_mode":true,"campfire_choices":[],"circlet_count":0,"master_deck":["hermit:Strike_Hermit","hermit:Strike_Hermit","hermit:Strike_Hermit","hermit:Strike_Hermit","hermit:Defend_Hermit","hermit:Defend_Hermit","hermit:Defend_Hermit","hermit:Defend_Hermit","hermit:Snapshot","hermit:Covet","hermit:RoundhouseKick","hermit:Glare","hermit:Deadeye","hermit:Ricochet"],"relics":["hermit:Momento","Strawberry","hermit:Horseshoe"],"acts_visited":["Exordium"],"potions_floor_usage":[],"damage_taken":[{"damage":0,"enemies":"Cultist","floor":1,"turns":3},{"damage":12,"enemies":"Small Slimes","floor":4,"turns":2},{"damage":20,"enemies":"3 Sentries","floor":6,"turns":4}],"seed_played":"2541635015124325442","potions_obtained":[{"floor":4,"key":"SpeedPotion"}],"is_trial":false,"path_per_floor":["M","?","$","M","?","E"],"character_chosen":"HERMIT","items_purchased":["hermit:Deadeye","Strawberry"],"campfire_rested":0,"item_purchase_floors":[3,3],"current_hp_per_floor":[54,54,61,49,49,29,29],"gold":28,"neow_bonus":"THREE_RARE_CARDS","is_daily":false,"chose_seed":false,"campfire_upgraded":0,"win_rate":0.0,"timestamp":1613282566,"path_taken":["M","?","$","M","?","E"],"items_purchased_type":["Card","Relic"],"build_version":"2020-12-22","purchased_purges":0,"victory":false,"max_hp_per_floor":[75,75,82,82,82,82,82],"card_choices":[{"not_picked":["hermit:HeroicBravado","hermit:EternalForm"],"picked":"hermit:RoundhouseKick","floor":0},{"not_picked":["hermit:WideOpen","hermit:SprayPray"],"picked":"hermit:Glare","floor":1},{"not_picked":["hermit:CalledShot","hermit:WideOpen"],"picked":"hermit:Ricochet","floor":4}],"player_experience":393689,"relics_obtained":[],"event_choices":[{"damage_healed":0,"gold_gain":78,"player_choice":"Gained Gold","damage_taken":0,"max_hp_gain":0,"max_hp_loss":0,"event_name":"Golden Wing","floor":2,"gold_loss":0},{"damage_healed":0,"gold_gain":0,"player_choice":"Gave Potion","damage_taken":0,"relics_obtained":["hermit:Horseshoe"],"max_hp_gain":0,"max_hp_loss":0,"event_name":"WeMeetAgain","floor":5,"gold_loss":0}],"is_beta":false,"boss_relics":[],"items_purged_floors":[],"is_endless":false,"potions_floor_spawned":[4],"killed_by":"3 Sentries","ascension_level":3}}