{"host":"krw8blyxua7at9ak","time":1613323901,"event":{"mods":["BaseMod","Highlight Path","Minty Spire (QoL Compilation)","ojb\u0027s Info Mod"],"gold_per_floor":[115,190,23,23,33,63,63,74,97,123,136,169,169,169,169,243,243,253,178,178,7,17,17,17,17],"floor_reached":24,"language":"ENG","playtime":855,"items_purged":[],"score":524,"play_id":"238c8b2f-d496-4c67-81f9-5612688afa02","local_time":"20210214183141","is_ascension_mode":true,"campfire_choices":[{"data":"Doppelganger","floor":7.0,"key":"SMITH"},{"data":"Dash","floor":13.0,"key":"SMITH"},{"data":"Neutralize","floor":15.0,"key":"SMITH"},{"data":"Venomology","floor":23.0,"key":"SMITH"}],"circlet_count":0,"master_deck":["AscendersBane","Strike_G","Strike_G","Strike_G","Strike_G","Defend_G","Defend_G+1","Defend_G","Defend_G","Survivor","Neutralize+1","Backstab","Doppelganger+1","Dash+1","Masterful Stab","Calculated Gamble+1","Venomology+1","Writhe","Heel Hook+1"],"relics":["Ring of the Snake","NeowsBlessing","ClockworkSouvenir","Juzu Bracelet","Toy Ornithopter","StrikeDummy","Regal Pillow","Ornamental Fan","Black Star","War Paint","OrangePellets"],"acts_visited":["Exordium","TheCity"],"potions_floor_usage":[24,24],"damage_taken":[{"damage":0.0,"enemies":"Jaw Worm","floor":1.0,"turns":1.0},{"damage":0.0,"enemies":"Small Slimes","floor":5.0,"turns":1.0},{"damage":0.0,"enemies":"Lagavulin","floor":6.0,"turns":1.0},{"damage":0.0,"enemies":"Cultist","floor":8.0,"turns":2.0},{"damage":14.0,"enemies":"3 Sentries","floor":10.0,"turns":9.0},{"damage":0.0,"enemies":"Large Slime","floor":11.0,"turns":3.0},{"damage":0.0,"enemies":"Lagavulin","floor":12.0,"turns":6.0},{"damage":38.0,"enemies":"Hexaghost","floor":16.0,"turns":12.0},{"damage":0.0,"enemies":"Spheric Guardian","floor":18.0,"turns":3.0},{"damage":3.0,"enemies":"2 Thieves","floor":22.0,"turns":4.0},{"damage":71,"enemies":"Slavers","floor":24,"turns":11}],"seed_played":"3913089274927942534","potions_obtained":[{"floor":6.0,"key":"Weak Potion"},{"floor":10.0,"key":"BlessingOfTheForge"},{"floor":11.0,"key":"FearPotion"},{"floor":12.0,"key":"Poison Potion"},{"floor":16.0,"key":"Swift Potion"},{"floor":22.0,"key":"Block Potion"}],"is_trial":false,"path_per_floor":["M","?","$","?","M","E","R","M","T","E","M","E","R","T","R","B",null,"M","?","?","$","M","R","E"],"character_chosen":"THE_SILENT","items_purchased":["ClockworkSouvenir","OrangePellets"],"campfire_rested":0,"item_purchase_floors":[3,21],"current_hp_per_floor":[59,48,48,48,48,48,48,48,48,34,34,39,39,39,39,11,52,57,57,57,57,59,59,0,0],"gold":17,"neow_bonus":"THREE_ENEMY_KILL","is_daily":false,"chose_seed":false,"campfire_upgraded":4,"win_rate":0.0,"timestamp":1613323901,"path_taken":["M","?","$","?","M","E","R","M","T","E","M","E","R","?","R","BOSS","M","?","?","$","M","R","E"],"items_purchased_type":["Relic","Relic"],"build_version":"2020-12-22","purchased_purges":0,"victory":false,"max_hp_per_floor":[66,66,66,66,66,66,66,66,66,66,66,66,66,66,66,66,66,66,66,66,66,66,66,66,66],"card_choices":[{"not_picked":["Dodge and Roll","Prepared"],"picked":"Backstab","floor":1.0},{"not_picked":["Escape Plan","Eviscerate"],"picked":"Dash","floor":5.0},{"not_picked":["Crippling Poison","Outmaneuver"],"picked":"Masterful Stab","floor":6.0},{"not_picked":["Poisoned Stab","Crippling Poison"],"picked":"Calculated Gamble","floor":8.0},{"not_picked":["Concentrate","Dodge and Roll","Flying Knee"],"picked":"SKIP","floor":10.0},{"not_picked":["Poisoned Stab","Slice","Acrobatics"],"picked":"SKIP","floor":11.0},{"not_picked":["Acrobatics","Underhanded Strike","Backflip"],"picked":"SKIP","floor":12.0},{"not_picked":["Storm of Steel","Tools of the Trade"],"picked":"Venomology","floor":16.0},{"not_picked":["Slice","Underhanded Strike","Acrobatics"],"picked":"SKIP","floor":18.0},{"not_picked":["Poisoned Stab","Crippling Poison"],"picked":"Heel Hook+1","floor":22.0}],"player_experience":413153,"relics_obtained":[{"floor":6.0,"key":"Juzu Bracelet"},{"floor":9.0,"key":"Toy Ornithopter"},{"floor":10.0,"key":"StrikeDummy"},{"floor":12.0,"key":"Regal Pillow"},{"floor":14.0,"key":"Ornamental Fan"}],"event_choices":[{"damage_healed":0.0,"max_hp_gain":0.0,"max_hp_loss":0.0,"gold_gain":75.0,"event_name":"World of Goop","player_choice":"Gather Gold","floor":2.0,"gold_loss":0.0,"damage_taken":11.0},{"damage_healed":0.0,"max_hp_gain":0.0,"max_hp_loss":0.0,"gold_gain":0.0,"cards_transformed":["Defend_G"],"event_name":"Living Wall","player_choice":"Change","floor":4.0,"gold_loss":0.0,"damage_taken":0.0,"cards_obtained":["Doppelganger"]},{"cards_removed":["Strike_G"],"damage_healed":0.0,"max_hp_gain":0.0,"max_hp_loss":0.0,"gold_gain":0.0,"event_name":"Beggar","player_choice":"Gave Gold","floor":19.0,"gold_loss":75.0,"damage_taken":0.0},{"damage_healed":0.0,"max_hp_gain":0.0,"max_hp_loss":0.0,"gold_gain":0.0,"event_name":"The Mausoleum","player_choice":"Opened","floor":20.0,"gold_loss":0.0,"damage_taken":0.0,"relics_obtained":["War Paint"],"cards_obtained":["Writhe"]}],"is_beta":false,"boss_relics":[{"not_picked":["Ring of the Serpent","Astrolabe"],"picked":"Black Star"}],"items_purged_floors":[],"is_endless":false,"potions_floor_spawned":[6,10,11,12,16,22],"killed_by":"Slavers","ascension_level":20}}