{"host":"8e3sp1tozjyrh64l","time":1613345917,"event":{"mods":["Act Like it!","BaseMod","Better Altar","Better Match","Better Note","Better Sensory Stone","Better Silent Start","Better Skull","Better Third Choice","BetterRewards","Conspire","Curses Come First","Defuse TimeMaze Blight","Infinite Spire","Minty Spire (QoL Compilation)","Permanent Neow","Rare Cards Sparkle","Relic Sorter","Reliquary","Replay The Spire","Shop Mod","Spicy Shops","StSLib","SuperFastMode","The Jungle","Wandering Minibosses"],"gold_per_floor":[116,116,131,148,172,172,198,198,224,256,290,290,337,366,366,488,488,517,73,348,348,348,399,434,434,459,506,540,540,584,607,607,728,728,758,773,402,426,426,426,460,460,487,523,523,523,523,535,535],"floor_reached":48,"language":"ENG","playtime":1250,"items_purged":["Regret"],"score":602,"play_id":"c6eea394-559f-4b51-a782-d9c9c0a8e087","local_time":"20210214163837","is_ascension_mode":true,"campfire_choices":[{"data":"Toxin Wave","floor":6,"key":"SMITH"},{"data":"Neutralize","floor":8,"key":"SMITH"},{"data":"Blade Dance","floor":12,"key":"SMITH"},{"data":"Dagger Spray","floor":15,"key":"SMITH"},{"data":"Sadistic Nature","floor":25,"key":"SMITH"},{"data":"Terror","floor":32,"key":"SMITH"},{"data":"Panacea","floor":40,"key":"SMITH"},{"data":"conspire:Banana","floor":46,"key":"SMITH"}],"circlet_count":0,"master_deck":["Strike_G","Strike_G","Strike_G","Strike_G","Defend_G","Defend_G","Defend_G","Defend_G","Survivor","Neutralize+1","Toxin Wave+1","Blade Dance+1","Malaise","Dagger Spray+1","After Image","Sadistic Nature+1","Accuracy","After Image","Terror+1","Fluid Movement+1","Noxious Fumes+1","All Out Attack+1","ReplayUltimateDefense+1","Sadistic Nature+1","Panacea+1","conspire:Banana+1","Fluid Movement+1"],"relics":["Ring of the Snake","Pen Nib","Replay:Bandana","infinitespire:Lucky Rock","Orichalcum","conspire:SpecialSausage","infinitespire:ShieldingShard","theJungle:WildMango","Ancient Tea Set","Vajra","theJungle:BirthdayCakeSlice","Golden Egg","Tiny Chest","HoveringKite","MerchantsRug","Lantern","ReplayTheSpireMod:ShopPack","PreservedInsect","Frozen Egg 2","reliquary:FerryPass","Replay:WaspNest"],"acts_visited":["Exordium","Exordium","TheBeyond"],"potions_floor_usage":[7,10,13,33,33,41],"damage_taken":[{"damage":0,"enemies":"Small Slimes","floor":1,"turns":4},{"damage":4,"enemies":"Cultist","floor":3,"turns":4},{"damage":4,"enemies":"Jaw Worm","floor":4,"turns":4},{"damage":8,"enemies":"Gremlin Nob","floor":7,"turns":4},{"damage":2,"enemies":"Exordium Wildlife","floor":10,"turns":4},{"damage":0,"enemies":"3 Louse","floor":11,"turns":3},{"damage":11,"enemies":"3 Sentries","floor":13,"turns":6},{"damage":5,"enemies":"Large Slime","floor":14,"turns":4},{"damage":23,"enemies":"The Guardian","floor":16,"turns":12},{"damage":0,"enemies":"theJungle:Flameango_and_Byrd","floor":18,"turns":5},{"damage":5,"enemies":"theJungle:2_Phrogs","floor":23,"turns":7},{"damage":11,"enemies":"theJungle:GiantWrat","floor":24,"turns":4},{"damage":23,"enemies":"Nightmare","floor":27,"turns":5},{"damage":11,"enemies":"Snake Plant","floor":28,"turns":3},{"damage":14,"enemies":"theJungle:Cassacara","floor":30,"turns":5},{"damage":8,"enemies":"theJungle:QueenSpyder","floor":33,"turns":8},{"damage":0,"enemies":"Orb Walker","floor":35,"turns":3},{"damage":14,"enemies":"3 Shapes","floor":36,"turns":5},{"damage":4,"enemies":"3 Darklings","floor":38,"turns":5},{"damage":10,"enemies":"Maw","floor":41,"turns":6},{"damage":10,"enemies":"R_Hoarder","floor":44,"turns":6},{"damage":115,"enemies":"Transient","floor":48,"turns":4}],"seed_played":"-7298403588129095913","potions_obtained":[{"floor":1,"key":"Venom Potion"},{"floor":2,"key":"DuplicationPotion"},{"floor":2,"key":"Regen Potion"},{"floor":2,"key":"LifebloodPotion"},{"floor":7,"key":"BlessingOfTheForge"},{"floor":11,"key":"SkillPotion"},{"floor":13,"key":"Swift Potion"},{"floor":35,"key":"Energy Potion"},{"floor":41,"key":"Block Potion"}],"is_trial":false,"path_per_floor":["M","?","M","M","T","R","E","R","T","M","M","R","E","M","R","B",null,"M","$","?","?","?","E","M","R","T","NM","M","?","E","T","R","B",null,"M","M","$","M","AVR","R","M","?","T","E","?","R","T","M"],"character_chosen":"THE_SILENT","items_purchased":["Sadistic Nature","infinitespire:ShieldingShard","MerchantsRug","Noxious Fumes","Lantern"],"campfire_rested":0,"item_purchase_floors":[19,19,37,37,37],"current_hp_per_floor":[77,77,73,69,69,69,61,61,61,59,59,59,48,43,43,20,77,77,77,77,77,91,86,75,75,75,52,41,46,32,32,32,39,96,96,82,82,78,78,78,68,68,68,59,59,59,59,0,0],"gold":535,"neow_bonus":"TEN_PERCENT_HP_BONUS","is_daily":false,"chose_seed":false,"campfire_upgraded":8,"win_rate":0.0,"timestamp":1613345917,"path_taken":["M","?","?","M","?","R","E","R","T","M","M","R","E","M","R","BOSS","M","$","?","?","?","E","M","R","T","NM","M","?","E","?","R","BOSS","M","M","$","?","AVR","R","M","?","T","E","?","R","?","M"],"items_purchased_type":["Card","Relic","Relic","Card","Relic"],"build_version":"2020-12-22","purchased_purges":1,"victory":false,"max_hp_per_floor":[77,77,77,77,77,77,77,77,77,77,77,77,77,77,77,77,77,77,77,77,77,91,91,91,91,91,91,91,96,96,96,96,96,96,96,96,96,96,96,96,96,96,96,97,97,97,97,99,99],"card_choices":[{"not_picked":["ReplayTheSpireMod:Exploit Weakness","Heel Hook"],"picked":"Toxin Wave","floor":1},{"not_picked":["Reflex","Sucker Punch","Deadly Poison"],"picked":"SKIP","floor":3},{"not_picked":["Flechettes","Cloak And Dagger"],"picked":"Blade Dance","floor":4},{"not_picked":["Deadly Poison","Tactician","Blur"],"picked":"SKIP","floor":7},{"not_picked":["Hidden Blade","Outmaneuver","Calculated Gamble"],"picked":"SKIP","floor":10},{"not_picked":["ReplayTheSpireMod:The Works","Predator","Bouncing Flask"],"picked":"SKIP","floor":11},{"not_picked":["Predator","Blade Dance"],"picked":"Malaise","floor":13},{"not_picked":["Outmaneuver","Calculated Gamble"],"picked":"Dagger Spray","floor":14},{"not_picked":["Corpse Explosion","Poison Darts"],"picked":"After Image","floor":16},{"not_picked":["Quick Slash","Finisher","Dagger Throw+1"],"picked":"SKIP","floor":18},{"not_picked":["PiercingWail","Deflect"],"picked":"Accuracy","floor":23},{"not_picked":["Deadly Poison","Concentrate","Dagger Throw+1"],"picked":"SKIP","floor":24},{"not_picked":["conspire:DoublingDagger","Sucker Punch"],"picked":"After Image","floor":27},{"not_picked":["Cloak And Dagger+1","Deflect+1"],"picked":"Terror","floor":28},{"not_picked":["Hidden Blade","Tactician","Dagger Throw+1"],"picked":"SKIP","floor":30},{"not_picked":["Dodge and Roll+1","Bane"],"picked":"Fluid Movement+1","floor":35},{"not_picked":["Deadly Poison","Finisher+1","Calculated Gamble"],"picked":"SKIP","floor":36},{"not_picked":["Hidden Blade","Cloak And Dagger+1","All Out Attack+1"],"picked":"SKIP","floor":38},{"not_picked":["Hidden Blade","Cloak And Dagger+1"],"picked":"All Out Attack+1","floor":38},{"not_picked":["Chrysalis","Magnetism"],"picked":"ReplayUltimateDefense","floor":39},{"not_picked":["Forethought","Dark Shackles"],"picked":"Sadistic Nature","floor":39},{"not_picked":["Bandage Up","Madness"],"picked":"Panacea","floor":39},{"not_picked":["Poisoned Stab","Sucker Punch+1","Slice+1"],"picked":"SKIP","floor":41},{"not_picked":["Replay:Bootleg Shield Generator","ReplayTheSpireMod:Trickstab"],"picked":"conspire:Banana","floor":42},{"not_picked":["Reflex+1","Blade Dance"],"picked":"Fluid Movement+1","floor":44}],"player_experience":937638,"relics_obtained":[{"floor":5,"key":"Pen Nib"},{"floor":7,"key":"Replay:Bandana"},{"floor":9,"key":"infinitespire:Lucky Rock"},{"floor":13,"key":"Orichalcum"},{"floor":23,"key":"Ancient Tea Set"},{"floor":26,"key":"Vajra"},{"floor":30,"key":"Golden Egg"},{"floor":31,"key":"Tiny Chest"},{"floor":43,"key":"PreservedInsect"},{"floor":44,"key":"Frozen Egg 2"},{"floor":47,"key":"Replay:WaspNest"}],"event_choices":[{"damage_healed":0,"gold_gain":0,"player_choice":"Got Potions","damage_taken":0,"max_hp_gain":0,"max_hp_loss":0,"event_name":"Lab","floor":2,"gold_loss":0},{"damage_healed":0,"gold_gain":275,"player_choice":"Desecrate","damage_taken":0,"max_hp_gain":0,"max_hp_loss":0,"event_name":"Golden Shrine","floor":20,"gold_loss":0,"cards_obtained":["Regret"]},{"damage_healed":0,"gold_gain":0,"player_choice":"Ignored","damage_taken":0,"max_hp_gain":0,"max_hp_loss":0,"event_name":"betterNote:BetterNote","floor":21,"gold_loss":0,"cards_obtained":["Trip"]},{"damage_healed":0,"gold_gain":3,"player_choice":"1","damage_taken":0,"max_hp_gain":0,"max_hp_loss":0,"event_name":"betterStone:BetterStone","floor":42,"gold_loss":0},{"damage_healed":0,"gold_gain":0,"player_choice":"Gave Potion","damage_taken":0,"relics_obtained":["reliquary:FerryPass"],"max_hp_gain":0,"max_hp_loss":0,"event_name":"WeMeetAgain","floor":45,"gold_loss":0}],"is_beta":false,"boss_relics":[{"not_picked":["reliquary:WritOfMandamus","Runic Dome"],"picked":"conspire:SpecialSausage"},{"not_picked":["ReplayTheSpireMod:SealedPack","reliquary:RedPaperclip"],"picked":"HoveringKite"}],"items_purged_floors":[39],"is_endless":true,"potions_floor_spawned":[1,7,11,13,23,28,35,41],"killed_by":"Transient","ascension_level":1}}