{"host":"af4pzp5tm7cfibaw","time":1613344057,"event":{"mods":["AchievementEnabler","BaseMod","BetterRewards","Highlight Path","Minty Spire (QoL Compilation)","StSLib","SuperFastMode"],"gold_per_floor":[111,111,130,148,159,159,184,164,211,211,225,244,255,269,269,365,365,376,376,376,59,69,69,17,17,17,32,46,46,46,60,60,158,158,178,193,41,54,70,70,86,86,86,86,86,86,17,35,35,35,35],"floor_reached":50,"language":"ENG","playtime":1803,"items_purged":["Defend_P"],"score":498,"play_id":"20e6a6ca-d3eb-485a-8c3d-a2356b32fdae","local_time":"20210215120737","is_ascension_mode":false,"campfire_choices":[{"data":"ReachHeaven","floor":6.0,"key":"SMITH"},{"data":"Blasphemy","floor":10.0,"key":"SMITH"},{"floor":15.0,"key":"REST"},{"data":"CutThroughFate","floor":23.0,"key":"SMITH"},{"data":"Eruption","floor":25.0,"key":"SMITH"},{"floor":29.0,"key":"REST"},{"floor":32.0,"key":"REST"},{"floor":40.0,"key":"REST"},{"floor":42.0,"key":"REST"},{"floor":45.0,"key":"REST"},{"floor":49,"key":"REST"}],"circlet_count":0,"master_deck":["Strike_P","Strike_P","Strike_P","Defend_P","Defend_P","Defend_P","Eruption+1","Vigilance","ReachHeaven+1","CrushJoints","Indignation","SashWhip","Blasphemy+1","BattleHymn","FollowUp","Protect","EmptyFist","DevaForm","CutThroughFate+1","Metamorphosis+1","Evaluate+1","ThirdEye","Sanctity","CutThroughFate","EmptyBody","Scrawl","CrushJoints","ClearTheMind+1","Ragnarok","BattleHymn","Parasite","Collect+1","Fasting2","CarveReality"],"relics":["PureWater"],"acts_visited":["Exordium","TheCity","TheBeyond"],"potions_floor_usage":[48],"damage_taken":[{"damage":0.0,"enemies":"Cultist","floor":1.0,"turns":5.0},{"damage":0.0,"enemies":"Jaw Worm","floor":3.0,"turns":2.0},{"damage":0.0,"enemies":"2 Louse","floor":4.0,"turns":2.0},{"damage":0.0,"enemies":"2 Fungi Beasts","floor":5.0,"turns":4.0},{"damage":16.0,"enemies":"Lagavulin","floor":7.0,"turns":6.0},{"damage":0.0,"enemies":"Red Slaver","floor":11.0,"turns":2.0},{"damage":11.0,"enemies":"Exordium Thugs","floor":12.0,"turns":2.0},{"damage":7.0,"enemies":"Blue Slaver","floor":13.0,"turns":2.0},{"damage":3.0,"enemies":"Exordium Wildlife","floor":14.0,"turns":3.0},{"damage":0.0,"enemies":"Slime Boss","floor":16.0,"turns":3.0},{"damage":12.0,"enemies":"2 Thieves","floor":18.0,"turns":2.0},{"damage":10.0,"enemies":"Shell Parasite","floor":22.0,"turns":3.0},{"damage":4.0,"enemies":"Snecko","floor":27.0,"turns":3.0},{"damage":28.0,"enemies":"Shelled Parasite and Fungi","floor":28.0,"turns":4.0},{"damage":23.0,"enemies":"Sentry and Sphere","floor":31.0,"turns":4.0},{"damage":39.0,"enemies":"Collector","floor":33.0,"turns":7.0},{"damage":2.0,"enemies":"Orb Walker","floor":35.0,"turns":2.0},{"damage":14.0,"enemies":"3 Shapes","floor":36.0,"turns":4.0},{"damage":8.0,"enemies":"Writhing Mass","floor":38.0,"turns":3.0},{"damage":43.0,"enemies":"Sphere and 2 Shapes","floor":39.0,"turns":6.0},{"damage":31.0,"enemies":"3 Darklings","floor":41.0,"turns":5.0},{"damage":71,"enemies":"Transient","floor":48,"turns":5},{"damage":46,"enemies":"Time Eater","floor":50,"turns":4}],"seed_played":"6536130662167577082","potions_obtained":[{"floor":1.0,"key":"BottledMiracle"},{"floor":4.0,"key":"LiquidMemories"},{"floor":8.0,"key":"LiquidMemories"},{"floor":12.0,"key":"AttackPotion"},{"floor":16.0,"key":"SpeedPotion"},{"floor":27.0,"key":"Regen Potion"},{"floor":28.0,"key":"GamblersBrew"},{"floor":41.0,"key":"Regen Potion"}],"is_trial":false,"path_per_floor":["M","?","M","M","M","R","E","?","T","R","M","M","M","M","R","B",null,"M","?","?","$","M","R","$","R","T","M","M","R","?","M","R","B",null,"M","M","$","M","M","R","M","R","T","?","R","T","$","M","R","B"],"character_chosen":"WATCHER","items_purchased":["CutThroughFate","Metamorphosis","ThirdEye","Ragnarok","BattleHymn","Fasting2"],"campfire_rested":7,"item_purchase_floors":[21,21,24,37,37,47],"current_hp_per_floor":[79,84,84,84,84,84,68,68,68,68,68,57,50,47,72,72,84,72,72,72,72,62,62,62,62,62,58,42,67,67,44,69,30,84,82,68,68,60,17,42,11,36,36,36,61,61,61,5,30,0,0],"gold":35,"neow_bonus":"TEN_PERCENT_HP_BONUS","is_daily":false,"chose_seed":false,"campfire_upgraded":4,"win_rate":0.0,"timestamp":1613344057,"path_taken":["M","?","M","M","M","R","E","?","T","R","M","?","M","?","R","BOSS","M","?","?","$","M","R","$","R","T","M","M","R","?","M","R","BOSS","M","M","$","M","M","R","M","R","T","?","R","?","?","M","R","BOSS"],"items_purchased_type":["Card","Card","Card","Card","Card","Card"],"build_version":"2020-12-22","purchased_purges":1,"victory":false,"max_hp_per_floor":[79,84,84,84,84,84,84,84,84,84,84,84,84,84,84,84,84,84,84,84,84,84,84,84,84,84,84,84,84,84,84,84,84,84,84,84,84,84,84,84,84,84,84,84,84,84,84,84,84,84,84],"card_choices":[{"not_picked":["MentalFortress","JustLucky"],"picked":"ReachHeaven","floor":1.0},{"not_picked":["PathToVictory","FlurryOfBlows"],"picked":"CrushJoints","floor":3.0},{"not_picked":["EmptyFist","FlurryOfBlows"],"picked":"Indignation","floor":4.0},{"not_picked":["Consecrate","Protect"],"picked":"SashWhip","floor":5.0},{"not_picked":["FollowUp","Fasting2"],"picked":"Blasphemy","floor":7.0},{"not_picked":["Halt","Swivel"],"picked":"BattleHymn","floor":11.0},{"not_picked":["Halt","BowlingBash"],"picked":"FollowUp","floor":12.0},{"not_picked":["WheelKick","Prostrate"],"picked":"Protect","floor":13.0},{"not_picked":["FlurryOfBlows","SashWhip"],"picked":"EmptyFist","floor":14.0},{"not_picked":["Establishment","Blasphemy"],"picked":"DevaForm","floor":16.0},{"not_picked":["WaveOfTheHand","MentalFortress","Halt"],"picked":"SKIP","floor":18.0},{"not_picked":["CrushJoints","LikeWater"],"picked":"Evaluate+1","floor":22.0},{"not_picked":["Halt+1","Study+1"],"picked":"Sanctity","floor":27.0},{"not_picked":["EmptyBody","JustLucky+1"],"picked":"CutThroughFate","floor":28.0},{"not_picked":["FlyingSleeves","SignatureMove"],"picked":"EmptyBody","floor":31.0},{"not_picked":["Blasphemy","MasterReality"],"picked":"Scrawl","floor":33.0},{"not_picked":["Protect+1","FlurryOfBlows"],"picked":"CrushJoints","floor":35.0},{"not_picked":["JustLucky+1","PathToVictory+1"],"picked":"ClearTheMind+1","floor":36.0},{"not_picked":["InnerPeace+1","Perseverance+1","Halt+1"],"picked":"SKIP","floor":38.0},{"not_picked":["BowlingBash","LikeWater"],"picked":"Collect+1","floor":39.0},{"not_picked":["EmptyFist","FlurryOfBlows","MentalFortress+1"],"picked":"SKIP","floor":41.0},{"not_picked":["Perseverance","PathToVictory+1"],"picked":"CarveReality","floor":48}],"player_experience":319102,"relics_obtained":[],"event_choices":[{"damage_healed":0.0,"max_hp_gain":5.0,"max_hp_loss":0.0,"gold_gain":0.0,"event_name":"Big Fish","player_choice":"Donut","floor":2.0,"gold_loss":0.0,"damage_taken":0.0},{"damage_healed":0.0,"max_hp_gain":0.0,"max_hp_loss":0.0,"gold_gain":0.0,"event_name":"The Woman in Blue","player_choice":"Bought 1 Potion","floor":8.0,"gold_loss":0.0,"damage_taken":0.0},{"cards_removed":["Strike_P"],"damage_healed":0.0,"max_hp_gain":0.0,"max_hp_loss":0.0,"gold_gain":0.0,"event_name":"Back to Basics","player_choice":"Elegance","floor":19.0,"gold_loss":0.0,"damage_taken":0.0},{"damage_healed":0.0,"max_hp_gain":0.0,"max_hp_loss":0.0,"gold_gain":0.0,"event_name":"Vampires","player_choice":"Ignored","floor":20.0,"gold_loss":0.0,"damage_taken":0.0},{"damage_healed":0.0,"max_hp_gain":0.0,"max_hp_loss":0.0,"gold_gain":0.0,"event_name":"Upgrade Shrine","player_choice":"Upgraded","floor":30.0,"gold_loss":0.0,"damage_taken":0.0,"cards_upgraded":["Metamorphosis"]},{"damage_healed":0.0,"max_hp_gain":0.0,"max_hp_loss":0.0,"gold_gain":0.0,"event_name":"The Moai Head","player_choice":"Ignored","floor":44.0,"gold_loss":0.0,"damage_taken":0.0}],"is_beta":false,"boss_relics":[{"not_picked":["Busted Crown","Sozu","Black Star"]},{"not_picked":["Busted Crown","Sozu","Black Star"]}],"items_purged_floors":[21],"is_endless":false,"potions_floor_spawned":[1,4,12,13,16,27,28,41],"killed_by":"Time Eater","ascension_level":0}}