{"host":"21h5e52imz35vo8g","time":1613305127,"event":{"mods":["AchievementEnabler","BaseMod","Colored Map","Colored Powertips","Googly Eyes","Minty Spire (QoL Compilation)","Quick Restart","Rare Cards Sparkle","Replay The Spire","StSLib"],"gold_per_floor":[111,129,204,204,129,129,158,158,158,177,193,143,318,318,318],"floor_reached":14,"language":"ZHS","playtime":365,"items_purged":["Defend_P"],"score":124,"play_id":"19acd959-cf20-47d0-a008-48e19e006cc5","local_time":"20210214201847","is_ascension_mode":true,"campfire_choices":[{"data":"Replay:ManipulateFuture","floor":6.0,"key":"SMITH"},{"data":"Replay:Vibes","floor":8.0,"key":"SMITH"}],"circlet_count":0,"master_deck":["Strike_P","Strike_P","Strike_P","Strike_P+1","Defend_P","Defend_P","Defend_P+1","Eruption","Replay:ManipulateFuture+1","Replay:Vibes+1","Pray","Doubt"],"relics":["PureWater","NeowsBlessing","Toy Ornithopter","Replay:Multitool"],"acts_visited":["Exordium"],"potions_floor_usage":[],"damage_taken":[{"damage":0.0,"enemies":"2 Louse","floor":1.0,"turns":1.0},{"damage":0.0,"enemies":"Jaw Worm","floor":2.0,"turns":1.0},{"damage":0.0,"enemies":"Lagavulin","floor":7.0,"turns":1.0},{"damage":5.0,"enemies":"Small Slimes","floor":10.0,"turns":5.0},{"damage":2.0,"enemies":"2 Fungi Beasts","floor":11.0,"turns":4.0},{"damage":31,"enemies":"Gremlin Nob","floor":14,"turns":3}],"seed_played":"514361763913433643","potions_obtained":[{"floor":2.0,"key":"Toxic Potion"},{"floor":10.0,"key":"Weak Potion"}],"is_trial":false,"path_per_floor":["M","M","?","?","$","R","E","R","T","M","M","?","?","E"],"character_chosen":"WATCHER","items_purchased":[],"campfire_rested":0,"item_purchase_floors":[],"current_hp_per_floor":[72,72,61,47,47,47,47,47,47,42,40,40,40,9,9],"gold":318,"neow_bonus":"THREE_ENEMY_KILL","is_daily":false,"chose_seed":false,"campfire_upgraded":2,"win_rate":0.0,"timestamp":1613305127,"path_taken":["M","M","?","?","$","R","E","R","T","M","M","?","?","E"],"items_purchased_type":[],"build_version":"2020-12-22","purchased_purges":1,"victory":false,"max_hp_per_floor":[72,72,72,72,72,72,72,72,72,72,72,72,72,72,72],"card_choices":[{"not_picked":["Replay:BluntJabs","JustLucky","CrushJoints"],"picked":"SKIP","floor":1.0},{"not_picked":["MentalFortress","Replay:Hum"],"picked":"Replay:ManipulateFuture","floor":2.0},{"not_picked":["EmptyFist","JustLucky"],"picked":"Replay:Vibes","floor":7.0},{"not_picked":["Crescendo","CarveReality"],"picked":"Pray","floor":10.0},{"not_picked":["EmptyBody","Consecrate","FollowUp"],"picked":"SKIP","floor":11.0}],"player_experience":380605,"relics_obtained":[{"floor":7.0,"key":"Toy Ornithopter"},{"floor":9.0,"key":"Replay:Multitool"}],"event_choices":[{"damage_healed":0.0,"max_hp_gain":0.0,"max_hp_loss":0.0,"gold_gain":75.0,"event_name":"World of Goop","player_choice":"Gather Gold","floor":3.0,"gold_loss":0.0,"damage_taken":11.0},{"damage_healed":0.0,"max_hp_gain":0.0,"max_hp_loss":0.0,"gold_gain":0.0,"event_name":"Shining Light","player_choice":"Entered Light","floor":4.0,"gold_loss":0.0,"damage_taken":14.0,"cards_upgraded":["Defend_P","Strike_P"]},{"cards_removed":["Vigilance"],"damage_healed":0,"gold_gain":0,"player_choice":"Card Removal","damage_taken":0,"max_hp_gain":0,"max_hp_loss":0,"event_name":"The Cleric","floor":12,"gold_loss":50},{"damage_healed":0,"gold_gain":175,"player_choice":"AGREE","damage_taken":0,"max_hp_gain":0,"max_hp_loss":0,"event_name":"Liars Game","floor":13,"gold_loss":0,"cards_obtained":["Doubt"]}],"is_beta":false,"boss_relics":[],"items_purged_floors":[5],"is_endless":false,"potions_floor_spawned":[2,10],"killed_by":"Gremlin Nob","ascension_level":2}}