{"host":"hl3ams4am2ku5u4p","time":1613300493,"event":{"mods":["AchievementEnabler","Act Like it!","Aspiration","BaseMod","Beaked The Cultist","BetterRewards","CatGirl Mod","Colored Map","Colored Powertips","Conspire","Downfall","Energized Spire","Halation","Hallownest","HornydragonMod","Hubris","Infinite Spire","Mad Scientist","Magitek Elite","Minty Spire (QoL Compilation)","READ ME - Guardian Mod","Replay The Spire","Spikes Relics","StSLib","SuperFastMode","The Blackbeard","The Bug Knight","The Construct","The Disciple","The Jungle","The Mystic","The Necromancer","The Senshi"],"gold_per_floor":[112,112,129,129,144,144,170,170,170,189,219,245,245,245,245,348,348,364,377,387,397,414,414,90,90,90,13,32,51,51,70,70,166,166,183,83,95,108,124,124,124],"floor_reached":40,"language":"FRA","playtime":2393,"items_purged":["Strike_P","Defend_P"],"score":594,"play_id":"adb20f2a-a79c-4407-a767-eeeeaa580266","local_time":"20210214120133","is_ascension_mode":false,"campfire_choices":[{"data":"conspire:Banana","floor":6,"key":"SMITH"},{"floor":8,"key":"REST"},{"floor":15,"key":"REST"},{"floor":23,"key":"REST"},{"floor":25,"key":"REST"},{"floor":30,"key":"REST"},{"data":"BattleHymn","floor":32,"key":"SMITH"}],"circlet_count":0,"master_deck":["Strike_P","Strike_P+1","Strike_P+1","Defend_P+1","Defend_P","Defend_P+1","Eruption+1","Vigilance","TalkToTheHand","FearNoEvil","Consecrate","conspire:Banana+1","Worship","MentalFortress","Alpha+1","ReachHeaven","DevaForm","FlurryOfBlows+1","Wallop","BattleHymn+1","Trip","SandsOfTime","LikeWater","Crescendo","Establishment","ClearTheMind"],"relics":["PureWater","Gremlin Food","infinitespire:ShieldingShard","Quantum Egg","infinitespire:CheckeredPen","Hallownest:DreamNailRelic","Painkiller Herb","Regal Pillow","SacredBark"],"acts_visited":["Exordium","TheCity","TheBeyond"],"potions_floor_usage":[7,7,11,20,20,33,33,35,40],"damage_taken":[{"damage":3,"enemies":"Hallownest:monsterHuskGuard","floor":1,"turns":4},{"damage":0,"enemies":"Hallownest:2_Tiktiks_and_1_Crawlid","floor":3,"turns":2},{"damage":0,"enemies":"2_ Uuma","floor":5,"turns":4},{"damage":26,"enemies":"Hallownest:eliteMossKnight","floor":7,"turns":6},{"damage":8,"enemies":"Hallownest:1_Baldur_1_Crawlid_1_Warrior","floor":10,"turns":4},{"damage":6,"enemies":"Hallownest:2_Tiktiks_1_Baldur_1_Crawlid","floor":11,"turns":2},{"damage":19,"enemies":"conspire:MimicChest","floor":12,"turns":5},{"damage":26,"enemies":"Hallownest:BossFalseKnight","floor":16,"turns":6},{"damage":0,"enemies":"Chosen","floor":18,"turns":3},{"damage":8,"enemies":"conspire:FuzzyDice","floor":19,"turns":5},{"damage":22,"enemies":"3 Cultists","floor":20,"turns":4},{"damage":23,"enemies":"Centurion and Healer","floor":21,"turns":6},{"damage":32,"enemies":"Snake Plant","floor":22,"turns":6},{"damage":20,"enemies":"Sentry and Sphere","floor":28,"turns":6},{"damage":0,"enemies":"Chosen and Byrds","floor":29,"turns":4},{"damage":9,"enemies":"conspire:HollyBat","floor":31,"turns":6},{"damage":4,"enemies":"Champ","floor":33,"turns":7},{"damage":38,"enemies":"3 Darklings","floor":35,"turns":4},{"damage":1,"enemies":"Orb Walker","floor":37,"turns":2},{"damage":32,"enemies":"4 Shapes","floor":38,"turns":6},{"damage":20,"enemies":"3 Darklings","floor":39,"turns":5},{"damage":15,"enemies":"beaked:SuperParasite","floor":40,"turns":3}],"seed_played":"-1362497195831926764","potions_obtained":[{"floor":1,"key":"EntropicBrew"},{"floor":3,"key":"hexamod:SoulburnPotion"},{"floor":10,"key":"DuplicationPotion"},{"floor":16,"key":"FearPotion"},{"floor":19,"key":"DistilledChaos"},{"floor":22,"key":"Cursed Concoction"},{"floor":28,"key":"Swift Potion"},{"floor":39,"key":"infinitespire:BlackPotion"}],"is_trial":false,"path_per_floor":["M","?","M","?","M","R","E","R","T","M","M","?","?","?","R","B",null,"?","?","?","?","?","T","T","T","T","T","?","?","T","?","T","B",null,"?","T","?","?","?","E"],"character_chosen":"WATCHER","items_purchased":["Gremlin Food","TalkToTheHand","BattleHymn","Trip","SandsOfTime","LikeWater"],"campfire_rested":5,"item_purchase_floors":[0,0,24,24,24,27],"current_hp_per_floor":[69,69,69,69,70,70,46,68,68,62,56,39,39,39,62,38,81,83,77,57,36,6,33,33,60,60,60,42,42,84,77,77,75,97,59,59,58,28,10,0,0],"gold":124,"neow_bonus":"","is_daily":false,"chose_seed":false,"campfire_upgraded":2,"win_rate":0.0,"timestamp":1613300493,"path_taken":["M","?","M","?","M","R","E","R","T","M","M","?","?","?","R","BOSS","?","?","?","?","?","T","T","T","T","T","?","?","T","?","T","BOSS","?","T","?","?","?","E"],"items_purchased_type":["Relic","Card","Card","Card","Card","Card"],"build_version":"2020-12-22","purchased_purges":2,"victory":false,"max_hp_per_floor":[72,72,72,72,73,73,75,75,75,77,77,79,79,79,79,81,81,83,85,87,89,91,91,91,91,91,91,93,93,93,95,95,97,97,97,97,97,99,101,103,103],"card_choices":[{"not_picked":["Crescendo","Meditate"],"picked":"FearNoEvil","floor":1},{"not_picked":["Replay:Vibes","Replay:AtTheReady"],"picked":"Consecrate","floor":3},{"not_picked":["ReplayTheSpireMod:Uncanny Aura","Finesse"],"picked":"conspire:Banana","floor":4},{"not_picked":["EmptyFist","JustLucky"],"picked":"Worship","floor":4},{"not_picked":["FearNoEvil","Worship","WreathOfFlame"],"picked":"SKIP","floor":5},{"not_picked":["Replay:BluntJabs","ThirdEye"],"picked":"MentalFortress","floor":7},{"not_picked":["PathToVictory","Consecrate"],"picked":"Alpha","floor":10},{"not_picked":["Replay:BluntJabs","Evaluate","SashWhip"],"picked":"SKIP","floor":11},{"not_picked":["Evaluate","FearNoEvil"],"picked":"ReachHeaven","floor":12},{"not_picked":["Ragnarok","Vault"],"picked":"DevaForm","floor":16},{"not_picked":["SignatureMove","Evaluate","JustLucky"],"picked":"SKIP","floor":18},{"not_picked":["Vengeance","PathToVictory"],"picked":"FlurryOfBlows+1","floor":19},{"not_picked":["EmptyFist","FlurryOfBlows","Nirvana"],"picked":"SKIP","floor":20},{"not_picked":["Replay:AtTheReady","Adaptation"],"picked":"Wallop","floor":21},{"not_picked":["Evaluate+1","Replay:DivineShield","Replay:AtTheReady"],"picked":"SKIP","floor":22},{"not_picked":["EmptyBody","Prostrate"],"picked":"Crescendo","floor":28},{"not_picked":["FlyingSleeves","JustLucky+1","DeceiveReality"],"picked":"SKIP","floor":29},{"not_picked":["Replay:ManipulateFuture","Sanctity","EmptyFist"],"picked":"SKIP","floor":31},{"not_picked":["Alpha","Scrawl"],"picked":"Establishment","floor":33},{"not_picked":["PathToVictory+1","Tantrum","Replay:AtTheReady"],"picked":"SKIP","floor":35},{"not_picked":["Evaluate+1","CrushJoints+1"],"picked":"ClearTheMind","floor":37},{"not_picked":["Replay:AtTheReady+1","WheelKick+1","SignatureMove"],"picked":"SKIP","floor":38},{"not_picked":["EmptyFist+1","Evaluate","JustLucky+1"],"picked":"SKIP","floor":39}],"player_experience":71607,"relics_obtained":[{"floor":7,"key":"infinitespire:ShieldingShard"},{"floor":9,"key":"Quantum Egg"},{"floor":12,"key":"infinitespire:CheckeredPen"},{"floor":26,"key":"Regal Pillow"}],"event_choices":[{"damage_healed":0,"gold_gain":0,"player_choice":"Leave","damage_taken":0,"max_hp_gain":0,"max_hp_loss":0,"event_name":"conspire:Investor","floor":13,"gold_loss":0}],"is_beta":false,"boss_relics":[{"not_picked":["ReplayTheSpireMod:SealedPack","Replay:Bronze Core"],"picked":"Painkiller Herb"},{"not_picked":["halation:HeavySnake","Calling Bell"],"picked":"SacredBark"}],"items_purged_floors":[24,36],"is_endless":false,"potions_floor_spawned":[1,3,10,16,18,19,22,28,39],"killed_by":"beaked:SuperParasite","ascension_level":0}}