{"host":"br1k745010e75u9o","time":1613345252,"event":{"mods":["BaseMod","CCEM2","Conspire","Downfall","Friendly Minions","Hermit","Hubris","Infinite Spire","Mari Mod (Legacy)","Mari\u0027s V1 Patch","Minty Spire (QoL Compilation)","Rare Cards Sparkle","Replay The Spire","StSLib","The Cursed","Yohane!"],"gold_per_floor":[119,119,135,170,186,200,200,200,200,375,391,403,403,420,420,517,517,528,205,205,205,215,215,215,115,115,214,89,89,105,105,105,200,200,219,230,247,257,107,107,107,107,107,107,107,183,208,223,223,223],"floor_reached":51,"language":"ENG","playtime":2239,"items_purged":["Doubt","Strike_R","hubris:Envy","Strike_R","hubris:Disease"],"score":715,"play_id":"20f7825c-af00-4607-bd99-4847a25610f6","local_time":"20210214232732","is_ascension_mode":false,"campfire_choices":[{"data":"Heavy Blade","floor":7,"key":"SMITH"},{"data":"Flex","floor":13,"key":"SMITH"},{"data":"Bash","floor":15,"key":"SMITH"},{"data":"Limit Break","floor":23,"key":"SMITH"},{"floor":32,"key":"REST"},{"data":"Double Tap","floor":40,"key":"SMITH"},{"data":"ReplayUltimateDefense","floor":44,"key":"SMITH"},{"data":"hubris:Fate","floor":49,"key":"SMITH"}],"circlet_count":0,"master_deck":["Strike_R","Strike_R","Defend_R+1","Defend_R","Defend_R+1","Bash+1","Hemogenesis+1","Heavy Blade+1","Flex+1","Shockwave","Inflame+1","ReplayUltimateDefense+1","Bash+1","Limit Break+1","Double Tap+1","infinitespire:TheBestDefense","ReplayTheSpireMod:Black Plague","Amnesia","hubris:Fate+1","ReplayTheSpireMod:Muscle Training+1","Heavy Blade+1"],"relics":["Burning Blood","CCEMRelics:TechnogenicHelmet","Replay:WaspNest","Cursed Key","conspire:DeflatedDodgeball","hubris:RunicObelisk","Replay:PocketPolymizer","Bottled Tornado","War Paint"],"acts_visited":["Exordium","TheCity","TheBeyond"],"potions_floor_usage":[4,11,12,22,22],"damage_taken":[{"damage":0,"enemies":"2 Louse","floor":1,"turns":4},{"damage":0,"enemies":"conspire:RoseBush","floor":3,"turns":4},{"damage":27,"enemies":"conspire:MimicChest","floor":4,"turns":7},{"damage":0,"enemies":"Small Slimes","floor":5,"turns":3},{"damage":10,"enemies":"conspire:2 RoseBushes","floor":6,"turns":6},{"damage":21,"enemies":"Lots of Slimes","floor":11,"turns":3},{"damage":2,"enemies":"Looter","floor":12,"turns":3},{"damage":13,"enemies":"3 Louse","floor":14,"turns":3},{"damage":56,"enemies":"Hexaghost","floor":16,"turns":8},{"damage":38,"enemies":"2 Thieves","floor":18,"turns":5},{"damage":2,"enemies":"3 Byrds","floor":22,"turns":3},{"damage":0,"enemies":"Snecko","floor":30,"turns":4},{"damage":21,"enemies":"conspire:MysteriousRune","floor":33,"turns":6},{"damage":0,"enemies":"3 Shapes","floor":35,"turns":5},{"damage":23,"enemies":"3 Darklings","floor":36,"turns":5},{"damage":31,"enemies":"Writhing Mass","floor":37,"turns":4},{"damage":10,"enemies":"Transient","floor":38,"turns":5},{"damage":19,"enemies":"Nightmare","floor":47,"turns":6},{"damage":0,"enemies":"Jaw Worm Horde","floor":48,"turns":6},{"damage":29,"enemies":"Time Eater","floor":50,"turns":8}],"seed_played":"-2854481676178863788","potions_obtained":[{"floor":3,"key":"BlessingOfTheForge"},{"floor":4,"key":"Slimebound:ThreeZeroPotion"},{"floor":6,"key":"Ancient Potion"},{"floor":11,"key":"AttackPotion"},{"floor":16,"key":"LiquidBronze"},{"floor":18,"key":"Fire Potion"},{"floor":38,"key":"Elixir"},{"floor":48,"key":"Reflective Coating"}],"is_trial":false,"path_per_floor":["M","?","M","?","M","M","R","?","T","?","M","M","R","M","R","B",null,"M","$","?","?","M","R","?","$","T","?","$","?","M","$","R","B",null,"M","M","M","M","$","R","$","?","T","R","AVR","T","NM","M","R","B",null],"character_chosen":"IRONCLAD","items_purchased":["Inflame","ReplayUltimateDefense"],"campfire_rested":1,"item_purchase_floors":[19,19],"current_hp_per_floor":[88,88,88,75,81,84,84,84,84,84,69,81,81,82,82,40,88,56,56,39,39,51,51,51,51,51,51,51,51,65,65,92,77,93,93,92,75,71,71,71,71,71,71,71,71,71,66,80,80,65],"gold":223,"neow_bonus":"TEN_PERCENT_HP_BONUS","is_daily":false,"chose_seed":false,"campfire_upgraded":7,"win_rate":0.0,"timestamp":1613345252,"path_taken":["M","?","M","?","M","M","R","?","T","?","M","M","R","?","R","BOSS","M","?","?","?","?","R","?","?","T","?","$","?","M","$","R","BOSS","M","?","M","M","?","R","$","?","T","R","AVR","?","NM","M","R","BOSS"],"items_purchased_type":["Card","Card"],"build_version":"2020-12-22","purchased_purges":5,"victory":true,"max_hp_per_floor":[88,88,88,88,88,88,88,88,88,88,88,88,88,88,88,88,88,88,88,93,93,93,93,93,93,93,93,93,93,93,93,93,93,93,93,93,93,93,93,93,93,93,93,93,93,93,93,93,93,93],"card_choices":[{"not_picked":["Run Through","Headbutt","Life Link"],"picked":"SKIP","floor":1},{"not_picked":["Evolve","Second Wind","Shrug It Off"],"picked":"SKIP","floor":3},{"not_picked":["Reckless Charge","True Grit"],"picked":"Heavy Blade","floor":4},{"not_picked":["Wild Strike","Defy Death","Carnage"],"picked":"SKIP","floor":5},{"not_picked":["True Grit","Armaments","conspire:Charge"],"picked":"SKIP","floor":6},{"not_picked":["Dark Embrace","Clothesline","Pummel"],"picked":"SKIP","floor":11},{"not_picked":["Rage","Replay:Undeath\u0027s Touch"],"picked":"Flex","floor":12},{"not_picked":["Wild Strike","Barricade","Headbutt"],"picked":"SKIP","floor":14},{"not_picked":["Anger","Iron Wave"],"picked":"Shockwave","floor":18},{"not_picked":["Headbutt","Massacre"],"picked":"Limit Break","floor":22},{"not_picked":["Thunderclap","Clothesline","Shrug It Off"],"picked":"SKIP","floor":30},{"not_picked":["Feed","Juggernaut"],"picked":"Double Tap","floor":33},{"not_picked":["Wild Strike","Abandon+1","Iron Wave+1"],"picked":"SKIP","floor":35},{"not_picked":["Sword Boomerang","Flame Barrier+1","Rampage+1"],"picked":"SKIP","floor":36},{"not_picked":["Perfected Strike","Second Wind","Wild Strike+1"],"picked":"SKIP","floor":37},{"not_picked":["conspire:ExplosiveBarrier+1","Wild Strike+1","Burning Pact"],"picked":"SKIP","floor":38},{"not_picked":["ReplayTheSpireMod:Chaos Vortex","ReplayTheSpireMod:Echoes of Time"],"picked":"hubris:Fate","floor":47},{"not_picked":["Thunderclap+1","Pommel Strike"],"picked":"ReplayTheSpireMod:Muscle Training+1","floor":47},{"not_picked":["ReplayTheSpireMod:Limb From Limb","ReplayTheSpireMod:Muscle Training+1"],"picked":"Heavy Blade+1","floor":48}],"player_experience":61458,"relics_obtained":[{"floor":4,"key":"CCEMRelics:TechnogenicHelmet"},{"floor":9,"key":"Replay:WaspNest"},{"floor":26,"key":"conspire:DeflatedDodgeball"},{"floor":43,"key":"Replay:PocketPolymizer"},{"floor":46,"key":"Bottled Tornado"},{"floor":47,"key":"War Paint"}],"event_choices":[{"damage_healed":0,"gold_gain":0,"player_choice":"Ignored","damage_taken":0,"max_hp_gain":0,"max_hp_loss":0,"event_name":"Shining Light","floor":8,"gold_loss":0},{"damage_healed":0,"gold_gain":175,"player_choice":"AGREE","damage_taken":0,"max_hp_gain":0,"max_hp_loss":0,"event_name":"Liars Game","floor":10,"gold_loss":0,"cards_obtained":["Doubt"]},{"damage_healed":0,"gold_gain":0,"player_choice":"Shed Blood","damage_taken":22,"max_hp_gain":5,"max_hp_loss":0,"event_name":"Forgotten Altar","floor":20,"gold_loss":0},{"damage_healed":0,"gold_gain":0,"player_choice":"Copied","damage_taken":0,"max_hp_gain":0,"max_hp_loss":0,"event_name":"Duplicator","floor":21,"gold_loss":0,"cards_obtained":["Bash"]},{"damage_healed":0,"gold_gain":0,"player_choice":"Ignored","damage_taken":0,"max_hp_gain":0,"max_hp_loss":0,"event_name":"NoteForYourself","floor":24,"gold_loss":0},{"damage_healed":0,"gold_gain":99,"player_choice":"Stole From Cult","damage_taken":0,"max_hp_gain":0,"max_hp_loss":0,"event_name":"Nest","floor":27,"gold_loss":0},{"damage_healed":0,"gold_gain":0,"player_choice":"Forge","damage_taken":0,"max_hp_gain":0,"max_hp_loss":0,"event_name":"Accursed Blacksmith","floor":29,"gold_loss":0,"cards_upgraded":["Inflame"]},{"cards_removed":["Strike_R"],"damage_healed":0,"gold_gain":0,"player_choice":"Removed Attack","damage_taken":0,"max_hp_gain":0,"max_hp_loss":0,"event_name":"Falling","floor":42,"gold_loss":0}],"is_beta":false,"boss_relics":[{"not_picked":["CCEMRelics:TransientCore","CCEMRelics:ReaperScythe"],"picked":"Cursed Key"},{"not_picked":["bronze:MakeshiftBattery","Runic Dome"],"picked":"hubris:RunicObelisk"}],"items_purged_floors":[19,25,28,39,45],"is_endless":false,"potions_floor_spawned":[3,4,6,11,16,18,38,48],"ascension_level":0}}