{"host":"s24sb66hw4a4sfft","time":1613310403,"event":{"mods":["AchievementEnabler","BaseMod","Colored Map","Colored Powertips","Googly Eyes","Hermit","Hubris","Minty Spire (QoL Compilation)","Quick Restart","Shop Mod","StSLib"],"gold_per_floor":[126,152,12,12,22,52,52,91,143,143,181,181,181,93,93,93,93],"floor_reached":16,"language":"ENG","playtime":504,"items_purged":["Strike_G"],"score":197,"play_id":"e95b1ca5-a622-475e-af8c-36bd0eb33089","local_time":"20210214084643","is_ascension_mode":true,"campfire_choices":[{"floor":10,"key":"REST"},{"floor":13,"key":"REST"},{"floor":15,"key":"REST"}],"circlet_count":0,"master_deck":["AscendersBane","Strike_G","Strike_G","Strike_G","Strike_G","Defend_G","Defend_G","Defend_G","Defend_G","Defend_G","Survivor","Neutralize","Footwork","Sucker Punch+1","Corpse Explosion","Prepared","Slice"],"relics":["Ring of the Snake","MawBank","PreservedInsect","Frozen Egg 2","CeramicFish","Orichalcum","Strawberry","Eternal Feather"],"acts_visited":["Exordium"],"potions_floor_usage":[8],"damage_taken":[{"damage":6.0,"enemies":"Cultist","floor":1.0,"turns":5.0},{"damage":6.0,"enemies":"Jaw Worm","floor":2.0,"turns":5.0},{"damage":7.0,"enemies":"Small Slimes","floor":5.0,"turns":5.0},{"damage":29.0,"enemies":"Lagavulin","floor":6.0,"turns":7.0},{"damage":3,"enemies":"Gremlin Nob","floor":8,"turns":3},{"damage":25,"enemies":"Lagavulin","floor":11,"turns":7},{"damage":11,"enemies":"Slime Boss","floor":16,"turns":6}],"seed_played":"2257058579365109563","potions_obtained":[{"floor":1.0,"key":"FearPotion"},{"floor":2.0,"key":"AttackPotion"}],"is_trial":false,"path_per_floor":["M","M","$","$","M","E","?","E","T","R","E","T","R","$","R","B"],"character_chosen":"THE_SILENT","items_purchased":["PreservedInsect","Slice"],"campfire_rested":3,"item_purchase_floors":[3,14],"current_hp_per_floor":[53,47,47,47,40,11,11,8,8,27,9,9,39,39,69,58,58],"gold":93,"neow_bonus":"RANDOM_COMMON_RELIC","is_daily":false,"chose_seed":false,"campfire_upgraded":0,"win_rate":0.0,"timestamp":1613310403,"path_taken":["M","M","?","$","M","E","?","E","T","R","E","?","R","$","R","BOSS"],"items_purchased_type":["Relic","Card"],"build_version":"2020-12-22","purchased_purges":1,"victory":false,"max_hp_per_floor":[66,66,66,66,66,66,66,66,66,66,73,73,73,73,73,73,73],"card_choices":[{"not_picked":["Footwork","Blur","Skewer"],"picked":"SKIP","floor":1.0},{"not_picked":["Blur","Skewer"],"picked":"Footwork","floor":1.0},{"not_picked":["Calculated Gamble","Flechettes"],"picked":"Sucker Punch","floor":2.0},{"not_picked":["Acrobatics","Underhanded Strike","Flechettes"],"picked":"SKIP","floor":5.0},{"not_picked":["hubris:SlightOfHand","Deflect","Setup"],"picked":"SKIP","floor":6.0},{"not_picked":["Prepared","Wraith Form v2+1"],"picked":"Corpse Explosion","floor":8},{"not_picked":["PiercingWail","Reflex"],"picked":"Prepared","floor":11}],"player_experience":641959,"relics_obtained":[{"floor":6.0,"key":"Frozen Egg 2"},{"floor":8,"key":"CeramicFish"},{"floor":9,"key":"Orichalcum"},{"floor":11,"key":"Strawberry"},{"floor":12,"key":"Eternal Feather"}],"event_choices":[{"damage_healed":0.0,"max_hp_gain":0.0,"max_hp_loss":0.0,"gold_gain":0.0,"event_name":"Living Wall","player_choice":"Grow","floor":7.0,"gold_loss":0.0,"damage_taken":0.0,"cards_upgraded":["Sucker Punch"]}],"is_beta":false,"boss_relics":[],"items_purged_floors":[14],"is_endless":false,"potions_floor_spawned":[1,2,5],"killed_by":"Slime Boss","ascension_level":14}}