{"host":"hgppx942rrnelsya","time":1613332691,"event":{"mods":["Act Like it!","BaseMod","Friendly Minions","Gensokyo","GifTheSpireLib","Hallownest","KinomotoSakuraMod(????)","Koishi","Marisa????????","Minty Spire (QoL Compilation)","Prisma Mod","Remilia??????","StSLib","The Alterego","The Animator","The Forsaken","The Hierophant","The Mystic","The Runesmith","The Servant 0.9.4"],"gold_per_floor":[118,42,42,60,70,70,90,103,157,167,167,200,210,237,237,337,337,348,348,359,359,359,387,387,449,449,17,33,51,62,62,62,165,165,175,188,8,8,88,113,129,154,154,165,235,235,254,272,272,272],"floor_reached":51,"language":"ENG","playtime":2542,"items_purged":[],"score":918,"play_id":"559d8f31-749c-48e0-9bba-71a4a6f1de56","local_time":"20210214195811","is_ascension_mode":false,"campfire_choices":[{"data":"GearUp","floor":6,"key":"SMITH"},{"data":"Contraction","floor":11,"key":"SMITH"},{"data":"Starlight","floor":15,"key":"SMITH"},{"data":"KidneyShot","floor":24,"key":"SMITH"},{"data":"Ricochet","floor":32,"key":"SMITH"},{"data":"Exchange","floor":46,"key":"SMITH"},{"data":"Luminosity","floor":49,"key":"SMITH"}],"circlet_count":0,"master_deck":["Strike_S","Strike_S","Strike_S","Strike_S","Defend_S","Defend_S","Defend_S","Defend_S","KidneyShot+1","Exchange+1","Luminosity+1","SilverBlades+1","Starlight+1","GearUp+1","Contraction+1","TimeWarp","Rewind+1","LightFlow+1","Moondial+1","ForgedInTime+1","Starlight+1","InstantArmor+1","Ricochet+1","FanOfKnives+1","KillingDoll","DualDimension+1","FastForward+1","ForgedInTime+1","Hightail+1","Rearm+1","FastForward+1","Manipulate+1","Barrier+1"],"relics":["Uniform","NeowsBlessing","Toxic Egg 2","theForsaken:Gavel","Coffee Dripper","Pear","PreservedInsect","Orichalcum","White Beast Statue","SacredBark","Hallownest:StagBellRelic1","Dream Catcher","Centennial Puzzle","Shuriken","Kunai"],"acts_visited":["Hallownest:Greenpath","Hallownest:CityofTears","Hallownest:KingdomsEdge"],"potions_floor_usage":[8,12,16,18,23,29,29,33,39,39,47,47,47,48,50],"damage_taken":[{"damage":0,"enemies":"Hallownest:monsterHuskWarrior","floor":1,"turns":1},{"damage":0,"enemies":"Hallownest:monsterHuskGuard","floor":4,"turns":1},{"damage":3,"enemies":"Hallownest:2_Tiktiks_and_1_Crawlid","floor":5,"turns":1},{"damage":12,"enemies":"Hallownest:1_Baldur_1_Crawlid_1_Warrior","floor":7,"turns":5},{"damage":0,"enemies":"Hallownest:Wandering_and_Horned","floor":8,"turns":6},{"damage":0,"enemies":"Hallownest:MossCreep_and_Mosskin","floor":10,"turns":8},{"damage":2,"enemies":"Hallownest:eliteVengeflyKing","floor":12,"turns":5},{"damage":6,"enemies":"Hallownest:1_Ooma_and_2_Uuma","floor":13,"turns":11},{"damage":0,"enemies":"Hallownest:eliteMossKnight","floor":14,"turns":11},{"damage":0,"enemies":"Hallownest:BossBrokenVessel","floor":16,"turns":9},{"damage":1,"enemies":"Hallownest:Guard_and_Sentry","floor":18,"turns":4},{"damage":0,"enemies":"Hallownest:3_Youths","floor":20,"turns":2},{"damage":0,"enemies":"Hallownest:Nosk","floor":23,"turns":7},{"damage":0,"enemies":"Hallownest:Glutton_and_Coward","floor":25,"turns":3},{"damage":0,"enemies":"Hallownest:2_Husk_Sentries","floor":28,"turns":3},{"damage":0,"enemies":"Hallownest:2_Flukemon","floor":29,"turns":5},{"damage":0,"enemies":"Hallownest:monsterShrumalOgre","floor":30,"turns":4},{"damage":7,"enemies":"Hallownest:BossMantisLord","floor":33,"turns":8},{"damage":0,"enemies":"Hallownest:2_Littles","floor":35,"turns":3},{"damage":0,"enemies":"Hallownest:Shield_Heavy","floor":36,"turns":5},{"damage":0,"enemies":"Hallownest:Shield_Heavy","floor":39,"turns":4},{"damage":0,"enemies":"Hallownest:Shield_Heavy","floor":39,"turns":2},{"damage":0,"enemies":"Hallownest:StalkingDevout","floor":40,"turns":6},{"damage":15,"enemies":"Hallownest:Xero_Hu_Marmu","floor":41,"turns":13},{"damage":0,"enemies":"Hallownest:eliteCollector","floor":42,"turns":7},{"damage":0,"enemies":"Hallownest:2_Great","floor":44,"turns":5},{"damage":0,"enemies":"Hallownest:2_Wandering_and_1_Horned","floor":47,"turns":4},{"damage":0,"enemies":"Hallownest:2_Soldiers_and_1_Guardian","floor":48,"turns":5},{"damage":18,"enemies":"Hallownest:BossHollowKnight","floor":50,"turns":9}],"seed_played":"-5141806800970855593","potions_obtained":[{"floor":1,"key":"Block Potion"},{"floor":5,"key":"ColorlessPotion"},{"floor":7,"key":"DuplicationPotion"},{"floor":13,"key":"Energy Potion"},{"floor":16,"key":"SneckoOil"},{"floor":28,"key":"ColorlessPotion"},{"floor":30,"key":"BlessingOfTheForge"},{"floor":33,"key":"ColorlessPotion"},{"floor":35,"key":"FearPotion"},{"floor":36,"key":"GamblersBrew"},{"floor":40,"key":"Block Potion"},{"floor":41,"key":"Fire Potion"},{"floor":44,"key":"LiquidMemories"},{"floor":47,"key":"Explosive Potion"},{"floor":48,"key":"Fire Potion"}],"is_trial":false,"path_per_floor":["M","$","?","M","M","R","M","M","T","M","R","E","M","E","R","B",null,"M","?","M","?","?","E","R","M","T","$","M","M","M","T","R","B",null,"M","M","?","$","?","E","M","E","T","M","T","R","M","M","R","B",null],"character_chosen":"THE_SERVANT","items_purchased":["SilverBlades","KillingDoll","DualDimension+1","Orichalcum","PowerPotion"],"campfire_rested":0,"item_purchase_floors":[2,27,27,27,27],"current_hp_per_floor":[65,65,65,65,62,62,50,50,50,50,50,48,42,42,42,42,65,64,64,64,64,64,74,74,74,74,74,74,74,74,74,74,67,75,75,75,75,75,75,75,60,60,60,60,60,60,60,60,60,42],"gold":272,"neow_bonus":"THREE_ENEMY_KILL","is_daily":false,"chose_seed":false,"campfire_upgraded":7,"win_rate":0.0,"timestamp":1613332691,"path_taken":["M","$","?","M","M","R","M","M","T","M","R","E","M","E","R","BOSS","M","?","M","?","?","E","R","M","T","$","M","M","M","?","R","BOSS","M","?","?","$","?","E","M","E","T","M","?","R","M","M","R","BOSS"],"items_purchased_type":["Card","Card","Card","Relic","Potion"],"build_version":"2020-12-22","purchased_purges":0,"victory":true,"max_hp_per_floor":[65,65,65,65,65,65,65,65,65,65,65,65,65,65,65,65,65,65,65,65,65,65,75,75,75,75,75,75,75,75,75,75,75,75,75,75,75,75,75,75,75,75,75,75,75,75,75,75,75,75],"card_choices":[{"not_picked":["Advance","Ricochet"],"picked":"Luminosity","floor":1},{"not_picked":["ShatteredReality","DoubleEdge"],"picked":"Starlight","floor":4},{"not_picked":["Potential","Shuttle"],"picked":"GearUp","floor":5},{"not_picked":["Revamp","Spin"],"picked":"Contraction","floor":7},{"not_picked":["MoonPhase","Unruled"],"picked":"TimeWarp","floor":8},{"not_picked":["Spin","Alleviate","Sabotage"],"picked":"SKIP","floor":10},{"not_picked":["Spin","SurpressingFire"],"picked":"Rewind+1","floor":12},{"not_picked":["Foresight","TimeWarp"],"picked":"LightFlow","floor":13},{"not_picked":["BottledTime+1","TrueSight"],"picked":"Moondial+1","floor":14},{"not_picked":["TheWorld+1","TrueSight"],"picked":"ForgedInTime+1","floor":16},{"not_picked":["Desolation","TimeWarp"],"picked":"Starlight+1","floor":18},{"not_picked":["BottledTime+1","WasteNot"],"picked":"InstantArmor+1","floor":20},{"not_picked":["Defy+1","Alleviate+1"],"picked":"Ricochet","floor":23},{"not_picked":["DoubleEdge+1","Comet"],"picked":"FanOfKnives+1","floor":25},{"not_picked":["Potential","FloweringNight","Replace+1"],"picked":"SKIP","floor":28},{"not_picked":["Spin","StarChef"],"picked":"FastForward+1","floor":29},{"not_picked":["Desolation","FastForward+1","RealityMarble"],"picked":"SKIP","floor":30},{"not_picked":["KillingDoll","Embodiment"],"picked":"ForgedInTime+1","floor":33},{"not_picked":["Defy+1","Unruled+1"],"picked":"Hightail+1","floor":35},{"not_picked":["Defy+1","Replace+1"],"picked":"Rearm+1","floor":36},{"not_picked":["DoubleEdge+1","Sunlight"],"picked":"FastForward+1","floor":40},{"not_picked":["Replace+1","ShatteredReality","Starlight"],"picked":"SKIP","floor":41},{"not_picked":["Spin","TimeTheft+1","ShatteredReality"],"picked":"SKIP","floor":42},{"not_picked":["Potential+1","Rewind+1"],"picked":"Manipulate+1","floor":44},{"not_picked":["Rewind+1","Unruled+1"],"picked":"Barrier+1","floor":47},{"not_picked":["Revamp+1","Starlight","FastForward+1"],"picked":"SKIP","floor":48}],"player_experience":56546,"relics_obtained":[{"floor":12,"key":"Toxic Egg 2"},{"floor":14,"key":"theForsaken:Gavel"},{"floor":23,"key":"Pear"},{"floor":26,"key":"PreservedInsect"},{"floor":31,"key":"White Beast Statue"},{"floor":40,"key":"Dream Catcher"},{"floor":42,"key":"Centennial Puzzle"},{"floor":43,"key":"Shuriken"},{"floor":45,"key":"Kunai"}],"event_choices":[],"is_beta":false,"boss_relics":[{"not_picked":["SlaversCollar","Ectoplasm"],"picked":"Coffee Dripper"},{"not_picked":["Black Star","Runic Dome"],"picked":"SacredBark"}],"items_purged_floors":[],"is_endless":false,"potions_floor_spawned":[1,5,7,13,16,28,30,33,35,36,39,39,40,41,42,44,47,48],"ascension_level":0}}