{"host":"tw3mxtnj9l5ilrkg","time":1613320859,"event":{"mods":["2.2 Compatiblity","BaseMod","Better Third Choice","Colored Map","Downfall","Hermit","Highlight Path","Jorbs\u0027s Wanderer Trilogy","Minty Spire (QoL Compilation)","Rare Cards Sparkle","StSLib","SuperFastMode"],"gold_per_floor":[117,80,80,99,53,79,79,4,4,4,35,35,35,62,62,167,167,178,197,210,210,224,224,243,243,289,289,302,318,43,43,43,43,43],"floor_reached":33,"language":"ENG","playtime":1454,"items_purged":["Strike_P","Strike_P"],"score":276,"play_id":"cf227745-16b9-4fa7-847d-5c8021c42d76","local_time":"20210214104059","is_ascension_mode":true,"campfire_choices":[{"floor":7,"key":"REST"},{"data":"Eruption","floor":10,"key":"SMITH"},{"floor":12,"key":"REST"},{"floor":15,"key":"REST"},{"floor":23,"key":"REST"},{"data":"TalkToTheHand","floor":25,"key":"SMITH"},{"data":"FollowUp","floor":27,"key":"SMITH"},{"data":"FollowUp","floor":32,"key":"SMITH"}],"circlet_count":0,"master_deck":["Strike_P","Strike_P","Defend_P","Defend_P","Defend_P","Defend_P","Eruption+1","Vigilance","FlurryOfBlows","Apotheosis+1","CarveReality","CutThroughFate","TalkToTheHand+1","SashWhip","Brilliance","Consecrate+1","Sanctity+1","Consecrate+1","EmptyFist","FollowUp+1","Halt+1","FollowUp+1"],"relics":["SacredBark","Potion Belt","Sundial","Frozen Egg 2","MealTicket","Velvet Choker","Vajra","PreservedInsect"],"acts_visited":["Exordium","TheCity"],"potions_floor_usage":[14,22,29,33],"damage_taken":[{"damage":5,"enemies":"Cultist","floor":1,"turns":4},{"damage":0,"enemies":"2 Louse","floor":4,"turns":2},{"damage":24,"enemies":"Lagavulin","floor":6,"turns":5},{"damage":16,"enemies":"3 Sentries","floor":11,"turns":9},{"damage":17,"enemies":"Gremlin Nob","floor":14,"turns":4},{"damage":6,"enemies":"Slime Boss","floor":16,"turns":7},{"damage":1,"enemies":"Shell Parasite","floor":18,"turns":4},{"damage":6,"enemies":"2 Thieves","floor":19,"turns":4},{"damage":10,"enemies":"Sentry and Sphere","floor":20,"turns":3},{"damage":4,"enemies":"Snake Plant","floor":22,"turns":2},{"damage":6,"enemies":"Chosen and Byrds","floor":24,"turns":5},{"damage":8,"enemies":"Sentry and Sphere","floor":28,"turns":4},{"damage":0,"enemies":"Snake Plant","floor":29,"turns":4},{"damage":78,"enemies":"Automaton","floor":33,"turns":8}],"seed_played":"820642951321771156","potions_obtained":[{"floor":1,"key":"SteroidPotion"},{"floor":11,"key":"Ancient Potion"},{"floor":16,"key":"champ:CounterPotion"},{"floor":18,"key":"Ancient Potion"},{"floor":24,"key":"Swift Potion"},{"floor":29,"key":"Ambrosia"}],"is_trial":false,"path_per_floor":["M","?","?","M","$","E","R","$","T","R","E","R","$","E","R","B",null,"M","M","M","?","M","R","M","R","T","R","M","M","$","?","R","B"],"character_chosen":"WATCHER","items_purchased":["CutThroughFate","PreservedInsect","FollowUp"],"campfire_rested":4,"item_purchase_floors":[5,30,30],"current_hp_per_floor":[67,67,67,67,67,43,64,64,64,64,48,69,69,52,72,66,72,71,65,55,55,51,72,66,66,66,66,58,58,72,72,72,0,0],"gold":43,"neow_bonus":"BOSS_RELIC","is_daily":false,"chose_seed":false,"campfire_upgraded":4,"win_rate":0.0,"timestamp":1613320859,"path_taken":["M","?","?","M","$","E","R","?","T","R","E","R","$","E","R","BOSS","M","M","M","?","M","R","M","R","T","R","M","M","$","?","R","BOSS"],"items_purchased_type":["Card","Relic","Card"],"build_version":"2020-12-22","purchased_purges":2,"victory":false,"max_hp_per_floor":[72,72,72,72,72,72,72,72,72,72,72,72,72,72,72,72,72,72,72,72,72,72,72,72,72,72,72,72,72,72,72,72,72,72],"card_choices":[{"not_picked":["Perseverance","MentalFortress"],"picked":"FlurryOfBlows","floor":1},{"not_picked":["Crescendo","SignatureMove"],"picked":"CarveReality","floor":4},{"not_picked":["ClearTheMind","Sanctity"],"picked":"TalkToTheHand","floor":6},{"not_picked":["Devotion+1","BowlingBash"],"picked":"SashWhip","floor":11},{"not_picked":["Wallop","TalkToTheHand","PathToVictory"],"picked":"SKIP","floor":14},{"not_picked":["DeusExMachina","LessonLearned"],"picked":"Brilliance","floor":16},{"not_picked":["Collect+1","CarveReality"],"picked":"Consecrate+1","floor":18},{"not_picked":["Protect","Prostrate"],"picked":"Sanctity+1","floor":19},{"not_picked":["Weave","Collect"],"picked":"Consecrate+1","floor":20},{"not_picked":["Nirvana+1","Crescendo"],"picked":"EmptyFist","floor":22},{"not_picked":["CrushJoints+1","Prostrate"],"picked":"FollowUp","floor":24},{"not_picked":["Adaptation+1","ClearTheMind+1"],"picked":"Halt+1","floor":28},{"not_picked":["Blasphemy","Sanctity","FlyingSleeves"],"picked":"SKIP","floor":29}],"player_experience":295169,"relics_obtained":[{"floor":6,"key":"Potion Belt"},{"floor":9,"key":"Sundial"},{"floor":11,"key":"Frozen Egg 2"},{"floor":14,"key":"MealTicket"},{"floor":26,"key":"Vajra"}],"event_choices":[{"damage_healed":0,"gold_gain":0,"player_choice":"Left","damage_taken":0,"max_hp_gain":0,"max_hp_loss":0,"event_name":"betterThird:BetterGoop","floor":2,"gold_loss":37},{"damage_healed":67,"gold_gain":0,"player_choice":"Embrace","damage_taken":0,"max_hp_gain":0,"max_hp_loss":72,"event_name":"betterThird:BetterShining","floor":3,"gold_loss":0},{"damage_healed":0,"gold_gain":0,"player_choice":"Ignored","damage_taken":0,"max_hp_gain":0,"max_hp_loss":0,"event_name":"Cursed Tome","floor":31,"gold_loss":0}],"is_beta":false,"boss_relics":[{"not_picked":["Coffee Dripper","Philosopher\u0027s Stone"],"picked":"Velvet Choker"}],"items_purged_floors":[8,30],"is_endless":false,"potions_floor_spawned":[1,11,16,18,24,29],"killed_by":"Automaton","ascension_level":1}}