{"host":"2cc5p8abrq83pe05","time":1613321738,"event":{"mods":["BaseMod","Colored Map","Colored Powertips","Googly Eyes","Minty Spire (QoL Compilation)","StSLib","The Servant 0.9.4"],"gold_per_floor":[109,126,126,136,147,174,174,209,209,225,42,42,59,73,73,170,170,190,190,204,217,232,260,260,287,314,331,347,23,33,50,50,146,146,158,171,185,185,185,212,212,212,266,266,316,329,329,354,354,354,354,354,48,81,81],"floor_reached":56,"language":"ENG","playtime":4945,"items_purged":["Defend_S"],"score":1488,"play_id":"ac65d4bc-083d-4ed3-95fc-a8a5909cb7a7","local_time":"20210214095538","is_ascension_mode":false,"campfire_choices":[{"data":"Hightail","floor":15.0,"key":"SMITH"},{"data":"LightFlow","floor":24.0,"key":"SMITH"},{"data":"Barrier","floor":32.0,"key":"SMITH"},{"data":"Exchange","floor":41.0,"key":"SMITH"},{"data":"TimeWarp","floor":44.0,"key":"SMITH"},{"data":"ShatteredReality","floor":47.0,"key":"SMITH"},{"floor":49,"key":"RECALL"},{"data":"ShatteredReality","floor":52,"key":"SMITH"}],"circlet_count":0,"master_deck":["Defend_S","KidneyShot","Exchange+1","Barrier+1","TimeWarp","Hightail+1","ShatteredReality+1","ShatteredReality+1","ShatteredReality","InstantArmor+1","FlawlessForm+1","ShatteredReality","Deny+1","ShatteredReality","FloweringNight+1","PendulumOfEternity+1","TheWorld+1","TimeWarp+1","RealityMarble+1","LightFlow+1","BottledTime+1","Replace+1","Replace+1","Dilation+1","Comet+1","Madness+1","Madness+1","SpecialFormula+1","Duplication+1","BottledTime+1"],"relics":["Uniform","Toxic Egg 2","Frozen Egg 2","Gremlin Horn","Bottled Lightning","Astrolabe","Darkstone Periapt","StoneCalendar","Bag of Preparation","Kunai","MysterySword","Bottled Tornado","Torii","Potion Belt","Bottled Flame","Art of War"],"acts_visited":["Exordium","TheCity","TheBeyond","TheEnding"],"potions_floor_usage":[55],"damage_taken":[{"damage":0.0,"enemies":"2 Louse","floor":1.0,"turns":3.0},{"damage":0.0,"enemies":"Jaw Worm","floor":2.0,"turns":4.0},{"damage":0.0,"enemies":"Small Slimes","floor":4.0,"turns":4.0},{"damage":11.0,"enemies":"3 Louse","floor":5.0,"turns":4.0},{"damage":3.0,"enemies":"Lagavulin","floor":6.0,"turns":11.0},{"damage":14.0,"enemies":"Gremlin Nob","floor":8.0,"turns":5.0},{"damage":0.0,"enemies":"Large Slime","floor":10.0,"turns":5.0},{"damage":0.0,"enemies":"2 Fungi Beasts","floor":13.0,"turns":3.0},{"damage":0.0,"enemies":"Blue Slaver","floor":14.0,"turns":3.0},{"damage":0.0,"enemies":"Slime Boss","floor":16.0,"turns":13.0},{"damage":0.0,"enemies":"Spheric Guardian","floor":18.0,"turns":3.0},{"damage":0.0,"enemies":"3 Byrds","floor":20.0,"turns":3.0},{"damage":0.0,"enemies":"Shelled Parasite and Fungi","floor":21.0,"turns":2.0},{"damage":0.0,"enemies":"Centurion and Healer","floor":22.0,"turns":3.0},{"damage":2.0,"enemies":"Gremlin Leader","floor":23.0,"turns":3.0},{"damage":14.0,"enemies":"Book of Stabbing","floor":25.0,"turns":3.0},{"damage":0.0,"enemies":"Snake Plant","floor":27.0,"turns":2.0},{"damage":0.0,"enemies":"3 Cultists","floor":28.0,"turns":1.0},{"damage":0.0,"enemies":"Sentry and Sphere","floor":30.0,"turns":2.0},{"damage":0.0,"enemies":"Centurion and Healer","floor":31.0,"turns":1.0},{"damage":0.0,"enemies":"Automaton","floor":33.0,"turns":5.0},{"damage":0.0,"enemies":"3 Darklings","floor":35.0,"turns":1.0},{"damage":0.0,"enemies":"3 Shapes","floor":36.0,"turns":2.0},{"damage":0.0,"enemies":"Writhing Mass","floor":37.0,"turns":5.0},{"damage":0.0,"enemies":"Giant Head","floor":40.0,"turns":4.0},{"damage":0.0,"enemies":"Mind Bloom Boss Battle","floor":45.0,"turns":3.0},{"damage":0.0,"enemies":"4 Shapes","floor":46.0,"turns":1.0},{"damage":0.0,"enemies":"Reptomancer","floor":48.0,"turns":2.0},{"damage":0,"enemies":"Donu and Deca","floor":50,"turns":4},{"damage":0,"enemies":"Shield and Spear","floor":54,"turns":4},{"damage":9,"enemies":"The Heart","floor":55,"turns":6}],"seed_played":"-820119035617714092","potions_obtained":[{"floor":1.0,"key":"Fire Potion"},{"floor":2.0,"key":"DistilledChaos"},{"floor":8.0,"key":"Swift Potion"},{"floor":13.0,"key":"PowerPotion"},{"floor":27.0,"key":"FairyPotion"},{"floor":54,"key":"BlessingOfTheForge"}],"is_trial":false,"path_per_floor":["M","M","?","M","M","E","?","E","T","M","$","T","M","M","R","B",null,"M","?","M","M","M","E","R","E","T","M","M","$","M","M","R","B",null,"M","M","M","?","?","E","R","?","T","R","?","M","R","E","R","B",null,"R","$","E","B",null],"character_chosen":"THE_SERVANT","items_purchased":["FlawlessForm+1","ShatteredReality","Kunai","Bottled Flame","SteroidPotion"],"campfire_rested":0,"item_purchase_floors":[11,11,29,53,53],"current_hp_per_floor":[71,71,71,71,60,57,50,36,36,36,36,36,36,36,36,36,71,71,71,71,71,71,69,69,55,55,55,55,55,55,55,55,55,71,71,71,71,71,71,71,71,62,62,62,62,70,70,70,70,71,71,71,71,71,62],"gold":81,"neow_bonus":"TEN_PERCENT_HP_BONUS","is_daily":false,"chose_seed":false,"campfire_upgraded":7,"win_rate":0.0,"timestamp":1613321738,"path_taken":["M","M","?","M","M","E","?","E","T","M","?","?","M","M","R","BOSS","M","?","M","M","M","E","R","E","T","M","M","$","M","M","R","BOSS","M","M","M","?","?","E","R","?","T","R","?","M","R","E","R","BOSS","R","$","E","BOSS"],"items_purchased_type":["Card","Card","Relic","Relic","Potion"],"build_version":"2020-12-22","purchased_purges":1,"victory":true,"max_hp_per_floor":[71,71,71,71,71,71,71,71,71,71,71,71,71,71,71,71,71,71,71,71,71,71,71,71,71,71,71,71,71,71,71,71,71,71,71,71,71,71,71,71,71,71,71,71,71,71,71,71,71,71,71,71,71,71,71],"card_choices":[{"not_picked":["Hightail","ShatteredReality"],"picked":"Barrier","floor":1.0},{"not_picked":["ReturningBlade","Revamp"],"picked":"TimeWarp","floor":2.0},{"not_picked":["FastForward","SpecialFormula"],"picked":"Hightail","floor":4.0},{"not_picked":["Revamp","Gouge"],"picked":"ShatteredReality","floor":5.0},{"not_picked":["Alleviate+1","TimeWarp"],"picked":"ShatteredReality","floor":6.0},{"not_picked":["ReturningBlade","SpecialFormula+1"],"picked":"ShatteredReality","floor":8.0},{"not_picked":["Alleviate+1","DoubleEdge"],"picked":"InstantArmor+1","floor":10.0},{"not_picked":["TimeWarp","FanOfKnives"],"picked":"Deny+1","floor":13.0},{"not_picked":["Shuttle+1","Replace+1"],"picked":"ShatteredReality","floor":14.0},{"not_picked":["PendulumOfEternity","LightFlow"],"picked":"FloweringNight+1","floor":16.0},{"not_picked":["Ricochet","Rearm+1","Alleviate+1"],"picked":"SKIP","floor":18.0},{"not_picked":["Revamp+1","FastForward+1","Starlight+1"],"picked":"SKIP","floor":20.0},{"not_picked":["Alleviate+1","FastForward+1","Starlight"],"picked":"SKIP","floor":21.0},{"not_picked":["Alleviate+1","SilverBlades+1"],"picked":"LightFlow","floor":22.0},{"not_picked":["Unruled+1","Desolation","Alleviate+1"],"picked":"SKIP","floor":23.0},{"not_picked":["Advance+1","StarChef+1"],"picked":"BottledTime+1","floor":25.0},{"not_picked":["Gouge","Potential","FastForward+1"],"picked":"SKIP","floor":27.0},{"not_picked":["Snipe","TimeWarp"],"picked":"Replace+1","floor":28.0},{"not_picked":["Revamp+1","FastForward+1","Defy+1"],"picked":"SKIP","floor":30.0},{"not_picked":["KillingDoll","Rearm+1"],"picked":"Replace+1","floor":31.0},{"not_picked":["Sunlight","ForgedInTime+1"],"picked":"Dilation+1","floor":33.0},{"not_picked":["Rearm+1","DoubleEdge","Gouge"],"picked":"SKIP","floor":35.0},{"not_picked":["Rearm+1","Alleviate+1","Revamp+1"],"picked":"SKIP","floor":36.0},{"not_picked":["Rewind+1","Gouge+1"],"picked":"Comet+1","floor":37.0},{"not_picked":["SurpressingFire+1","FastForward+1","DoubleEdge"],"picked":"SKIP","floor":40.0},{"not_picked":["Starlight+1","FanOfKnives"],"picked":"SpecialFormula+1","floor":45.0},{"not_picked":["Comet","FastForward+1"],"picked":"Duplication+1","floor":46.0},{"not_picked":["DualDimension+1","Potential"],"picked":"BottledTime+1","floor":48.0},{"not_picked":["DoubleEdge+1","Read+1","FanOfKnives+1"],"picked":"SKIP","floor":54}],"player_experience":105086,"relics_obtained":[{"floor":6.0,"key":"Toxic Egg 2"},{"floor":8.0,"key":"Frozen Egg 2"},{"floor":9.0,"key":"Gremlin Horn"},{"floor":12.0,"key":"Bottled Lightning"},{"floor":23.0,"key":"Darkstone Periapt"},{"floor":25.0,"key":"StoneCalendar"},{"floor":26.0,"key":"Bag of Preparation"},{"floor":40.0,"key":"Bottled Tornado"},{"floor":45.0,"key":"Torii"},{"floor":48.0,"key":"Potion Belt"},{"floor":54,"key":"Art of War"}],"event_choices":[{"damage_healed":0.0,"max_hp_gain":0.0,"max_hp_loss":0.0,"gold_gain":0.0,"event_name":"Liars Game","player_choice":"Ignored","floor":3.0,"gold_loss":0.0,"damage_taken":0.0},{"cards_removed":["Defend_S"],"damage_healed":0.0,"max_hp_gain":0.0,"max_hp_loss":0.0,"gold_gain":0.0,"event_name":"Golden Wing","player_choice":"Card Removal","floor":7.0,"gold_loss":0.0,"damage_taken":7.0},{"damage_healed":0.0,"max_hp_gain":0.0,"max_hp_loss":0.0,"gold_gain":0.0,"cards_transformed":["Strike_S","Defend_S"],"event_name":"Drug Dealer","player_choice":"Became Test Subject","floor":19.0,"gold_loss":0.0,"damage_taken":0.0,"cards_obtained":["TimeWarp","RealityMarble"]},{"cards_removed":["LightFlow"],"damage_healed":0.0,"max_hp_gain":0.0,"max_hp_loss":0.0,"gold_gain":0.0,"event_name":"Falling","player_choice":"Removed Attack","floor":38.0,"gold_loss":0.0,"damage_taken":0.0},{"damage_healed":0.0,"max_hp_gain":0.0,"max_hp_loss":0.0,"gold_gain":0.0,"event_name":"Tomb of Lord Red Mask","player_choice":"Ignored","floor":39.0,"gold_loss":0.0,"damage_taken":0.0},{"damage_healed":0.0,"max_hp_gain":0.0,"max_hp_loss":0.0,"gold_gain":0.0,"event_name":"Winding Halls","player_choice":"Embrace Madness","floor":42.0,"gold_loss":0.0,"damage_taken":9.0,"cards_obtained":["Madness","Madness"]},{"damage_healed":0.0,"max_hp_gain":0.0,"max_hp_loss":0.0,"gold_gain":0.0,"event_name":"MindBloom","player_choice":"Fight","floor":45.0,"gold_loss":0.0,"damage_taken":0.0}],"is_beta":false,"boss_relics":[{"not_picked":["Tiny House","StoneMask"],"picked":"Astrolabe"},{"not_picked":["Velvet Choker","Sozu"],"picked":"MysterySword"}],"items_purged_floors":[29],"is_endless":false,"potions_floor_spawned":[1,2,8,13,14,21,27,30,37,45,46,54],"ascension_level":0}}