{"host":"ve5hox67eka4rdnb","time":1613299929,"event":{"mods":["ATMod(∞¢Ë™Mod)","AchievementEnabler","Act Like it!","BaseMod","Downfall","Gensokyo","Hermit","Lobotomy","LobotomyExtend","Marisa£®ÏF”Í°°ƒß¿Ì…≥£©","Minty Spire (QoL Compilation)","Quick Restart","Remilia£®¿Ÿ√◊¿Ú—«£©","Replay The Spire","Shop Mod","StSLib"],"gold_per_floor":[120,136,136,136,136,167,167,167,217,217,217],"floor_reached":10,"language":"ZHS","playtime":243,"items_purged":[],"score":93,"play_id":"6f6eb5ca-c02a-4408-bea2-ebe792fb8fe8","local_time":"20210214185209","is_ascension_mode":true,"campfire_choices":[],"circlet_count":0,"master_deck":["SpecialBullet","SpecialBullet","SpecialBullet","SpecialBullet","SpecialBullet","SpecialBullet","SpecialBullet","ControlCode","SecurityCode","TrainingCode","AT_DrawKnifeCut+1","OldLady","Wingbeat+1","UniverseFragment","VoidDream","TT2Protocol"],"relics":["CogitoBucket","AT_ATBox","NeowsBlessing","LetterFromLob","Orichalcum","PrismaticShard","Pet Ghost"],"acts_visited":["Exordium"],"potions_floor_usage":[10,10],"damage_taken":[{"damage":0.0,"enemies":"Small Slimes","floor":1.0,"turns":1.0},{"damage":0.0,"enemies":"2 Louse","floor":2.0,"turns":1.0},{"damage":0,"enemies":"3 Sentries","floor":6,"turns":1},{"damage":64,"enemies":"Lagavulin","floor":10,"turns":6}],"seed_played":"-8914421709684636535","potions_obtained":[{"floor":1.0,"key":"Adrenaline Potion"},{"floor":2.0,"key":"Weak Potion"},{"floor":6,"key":"FearPotion"}],"is_trial":false,"path_per_floor":["M","M","?","?","?","E","R","?","T","E"],"character_chosen":"Angela","items_purchased":[],"campfire_rested":0,"item_purchase_floors":[],"current_hp_per_floor":[70,70,70,56,63,70,70,70,70,6,6],"gold":217,"neow_bonus":"THREE_ENEMY_KILL","is_daily":false,"chose_seed":false,"campfire_upgraded":0,"win_rate":0.0,"timestamp":1613299929,"path_taken":["M","M","?","?","?","E","R","?","T","E"],"items_purchased_type":[],"build_version":"2020-12-22","purchased_purges":0,"victory":false,"max_hp_per_floor":[70,70,70,70,70,70,70,70,70,70,70],"card_choices":[{"not_picked":["FairyFestival","WallGazer"],"picked":"OldLady","floor":1.0},{"not_picked":["ShedSkin"],"picked":"Wingbeat","floor":1.0},{"not_picked":["Mercenary","CherryBlossoms"],"picked":"UniverseFragment","floor":2.0},{"not_picked":["Penitence","Noise"],"picked":"SKIP","floor":2.0},{"not_picked":["CrumblingArmor","LongBird"],"picked":"VoidDream","floor":6},{"not_picked":["Noise","WristCuter"],"picked":"SKIP","floor":6}],"player_experience":223612,"relics_obtained":[{"floor":1.0,"key":"LetterFromLob"},{"floor":6,"key":"Orichalcum"},{"floor":9,"key":"Pet Ghost"}],"event_choices":[{"damage_healed":0,"gold_gain":0,"player_choice":"Entered Light","damage_taken":14,"max_hp_gain":0,"max_hp_loss":0,"event_name":"Shining Light","floor":4,"gold_loss":0,"cards_upgraded":["Wingbeat","AT_DrawKnifeCut"]}],"is_beta":false,"boss_relics":[],"items_purged_floors":[],"is_endless":false,"potions_floor_spawned":[1,2,6],"killed_by":"Lagavulin","ascension_level":1}}