{"host":"qgrlfjrqk9z96gfi","time":1613286457,"event":{"mods":["BaseMod","Block Reminder","Colored Map","Custom Start","DeckTracker","Minty Spire (QoL Compilation)"],"gold_per_floor":[360,373,106,120,32,32,67,67,67,92,92,103,122,122,122,198,198,218,230,230,230,250,250,250,250,250],"floor_reached":25,"language":"ENG","playtime":769,"items_purged":["Decay"],"score":447,"play_id":"11887409-ca51-4a10-afbc-9e3e85792da9","local_time":"20210213210737","is_ascension_mode":true,"campfire_choices":[{"data":"Footwork","floor":6.0,"key":"SMITH"},{"floor":8,"key":"REST"},{"data":"Phantasmal Killer","floor":11,"key":"SMITH"},{"floor":15,"key":"REST"},{"floor":23,"key":"REST"}],"circlet_count":0,"master_deck":["AscendersBane","Defend_G","Defend_G","Defend_G","Defend_G","Defend_G","Survivor","Neutralize","Sucker Punch","Slice","Blade Dance","Eviscerate","Footwork+1","Backstab","Footwork","Dagger Spray","Phantasmal Killer+1","Deflect","Noxious Fumes+1","Glass Knife","Leg Sweep","Dodge and Roll","Heel Hook","Doppelganger","Bite","Bite","Bite","Bite","Dagger Throw","PanicButton"],"relics":["Ring of the Snake","HornCleat","Lantern","Ornamental Fan","HoveringKite"],"acts_visited":["Exordium","TheCity"],"potions_floor_usage":[7,10,18,19,25],"damage_taken":[{"damage":15.0,"enemies":"Jaw Worm","floor":1.0,"turns":8.0},{"damage":2.0,"enemies":"Cultist","floor":2.0,"turns":5.0},{"damage":10.0,"enemies":"Small Slimes","floor":4.0,"turns":4.0},{"damage":11,"enemies":"Gremlin Nob","floor":7,"turns":3},{"damage":14,"enemies":"Lagavulin","floor":10,"turns":7},{"damage":4,"enemies":"3 Louse","floor":12,"turns":3},{"damage":0,"enemies":"Looter","floor":13,"turns":2},{"damage":24,"enemies":"Hexaghost","floor":16,"turns":10},{"damage":7,"enemies":"2 Thieves","floor":18,"turns":3},{"damage":0,"enemies":"3 Byrds","floor":19,"turns":6},{"damage":48,"enemies":"Cultist and Chosen","floor":22,"turns":7},{"damage":20,"enemies":"Gremlin Leader","floor":25,"turns":3}],"seed_played":"-7959818719624356258","potions_obtained":[{"floor":1.0,"key":"ColorlessPotion"},{"floor":4.0,"key":"SteroidPotion"},{"floor":13,"key":"Dexterity Potion"},{"floor":16,"key":"Strength Potion"},{"floor":18,"key":"CunningPotion"}],"is_trial":false,"path_per_floor":["M","M","$","M","$","R","E","R","T","E","R","M","M","?","R","B",null,"M","M","?","?","M","R","?","E"],"character_chosen":"THE_SILENT","items_purchased":["Blade Dance","Eviscerate","Footwork","Footwork"],"campfire_rested":3,"item_purchase_floors":[3,3,3,5],"current_hp_per_floor":[44,42,42,32,32,32,21,40,40,26,26,22,22,22,41,17,54,47,47,47,46,2,15,15,0,0],"gold":250,"neow_bonus":"TWO_FIFTY_GOLD","is_daily":false,"chose_seed":false,"campfire_upgraded":2,"win_rate":0.0,"timestamp":1613286457,"path_taken":["M","M","$","M","$","R","E","R","T","E","R","M","M","?","R","BOSS","M","?","?","?","M","R","?","E"],"items_purchased_type":["Card","Card","Card","Card"],"build_version":"2020-12-22","purchased_purges":1,"victory":false,"max_hp_per_floor":[66,66,66,66,66,66,66,66,66,66,66,66,66,66,66,66,66,66,66,66,46,46,46,46,46,46],"card_choices":[{"not_picked":["Backflip","Bane"],"picked":"Sucker Punch","floor":1.0},{"not_picked":["Dodge and Roll","Deadly Poison"],"picked":"Slice","floor":2.0},{"not_picked":["Infinite Blades","Flechettes"],"picked":"Backstab","floor":4.0},{"not_picked":["Quick Slash","Dodge and Roll"],"picked":"Dagger Spray","floor":7},{"not_picked":["Outmaneuver","Glass Knife"],"picked":"Phantasmal Killer","floor":10},{"not_picked":["Dodge and Roll","Underhanded Strike"],"picked":"Deflect","floor":12},{"not_picked":["Sucker Punch","Bane"],"picked":"Noxious Fumes","floor":13},{"not_picked":["Grand Finale","Storm of Steel"],"picked":"Glass Knife","floor":16},{"not_picked":["Cloak And Dagger","Tactician"],"picked":"Leg Sweep","floor":18},{"not_picked":["Underhanded Strike","Slice+1"],"picked":"Dodge and Roll","floor":19},{"not_picked":["Quick Slash","Expertise"],"picked":"Dagger Throw","floor":22}],"player_experience":1142268,"relics_obtained":[{"floor":7,"key":"HornCleat"},{"floor":9,"key":"Lantern"},{"floor":10,"key":"Ornamental Fan"}],"event_choices":[{"damage_healed":0,"gold_gain":0,"player_choice":"Forge","damage_taken":0,"max_hp_gain":0,"max_hp_loss":0,"event_name":"Accursed Blacksmith","floor":14,"gold_loss":0,"cards_upgraded":["Noxious Fumes"]},{"damage_healed":0,"gold_gain":0,"cards_transformed":["Strike_G","Strike_G"],"player_choice":"Became Test Subject","damage_taken":0,"max_hp_gain":0,"max_hp_loss":0,"event_name":"Drug Dealer","floor":20,"gold_loss":0,"cards_obtained":["Heel Hook","Doppelganger"]},{"damage_healed":0,"gold_gain":0,"player_choice":"Became a vampire","damage_taken":0,"max_hp_gain":0,"max_hp_loss":20,"event_name":"Vampires","floor":21,"gold_loss":0,"cards_obtained":["Bite","Bite","Bite","Bite","Bite"]},{"damage_healed":0,"gold_gain":0,"cards_transformed":["Bite"],"player_choice":"Transformed","damage_taken":0,"max_hp_gain":0,"max_hp_loss":0,"event_name":"Transmorgrifier","floor":24,"gold_loss":0,"cards_obtained":["PanicButton"]}],"is_beta":false,"boss_relics":[{"not_picked":["Velvet Choker","Busted Crown"],"picked":"HoveringKite"}],"items_purged_floors":[3],"is_endless":false,"potions_floor_spawned":[1,4,13,16,18],"killed_by":"Gremlin Leader","ascension_level":20}}