{"host":"eeb412nj2w7f9cz8","time":1613275497,"event":{"mods":["ATMod(°¢èªMod)","Act Like it!","BaseMod","Minty Spire (QoL Compilation)","StSLib"],"gold_per_floor":[313,313,329,343,359,388,388,400,475,488,500,500,500,565,565,664,664,677,693,693,75,35,35,50,63,63,63,75,90,90,90],"floor_reached":30,"language":"ZHS","playtime":2310,"items_purged":["Writhe"],"score":236,"play_id":"6de8fdc7-5b06-41c1-a9a5-79171e43362d","local_time":"20210214120457","is_ascension_mode":false,"campfire_choices":[{"data":"AT_ThunderBolt","floor":7.0,"key":"SMITH"},{"data":"Zap","floor":13.0,"key":"SMITH"},{"data":"AT_ThreeBodyProblem","floor":15.0,"key":"SMITH"},{"data":"Creative AI","floor":23.0,"key":"SMITH"},{"data":"Self Repair","floor":27.0,"key":"SMITH"}],"circlet_count":0,"master_deck":["Strike_B","Strike_B","Strike_B","Strike_B","Defend_B","Defend_B","Defend_B","Defend_B","Zap+1","Dualcast","AT_ThunderBolt+1","AT_ThreeBodyProblem+1","AT_StudyProgram","Capacitor","Self Repair+1","Ball Lightning","Loop","Creative AI+1","Clumsy","Amplify+1","Consume+1"],"relics":["Cracked Core","AT_ATBox","Old Coin","Toy Ornithopter","AT_RabadonDeathcap","Bottled Tornado","Regal Pillow","Cursed Key","Ornamental Fan","AT_BladeRuinedKing","Runic Capacitor","Question Card","Toxic Egg 2"],"acts_visited":["Exordium","TheCity"],"potions_floor_usage":[29],"damage_taken":[{"damage":0.0,"enemies":"2 Louse","floor":1.0,"turns":3.0},{"damage":10.0,"enemies":"Cultist","floor":3.0,"turns":4.0},{"damage":0.0,"enemies":"Small Slimes","floor":4.0,"turns":5.0},{"damage":12.0,"enemies":"Exordium Thugs","floor":5.0,"turns":5.0},{"damage":32.0,"enemies":"Gremlin Nob","floor":6.0,"turns":5.0},{"damage":7.0,"enemies":"Looter","floor":8.0,"turns":4.0},{"damage":4.0,"enemies":"Blue Slaver","floor":10.0,"turns":3.0},{"damage":11.0,"enemies":"Exordium Wildlife","floor":11.0,"turns":3.0},{"damage":16.0,"enemies":"Lagavulin Event","floor":14.0,"turns":7.0},{"damage":10.0,"enemies":"The Guardian","floor":16.0,"turns":11.0},{"damage":9.0,"enemies":"Shell Parasite","floor":18.0,"turns":5.0},{"damage":10.0,"enemies":"3 Byrds","floor":19.0,"turns":3.0},{"damage":6.0,"enemies":"Centurion and Healer","floor":24.0,"turns":6.0},{"damage":48.0,"enemies":"Snake Plant","floor":25.0,"turns":4.0},{"damage":9.0,"enemies":"Chosen and Byrds","floor":28.0,"turns":6.0},{"damage":23,"enemies":"Centurion and Healer","floor":29,"turns":6},{"damage":23,"enemies":"Shelled Parasite and Fungi","floor":30,"turns":2}],"seed_played":"-6791640348146333765","potions_obtained":[{"floor":6.0,"key":"SkillPotion"},{"floor":8.0,"key":"DuplicationPotion"},{"floor":10.0,"key":"DistilledChaos"},{"floor":14.0,"key":"GamblersBrew"},{"floor":18.0,"key":"AttackPotion"},{"floor":22.0,"key":"Explosive Potion"},{"floor":22.0,"key":"GamblersBrew"},{"floor":22.0,"key":"CultistPotion"}],"is_trial":false,"path_per_floor":["M","?","M","M","M","E","R","M","T","M","M","T","R","?","R","B",null,"M","M","?","$","?","R","M","M","T","R","M","M","M"],"character_chosen":"DEFECT","items_purchased":["AT_BladeRuinedKing","Runic Capacitor","Question Card"],"campfire_rested":0,"item_purchase_floors":[21,21,21],"current_hp_per_floor":[75,75,65,65,53,21,21,19,19,34,35,35,35,26,26,28,75,73,65,65,65,65,65,66,25,25,25,31,23,0,0],"gold":90,"neow_bonus":"ONE_RARE_RELIC","is_daily":false,"chose_seed":false,"campfire_upgraded":5,"win_rate":0.0,"timestamp":1613275497,"path_taken":["M","?","M","M","M","E","R","M","T","?","M","?","R","?","R","BOSS","M","M","?","$","?","R","M","M","T","R","M","M","M"],"items_purchased_type":["Relic","Relic","Relic"],"build_version":"2020-12-22","purchased_purges":1,"victory":false,"max_hp_per_floor":[75,75,75,75,75,75,75,75,75,75,75,75,75,75,75,75,75,75,75,75,75,75,75,75,75,75,75,75,75,75,75],"card_choices":[{"not_picked":["Go for the Eyes","Hologram"],"picked":"Gash","floor":1.0},{"not_picked":["Sweeping Beam","Force Field"],"picked":"AT_ThreeBodyProblem","floor":3.0},{"not_picked":["Cold Snap","Streamline","Stack"],"picked":"SKIP","floor":4.0},{"not_picked":["Leap","Rebound"],"picked":"AT_StudyProgram","floor":5.0},{"not_picked":["Cold Snap","Tempest"],"picked":"Capacitor","floor":6.0},{"not_picked":["Steam","Conserve Battery"],"picked":"Self Repair","floor":8.0},{"not_picked":["Rebound","Reprogram"],"picked":"Ball Lightning","floor":10.0},{"not_picked":["Reinforced Body","Storm","Go for the Eyes"],"picked":"SKIP","floor":11.0},{"not_picked":["AT_ThreeBodyProblem","Go for the Eyes"],"picked":"Loop","floor":14.0},{"not_picked":["Biased Cognition","AT_RightCognition"],"picked":"Creative AI","floor":16.0},{"not_picked":["Streamline","Hologram","Turbo"],"picked":"SKIP","floor":18.0},{"not_picked":["Beam Cell+1","Compile Driver","Go for the Eyes"],"picked":"SKIP","floor":19.0},{"not_picked":["Creative AI","Conserve Battery","Self Repair","Redo"],"picked":"SKIP","floor":24.0},{"not_picked":["Steam","AT_ThunderBolt","Gash+1","Coolheaded"],"picked":"SKIP","floor":25.0},{"not_picked":["Beam Cell+1","Tempest+1","AT_RobotInSpace+1"],"picked":"Amplify+1","floor":28.0},{"not_picked":["Auto Shields+1","Defragment","Ball Lightning"],"picked":"Consume+1","floor":29}],"player_experience":90704,"relics_obtained":[{"floor":6.0,"key":"AT_RabadonDeathcap"},{"floor":9.0,"key":"Bottled Tornado"},{"floor":14.0,"key":"Regal Pillow"},{"floor":26.0,"key":"Toxic Egg 2"}],"event_choices":[{"cards_removed":["Gash"],"damage_healed":0.0,"max_hp_gain":0.0,"max_hp_loss":0.0,"gold_gain":0.0,"event_name":"WeMeetAgain","player_choice":"Gave Card","floor":2.0,"gold_loss":0.0,"damage_taken":0.0,"relics_obtained":["Toy Ornithopter"]},{"damage_healed":0.0,"max_hp_gain":0.0,"max_hp_loss":0.0,"gold_gain":0.0,"event_name":"Dead Adventurer","player_choice":"Searched \u00271\u0027 times","floor":14.0,"gold_loss":0.0,"damage_taken":0.0},{"damage_healed":0.0,"max_hp_gain":0.0,"max_hp_loss":0.0,"gold_gain":0.0,"event_name":"The Mausoleum","player_choice":"Opened","floor":20.0,"gold_loss":0.0,"damage_taken":0.0,"relics_obtained":["Ornamental Fan"],"cards_obtained":["Writhe"]},{"damage_healed":0.0,"max_hp_gain":0.0,"max_hp_loss":0.0,"gold_gain":0.0,"event_name":"The Woman in Blue","player_choice":"Bought 3 Potions","floor":22.0,"gold_loss":0.0,"damage_taken":0.0}],"is_beta":false,"boss_relics":[{"not_picked":["Philosopher\u0027s Stone","Black Star"],"picked":"Cursed Key"}],"items_purged_floors":[21],"is_endless":false,"potions_floor_spawned":[6,8,10,14,18],"killed_by":"Shelled Parasite and Fungi","ascension_level":0}}