{"host":"za1qviwhp34x909e","time":1613304329,"event":{"mods":["Act Like it!","BaseMod","Colored Map","Colored Powertips","Downfall","Highlight Path","Hubris","Marisa????????","Minty Spire (QoL Compilation)","Quick Restart","StSLib","The Disciple","The Servant 0.9.4"],"gold_per_floor":[14,189,205,219,219,290,290,290,290,10,10,37,70,94,94,197,197,216,249,249,264,136,136,168,168,221,250,270,289,289,309,309,413,413,426,526,269,12,23,54,54,54,54,54,70,70,86,86,86,86,86,86,86,112,112,112],"floor_reached":55,"language":"ENG","playtime":4640,"items_purged":["Doubt","Strike_S"],"score":880,"play_id":"a66ed6ae-f316-4ba5-80d5-17a56da2d1ca","local_time":"20210214060529","is_ascension_mode":true,"campfire_choices":[{"data":"Advance","floor":7,"key":"SMITH"},{"floor":11,"key":"REST"},{"data":"Potential","floor":15,"key":"SMITH"},{"data":"Exchange","floor":23,"key":"SMITH"},{"data":"Potential","floor":25,"key":"SMITH"},{"data":"Potential","floor":30,"key":"SMITH"},{"data":"Sabotage","floor":32,"key":"SMITH"},{"floor":42,"key":"REST"},{"data":"Deny","floor":44,"key":"SMITH"},{"data":"RealityMarble","floor":46,"key":"SMITH"},{"floor":49,"key":"RECALL"},{"data":"Replace","floor":52,"key":"SMITH"}],"circlet_count":0,"master_deck":["Strike_S","Strike_S+1","Defend_S","Defend_S","Defend_S","Defend_S","KidneyShot","Exchange+1","ShatteredReality","Potential+1","Rearm+1","Advance+1","Replace","ShatteredReality","Rearm","Deadline","TheWorld+1","BottledTime+1","Read","Replace+1","Potential+1","BestPractice","Deny+1","Alleviate+1","Potential+1","Sabotage+1","Dilation+1","ShiftingGears","Master of Strategy","RealityMarble+1","ShatteredReality+1","Panache","Rewind+1"],"relics":["SplendidAttire","hubris:MedicalManual","Oddly Smooth Stone","Anchor","hubris:SphereOfDissonance","DollysMirror","Odd Mushroom","Mummified Hand","Boot","Red Mask","hubris:ToyBattleship","Bottled Lightning","Blood Vial","Nunchaku","Sozu","War Paint","Question Card","Toy Ornithopter"],"acts_visited":["Exordium","TheCity","TheBeyond","TheEnding"],"potions_floor_usage":[6,13,13,21,33,33],"damage_taken":[{"damage":3,"enemies":"Small Slimes","floor":1,"turns":4},{"damage":1,"enemies":"Jaw Worm","floor":3,"turns":5},{"damage":0,"enemies":"2 Louse","floor":4,"turns":2},{"damage":18,"enemies":"3 Sentries","floor":6,"turns":11},{"damage":2,"enemies":"The Mushroom Lair","floor":12,"turns":3},{"damage":13,"enemies":"Lagavulin","floor":13,"turns":3},{"damage":20,"enemies":"Slime Boss","floor":16,"turns":7},{"damage":0,"enemies":"Shell Parasite","floor":18,"turns":2},{"damage":7,"enemies":"Masked Bandits","floor":19,"turns":3},{"damage":0,"enemies":"3 Byrds","floor":21,"turns":4},{"damage":18,"enemies":"Book of Stabbing","floor":24,"turns":3},{"damage":0,"enemies":"Slavers","floor":27,"turns":3},{"damage":5,"enemies":"Snake Plant","floor":28,"turns":2},{"damage":0,"enemies":"Chosen and Byrds","floor":29,"turns":4},{"damage":0,"enemies":"Snecko","floor":31,"turns":2},{"damage":37,"enemies":"Collector","floor":33,"turns":10},{"damage":23,"enemies":"3 Darklings","floor":35,"turns":5},{"damage":0,"enemies":"Orb Walker","floor":39,"turns":2},{"damage":32,"enemies":"Nemesis","floor":40,"turns":5},{"damage":0,"enemies":"Maw","floor":45,"turns":6},{"damage":11,"enemies":"3 Darklings","floor":47,"turns":3},{"damage":0,"enemies":"Donu and Deca","floor":50,"turns":7},{"damage":0,"enemies":"Shield and Spear","floor":54,"turns":5},{"damage":69,"enemies":"The Heart","floor":55,"turns":9}],"seed_played":"-1926484253256704205","potions_obtained":[{"floor":4,"key":"ColorlessPotion"},{"floor":6,"key":"hexamod:SoulburnPotion"},{"floor":12,"key":"champ:CounterPotion"},{"floor":18,"key":"LiquidBronze"},{"floor":24,"key":"Guardian:BlockOnCardUsePotion"},{"floor":28,"key":"SteroidPotion"}],"is_trial":false,"path_per_floor":["M","?","M","M","?","E","R","?","T","$","R","?","E","T","R","B",null,"M","?","?","M","?","R","E","R","T","E","M","M","R","M","R","B",null,"M","?","$","$","M","E","?","R","T","R","M","R","M","?","R","B",null,"R","$","E","B"],"character_chosen":"THE_SERVANT","items_purchased":["Replace","DollysMirror","War Paint","Master of Strategy","RealityMarble"],"campfire_rested":2,"item_purchase_floors":[10,10,37,38,38],"current_hp_per_floor":[62,62,61,61,49,31,31,18,18,18,37,35,22,22,22,2,65,65,58,58,58,58,58,40,40,40,42,39,41,41,43,43,8,65,42,42,42,42,44,14,14,33,33,33,35,35,26,26,26,28,65,65,65,65,0,0],"gold":112,"neow_bonus":"ONE_RARE_RELIC","is_daily":false,"chose_seed":false,"campfire_upgraded":9,"win_rate":0.0,"timestamp":1613304329,"path_taken":["M","?","M","M","?","E","R","?","T","$","R","?","E","?","R","BOSS","M","?","?","M","?","R","E","R","T","E","?","M","R","M","R","BOSS","M","?","?","$","M","E","?","R","T","R","M","R","?","?","R","BOSS","R","$","E","BOSS"],"items_purchased_type":["Card","Relic","Relic","Card","Card"],"build_version":"2020-12-22","purchased_purges":2,"victory":false,"max_hp_per_floor":[65,65,65,65,65,65,65,65,65,65,65,65,65,65,65,65,65,65,65,65,65,65,65,65,65,65,65,65,65,65,65,65,65,65,65,65,65,65,65,65,65,65,65,65,65,65,65,65,65,65,65,65,65,65,65,65],"card_choices":[{"not_picked":["Read","Manipulate"],"picked":"ShatteredReality","floor":1},{"not_picked":["DualDimension","Ricochet"],"picked":"Potential","floor":3},{"not_picked":["TimeWarp","Unruled"],"picked":"Rearm","floor":4},{"not_picked":["Alleviate","Rewind"],"picked":"Advance","floor":6},{"not_picked":["ShatteredReality","Revamp"],"picked":"Rearm","floor":12},{"not_picked":["DoubleEdge","Desolation"],"picked":"Deadline","floor":13},{"not_picked":["ForgedInTime","Duplication"],"picked":"TheWorld","floor":16},{"not_picked":["Reset","FastForward+1"],"picked":"BottledTime+1","floor":18},{"not_picked":["TimeWarp","Defy+1"],"picked":"Read","floor":19},{"not_picked":["Ricochet","Rewind+1"],"picked":"Potential","floor":21},{"not_picked":["Reset","Shuttle"],"picked":"BestPractice","floor":24},{"not_picked":["RealityMarble","Ricochet"],"picked":"Deny","floor":27},{"not_picked":["MoonPhase","Rewind"],"picked":"Alleviate+1","floor":28},{"not_picked":["DoubleEdge","InstantArmor+1"],"picked":"Potential","floor":29},{"not_picked":["Gouge+1","Defy"],"picked":"Sabotage","floor":31},{"not_picked":["FloweringNight","LightFlow"],"picked":"Dilation","floor":33},{"not_picked":["Revamp+1","Defy"],"picked":"ShiftingGears","floor":35},{"not_picked":["Rewind+1","Rearm+1","ShatteredReality"],"picked":"SKIP","floor":39},{"not_picked":["Replace","Revamp","Unruled+1"],"picked":"SKIP","floor":40},{"not_picked":["Revamp+1","Advance+1","Ricochet","Spin+1"],"picked":"SKIP","floor":45},{"not_picked":["BottledTime+1","Defy","SilverBlades+1"],"picked":"ShatteredReality+1","floor":47},{"not_picked":["Magnetism","Enlightenment","Madness"],"picked":"Panache","floor":48},{"not_picked":["InstantArmor","Defy+1","Ricochet"],"picked":"Rewind+1","floor":54}],"player_experience":713409,"relics_obtained":[{"floor":6,"key":"Anchor"},{"floor":9,"key":"hubris:SphereOfDissonance"},{"floor":12,"key":"Odd Mushroom"},{"floor":13,"key":"Mummified Hand"},{"floor":14,"key":"Boot"},{"floor":19,"key":"Red Mask"},{"floor":24,"key":"Bottled Lightning"},{"floor":26,"key":"Blood Vial"},{"floor":27,"key":"Nunchaku"},{"floor":40,"key":"Question Card"},{"floor":54,"key":"Toy Ornithopter"}],"event_choices":[{"damage_healed":0,"gold_gain":175,"player_choice":"AGREE","damage_taken":0,"max_hp_gain":0,"max_hp_loss":0,"event_name":"Liars Game","floor":2,"gold_loss":0,"cards_obtained":["Doubt"]},{"damage_healed":0,"gold_gain":0,"player_choice":"Success","damage_taken":12,"relics_obtained":["Oddly Smooth Stone"],"max_hp_gain":0,"max_hp_loss":0,"event_name":"Scrap Ooze","floor":5,"gold_loss":0},{"damage_healed":0,"gold_gain":0,"player_choice":"Entered Light","damage_taken":13,"max_hp_gain":0,"max_hp_loss":0,"event_name":"Shining Light","floor":8,"gold_loss":0,"cards_upgraded":["Strike_S","Rearm"]},{"damage_healed":0,"gold_gain":0,"player_choice":"Fought Mushrooms","damage_taken":0,"max_hp_gain":0,"max_hp_loss":0,"event_name":"Mushrooms","floor":12,"gold_loss":0},{"damage_healed":0,"gold_gain":0,"player_choice":"Fought Bandits","damage_taken":0,"max_hp_gain":0,"max_hp_loss":0,"event_name":"Masked Bandits","floor":19,"gold_loss":0},{"damage_healed":0,"gold_gain":0,"player_choice":"Paid Gold","damage_taken":0,"relics_obtained":["hubris:ToyBattleship"],"max_hp_gain":0,"max_hp_loss":0,"event_name":"WeMeetAgain","floor":22,"gold_loss":128},{"damage_healed":0,"gold_gain":100,"player_choice":"Pray","damage_taken":0,"max_hp_gain":0,"max_hp_loss":0,"event_name":"Golden Shrine","floor":36,"gold_loss":0},{"cards_removed":["Strike_S"],"damage_healed":0,"gold_gain":0,"player_choice":"Purged","damage_taken":0,"max_hp_gain":0,"max_hp_loss":0,"event_name":"Purifier","floor":41,"gold_loss":0},{"damage_healed":0,"gold_gain":0,"player_choice":"Memory 1","damage_taken":0,"max_hp_gain":0,"max_hp_loss":0,"event_name":"SensoryStone","floor":48,"gold_loss":0}],"is_beta":false,"boss_relics":[{"not_picked":["Runic Pyramid","Runic Dome"],"picked":"SplendidAttire"},{"not_picked":["MysterySword","Empty Cage"],"picked":"Sozu"}],"items_purged_floors":[10,37],"is_endless":false,"potions_floor_spawned":[4,6,12,18,24,28,40,45,54],"killed_by":"The Heart","ascension_level":1}}