{"host":"wbs0wzz0alz01mnq","time":1613338567,"event":{"mods":["2.2 Compatiblity","BaseMod","Downfall","GifTheSpireLib","Googly Eyes","Minty Spire (QoL Compilation)","Quick Restart","StSLib"],"gold_per_floor":[99,199,199,225,225,150,150,164,264,297,310,320,420,435,453,557,557,557,567,579,591,42,42,67,67,67,79,92,92,108,18,32,127,127,127,146,146,119,136,1,1,20,20,70,70,146,146,173,184,184,184,184],"floor_reached":50,"language":"ENG","playtime":3446,"items_purged":["Slimebound:Strike_Slimebound","Slimebound:Strike_Slimebound"],"score":517,"play_id":"6cf9182d-7716-4696-9a3f-6dfe5f967126","local_time":"20210214163607","is_ascension_mode":false,"campfire_choices":[{"data":"Slimebound:Split","floor":1,"key":"SMITH"},{"data":"Slimebound:RollThrough","floor":13,"key":"SMITH"},{"data":"Slimebound:OozeBath","floor":18,"key":"SMITH"},{"data":"expansioncontent:StudyTheSpire","floor":25,"key":"SMITH"},{"data":"Slimebound:DouseInSlime","floor":35,"key":"SMITH"},{"data":"Slimebound:BestDefense","floor":43,"key":"SMITH"},{"data":"Dramatic Entrance","floor":45,"key":"SMITH"},{"data":"Slimebound:Nibble","floor":47,"key":"SMITH"}],"circlet_count":0,"master_deck":["Slimebound:Tackle","Slimebound:Defend_Slimebound","Slimebound:Defend_Slimebound","Slimebound:Defend_Slimebound","Slimebound:Defend_Slimebound","Slimebound:Split+1","Slimebound:CorrosiveSpit","Slimebound:RollThrough+1","Slimebound:GoopSpray","Slimebound:GoopTackle","Slimebound:ItLooksTasty","Slimebound:Equalize","Slimebound:RollThrough","Slimebound:Chomp","Slimebound:RollThrough","Slimebound:OozeBath+1","Slimebound:GoopTackle+1","Slimebound:GoopTackle","Slimebound:ForwardTackle+1","Slimebound:LeechLife","Slimebound:FinishingTackle","Slimebound:Chomp","Slimebound:HauntingLick","expansioncontent:StudyTheSpire+1","Flash of Steel","Slimebound:Nibble","Slimebound:Nibble+1","Slimebound:Prepare","Slimebound:GoopSpray","Slimebound:BestDefense+1","Slimebound:Replication","Slimebound:Nibble+1","Slimebound:DouseInSlime+1","Slimebound:ProtectTheBoss+1","Slimebound:Darklings","Slimebound:Chomp+1","Dramatic Entrance+1","Slimebound:MegaLick","Slimebound:GoopSpray","Slimebound:LeadByExample","Slimebound:PressTheAttack","Slimebound:ItLooksTasty","Panacea","Slimebound:GoopSpray","Slimebound:LeechLife","Slimebound:LeechEnergy+1","Slimebound:DisruptingSlam+1"],"relics":["Slimebound:AbsorbEndCombat","downfall:HeartsMalice","Nunchaku","Bottled Flame","downfall:GremlinWheel","Thread and Needle","Slimebound:TarBlob","Bag of Marbles","bronze:MakeshiftBattery","Juzu Bracelet","Unceasing Top","Eternal Feather","Blood Vial"],"acts_visited":["Exordium","TheCity","TheBeyond"],"potions_floor_usage":[16,33,42,42],"damage_taken":[{"damage":0,"enemies":"Small Slimes","floor":3,"turns":1},{"damage":0,"enemies":"Jaw Worm","floor":5,"turns":1},{"damage":0,"enemies":"downfall:FleeingMerchant","floor":6,"turns":1},{"damage":6,"enemies":"2 Louse","floor":8,"turns":3},{"damage":16,"enemies":"2 Louse","floor":9,"turns":3},{"damage":26,"enemies":"Gremlin Nob","floor":10,"turns":4},{"damage":4,"enemies":"Lots of Slimes","floor":11,"turns":4},{"damage":0,"enemies":"Exordium Wildlife","floor":12,"turns":2},{"damage":4,"enemies":"Red Slaver","floor":14,"turns":3},{"damage":0,"enemies":"2 Fungi Beasts","floor":15,"turns":2},{"damage":50,"enemies":"DF_ARCHETYPE_STREAMLINE","floor":16,"turns":9},{"damage":16,"enemies":"3 Byrds","floor":19,"turns":4},{"damage":17,"enemies":"Snake Plant","floor":20,"turns":3},{"damage":20,"enemies":"3 Cultists","floor":21,"turns":4},{"damage":1,"enemies":"downfall:FleeingMerchant","floor":22,"turns":4},{"damage":13,"enemies":"Shelled Parasite and Fungi","floor":27,"turns":4},{"damage":6,"enemies":"Snake Plant","floor":28,"turns":3},{"damage":4,"enemies":"Snecko","floor":30,"turns":3},{"damage":1,"enemies":"downfall:FleeingMerchant","floor":31,"turns":4},{"damage":0,"enemies":"Sentry and Sphere","floor":32,"turns":4},{"damage":60,"enemies":"SI_MIRROR_ARCHETYPE","floor":33,"turns":8},{"damage":0,"enemies":"3 Shapes","floor":36,"turns":2},{"damage":3,"enemies":"downfall:FleeingMerchant","floor":38,"turns":3},{"damage":12,"enemies":"3 Darklings","floor":39,"turns":3},{"damage":0,"enemies":"Spire Growth","floor":42,"turns":2},{"damage":0,"enemies":"Spire Growth","floor":44,"turns":3},{"damage":0,"enemies":"4 Shapes","floor":49,"turns":2},{"damage":89,"enemies":"WA_ARCHETYPE_DIVINITY","floor":50,"turns":5}],"seed_played":"-1238003525964429215","potions_obtained":[{"floor":9,"key":"LiquidMemories"},{"floor":10,"key":"Strength Potion"},{"floor":11,"key":"hexamod:SoulburnPotion"},{"floor":14,"key":"Ancient Potion"},{"floor":20,"key":"Fire Potion"},{"floor":27,"key":"Guardian:BlockOnCardUsePotion"},{"floor":33,"key":"DistilledChaos"},{"floor":42,"key":"DuplicationPotion"}],"is_trial":false,"path_per_floor":["R","?","M","T","M","$","T","M","?","E","M","M","R","M","M","B",null,"R","M","M","M","$","?","T","R","?","M","M","?","M","$","M","B",null,"R","M","?","$","M","$","T","M","R","?","R","T","R","?","M","B"],"character_chosen":"SLIMEBOUND","items_purchased":["Slimebound:FinishingTackle","Slimebound:Chomp","Slimebound:HauntingLick","expansioncontent:StudyTheSpire","Flash of Steel","Slimebound:Replication","Dramatic Entrance","Slimebound:MegaLick","Slimebound:GoopSpray","Slimebound:LeadByExample","Slimebound:PressTheAttack","Panacea","Slimebound:GoopSpray"],"campfire_rested":0,"item_purchase_floors":[22,22,22,22,22,31,38,38,38,38,38,40,40],"current_hp_per_floor":[65,65,65,65,65,65,65,65,64,52,65,65,65,65,65,29,65,65,57,50,49,65,65,65,65,65,56,57,57,59,65,65,13,65,65,65,65,62,58,58,58,58,58,60,60,60,65,65,65,0,0,0],"gold":184,"neow_bonus":"THREE_ENEMY_KILL","is_daily":false,"chose_seed":false,"campfire_upgraded":8,"win_rate":0.0,"timestamp":1613338567,"path_taken":["R","?","M","?","M","$","T","M","?","E","M","?","R","M","M","BOSS","R","M","M","M","$","?","T","R","?","M","?","?","M","?","M","BOSS","R","M","?","$","M","$","T","M","R","?","R","?","R","?","M","BOSS"],"items_purchased_type":["Card","Card","Card","Card","Card","Card","Card","Card","Card","Card","Card","Card","Card"],"build_version":"2020-12-22","purchased_purges":2,"victory":false,"max_hp_per_floor":[65,65,65,65,65,65,65,65,65,65,65,65,65,65,65,65,65,65,65,65,65,65,65,65,65,65,65,65,65,65,65,65,65,65,65,65,65,65,65,65,65,65,65,65,65,65,65,65,65,65,65,65],"card_choices":[{"not_picked":["Slimebound:Prepare","Slimebound:SplitBruiser"],"picked":"Slimebound:RollThrough","floor":3},{"not_picked":["Slimebound:DivideAndConquer","Slimebound:SlimeSpikes"],"picked":"Slimebound:GoopSpray","floor":5},{"not_picked":["Slimebound:GrowthPunch","Slimebound:FinishingTackle"],"picked":"Slimebound:LeechLife","floor":6},{"not_picked":["Slimebound:ServeAndProtect","Slimebound:RejuvenatingLick"],"picked":"Slimebound:GoopTackle","floor":8},{"not_picked":["Slimebound:DisruptingSlam","Slimebound:SamplingLick"],"picked":"Slimebound:ItLooksTasty","floor":10},{"not_picked":["Slimebound:Dissolve","Slimebound:ComboTackle"],"picked":"Slimebound:Equalize","floor":11},{"not_picked":["Slimebound:SpikyOuterGoop","Slimebound:SplitAcid"],"picked":"Slimebound:RollThrough","floor":12},{"not_picked":["Slimebound:ComboTackle","Slimebound:HauntingLick"],"picked":"Slimebound:Chomp","floor":14},{"not_picked":["Slimebound:Repurpose","Slimebound:Prepare"],"picked":"Slimebound:RollThrough","floor":15},{"not_picked":["Slimebound:PrepareCrush","Slimebound:SelfFormingGoo"],"picked":"Slimebound:OozeBath","floor":16},{"not_picked":["Slimebound:RollThrough","Slimebound:GoopSpray"],"picked":"Slimebound:GoopTackle+1","floor":19},{"not_picked":["Slimebound:LeechingTouch","Slimebound:SplitMire"],"picked":"Slimebound:GoopTackle","floor":20},{"not_picked":["Slimebound:LeechingTouch","Slimebound:ComboTackle"],"picked":"Slimebound:ForwardTackle+1","floor":21},{"not_picked":["Slimebound:SlimeBarrage","Slimebound:SplitLeeching"],"picked":"Slimebound:LeechLife","floor":22},{"not_picked":["Slimebound:SplitBruiser+1","Slimebound:ComboTackle"],"picked":"Slimebound:Nibble","floor":27},{"not_picked":["Slimebound:LeechingTouch","Slimebound:SplitLeeching+1"],"picked":"Slimebound:Prepare","floor":28},{"not_picked":["Slimebound:SlimeTap+1","Slimebound:SlimeBarrage"],"picked":"Slimebound:GoopSpray","floor":30},{"not_picked":["Slimebound:AcidTongue+1","Slimebound:SplitMire"],"picked":"Slimebound:BestDefense","floor":31},{"not_picked":["Slimebound:PressTheAttack","Slimebound:GrowthPunch"],"picked":"Slimebound:Nibble+1","floor":32},{"not_picked":["Slimebound:LeechLife","Slimebound:FirmFortitude"],"picked":"Slimebound:DouseInSlime","floor":33},{"not_picked":["Slimebound:HauntingLick","Slimebound:SplitLeeching"],"picked":"Slimebound:ProtectTheBoss+1","floor":36},{"not_picked":["Slimebound:SlimeBrawl+1","Slimebound:Dissolve+1"],"picked":"Slimebound:Chomp+1","floor":38},{"not_picked":["Slimebound:SplitMire+1","Slimebound:SplitLeeching"],"picked":"Slimebound:ItLooksTasty","floor":39},{"not_picked":["Slimebound:SplitLeeching","Slimebound:GoopSpray"],"picked":"Slimebound:LeechLife","floor":42},{"not_picked":["Slimebound:DisruptingSlam","Slimebound:SlimeSpikes"],"picked":"Slimebound:LeechEnergy+1","floor":44},{"not_picked":["Slimebound:ProtectTheBoss","Slimebound:FinishingTackle+1"],"picked":"Slimebound:DisruptingSlam+1","floor":49}],"player_experience":40762,"relics_obtained":[{"floor":4,"key":"Nunchaku"},{"floor":7,"key":"Bottled Flame"},{"floor":9,"key":"downfall:GremlinWheel"},{"floor":10,"key":"Thread and Needle"},{"floor":24,"key":"Bag of Marbles"},{"floor":41,"key":"Juzu Bracelet"},{"floor":44,"key":"Unceasing Top"},{"floor":46,"key":"Eternal Feather"},{"floor":48,"key":"Blood Vial"}],"event_choices":[{"damage_healed":0,"gold_gain":100,"player_choice":"Gold","damage_taken":0,"max_hp_gain":0,"max_hp_loss":0,"event_name":"Wheel of Change","floor":13,"gold_loss":0},{"damage_healed":0,"gold_gain":0,"player_choice":"Read","damage_taken":0,"max_hp_gain":0,"max_hp_loss":0,"event_name":"The Library","floor":23,"gold_loss":0,"cards_obtained":["Slimebound:Nibble"]},{"cards_removed":["Slimebound:Strike_Slimebound"],"damage_healed":0,"gold_gain":0,"player_choice":"Offered Basic","damage_taken":0,"max_hp_gain":0,"max_hp_loss":0,"event_name":"Bonfire Elementals","floor":26,"gold_loss":0},{"damage_healed":0,"gold_gain":0,"player_choice":"Ignored","damage_taken":0,"max_hp_gain":0,"max_hp_loss":0,"event_name":"Ghosts","floor":29,"gold_loss":0}],"is_beta":false,"boss_relics":[{"not_picked":["Slimebound:AbsorbEndCombatUpgraded","Astrolabe"],"picked":"Slimebound:TarBlob"},{"not_picked":["Empty Cage","Snecko Eye"],"picked":"bronze:MakeshiftBattery"}],"items_purged_floors":[6,22],"is_endless":false,"potions_floor_spawned":[9,10,11,12,14,15,20,27,33,42],"killed_by":"WA_ARCHETYPE_DIVINITY","ascension_level":0}}