{"host":"1ie89x0glpq08u84","time":1613327947,"event":{"mods":["AchievementEnabler","BaseMod","Highlight Path","Minty Spire (QoL Compilation)","StSLib","Unceasing Turn Reminder"],"gold_per_floor":[114,129,129,129,129,129,163,163,186,211,211,232,232,248,248,342,342,367,11,27,43,43,86,86,86,86,86,86,101,136,160,160,258,258,272,285,285,300,323,323,354,388,388,388,388,408,408,423,423,423,423],"floor_reached":50,"language":"ENG","playtime":1538,"items_purged":[],"score":1017,"play_id":"c9104efe-1d2b-4f42-8332-d2bb9c89b0a8","local_time":"20210214133907","is_ascension_mode":true,"campfire_choices":[{"data":"Flame Barrier","floor":6.0,"key":"SMITH"},{"data":"Juggernaut","floor":8.0,"key":"SMITH"},{"data":"Carnage","floor":13.0,"key":"SMITH"},{"data":"Bash","floor":15.0,"key":"SMITH"},{"floor":28.0,"key":"REST"},{"data":"Bludgeon","floor":32.0,"key":"SMITH"},{"data":"Metallicize","floor":40.0,"key":"SMITH"},{"data":"Blood for Blood","floor":44,"key":"SMITH"},{"data":"Whirlwind","floor":47,"key":"SMITH"},{"data":"Shockwave","floor":49,"key":"SMITH"}],"circlet_count":0,"master_deck":["AscendersBane","Strike_R","Strike_R","Strike_R","Strike_R","Defend_R","Defend_R","Defend_R","Defend_R","Bash+1","Flame Barrier+1","Uppercut+1","Juggernaut+1","Carnage+1","Clothesline","Cleave","Bludgeon+1","Blood for Blood+1","Uppercut","Shrug It Off","Uppercut","Reaper","Immolate+1","Armaments+1","Metallicize+1","Metallicize+1","Whirlwind+1","Shockwave+1"],"relics":["Burning Blood","NeowsBlessing","Golden Idol","Magic Flower","Ancient Tea Set","Snecko Eye","Eternal Feather","Strawberry","Boot","StrikeDummy","Meat on the Bone","MealTicket","Empty Cage","Ginger","Smiling Mask","Frozen Egg 2"],"acts_visited":["Exordium","TheCity","TheBeyond"],"potions_floor_usage":[42,42],"damage_taken":[{"damage":0.0,"enemies":"Jaw Worm","floor":1.0,"turns":1.0},{"damage":0.0,"enemies":"Small Slimes","floor":2.0,"turns":1.0},{"damage":0.0,"enemies":"3 Sentries","floor":7.0,"turns":2.0},{"damage":1.0,"enemies":"Cultist","floor":10.0,"turns":4.0},{"damage":3.0,"enemies":"3 Louse","floor":12.0,"turns":2.0},{"damage":12.0,"enemies":"Gremlin Gang","floor":14.0,"turns":4.0},{"damage":18.0,"enemies":"The Guardian","floor":16.0,"turns":12.0},{"damage":19.0,"enemies":"Spheric Guardian","floor":18.0,"turns":4.0},{"damage":9.0,"enemies":"Chosen","floor":20.0,"turns":3.0},{"damage":24.0,"enemies":"Centurion and Healer","floor":21.0,"turns":5.0},{"damage":16.0,"enemies":"Slavers","floor":23.0,"turns":4.0},{"damage":16.0,"enemies":"Colosseum Slavers","floor":27.0,"turns":4.0},{"damage":0.0,"enemies":"Snecko","floor":29.0,"turns":2.0},{"damage":19.0,"enemies":"Book of Stabbing","floor":30.0,"turns":3.0},{"damage":48.0,"enemies":"Automaton","floor":33.0,"turns":8.0},{"damage":7.0,"enemies":"Orb Walker","floor":35.0,"turns":2.0},{"damage":44.0,"enemies":"3 Darklings","floor":36.0,"turns":6.0},{"damage":30.0,"enemies":"Maw","floor":38.0,"turns":7.0},{"damage":52.0,"enemies":"Sphere and 2 Shapes","floor":39.0,"turns":6.0},{"damage":0.0,"enemies":"Mind Bloom Boss Battle","floor":41.0,"turns":5.0},{"damage":68,"enemies":"Giant Head","floor":42,"turns":8},{"damage":41,"enemies":"Jaw Worm Horde","floor":46,"turns":4},{"damage":5,"enemies":"3 Darklings","floor":48,"turns":2},{"damage":84,"enemies":"Time Eater","floor":50,"turns":10}],"seed_played":"3203486994371079105","potions_obtained":[{"floor":2.0,"key":"FearPotion"},{"floor":7.0,"key":"EntropicBrew"},{"floor":16.0,"key":"SkillPotion"},{"floor":20.0,"key":"SteroidPotion"},{"floor":21.0,"key":"Weak Potion"},{"floor":29.0,"key":"Explosive Potion"},{"floor":30.0,"key":"SkillPotion"},{"floor":33.0,"key":"SteroidPotion"},{"floor":38.0,"key":"FearPotion"},{"floor":39.0,"key":"BloodPotion"},{"floor":41.0,"key":"Energy Potion"}],"is_trial":false,"path_per_floor":["M","M","?","?","?","R","E","R","T","M","?","M","R","M","R","B",null,"M","$","M","M","$","E","?","?","T","?","R","M","E","T","R","B",null,"M","M","?","M","M","R","?","E","T","R","?","M","R","M","R","B"],"character_chosen":"IRONCLAD","items_purchased":["Uppercut","Eternal Feather"],"campfire_rested":1,"item_purchase_floors":[19,19],"current_hp_per_floor":[74,75,68,68,68,68,68,68,68,68,64,68,68,65,65,56,65,55,55,55,40,40,40,40,40,40,33,67,75,65,65,75,54,70,75,58,58,63,53,68,75,41,41,56,56,57,72,75,75,0,0],"gold":423,"neow_bonus":"THREE_ENEMY_KILL","is_daily":false,"chose_seed":false,"campfire_upgraded":9,"win_rate":0.0,"timestamp":1613327947,"path_taken":["M","M","?","?","?","R","E","R","T","?","?","?","R","M","R","BOSS","M","$","M","M","$","E","?","?","T","?","R","M","E","?","R","BOSS","M","M","?","M","M","R","?","E","T","R","?","M","R","M","R","BOSS"],"items_purchased_type":["Card","Relic"],"build_version":"2020-12-22","purchased_purges":0,"victory":false,"max_hp_per_floor":[75,75,68,68,68,68,68,68,68,68,68,68,68,68,68,68,68,68,68,68,68,68,75,75,75,75,75,75,75,75,75,75,75,75,75,75,75,75,75,75,75,75,75,75,75,75,75,75,75,75,75],"card_choices":[{"not_picked":["Clash","Warcry"],"picked":"Flame Barrier","floor":1.0},{"not_picked":["Hemokinesis","Sword Boomerang"],"picked":"Uppercut","floor":2.0},{"not_picked":["Spot Weakness","Clothesline"],"picked":"Juggernaut","floor":7.0},{"not_picked":["Heavy Blade","Havoc"],"picked":"Carnage","floor":10.0},{"not_picked":["Havoc","Perfected Strike"],"picked":"Clothesline","floor":12.0},{"not_picked":["Fire Breathing","Searing Blow"],"picked":"Cleave","floor":14.0},{"not_picked":["Reaper","Brutality"],"picked":"Bludgeon","floor":16.0},{"not_picked":["Havoc","Clothesline"],"picked":"Blood for Blood","floor":18.0},{"not_picked":["Havoc","Cleave","Warcry"],"picked":"SKIP","floor":20.0},{"not_picked":["Headbutt","Perfected Strike"],"picked":"Shrug It Off","floor":21.0},{"not_picked":["Twin Strike","Seeing Red+1"],"picked":"Uppercut","floor":23.0},{"not_picked":["Sever Soul","Sword Boomerang+1","Twin Strike"],"picked":"SKIP","floor":29.0},{"not_picked":["Wild Strike","Headbutt"],"picked":"Reaper","floor":30.0},{"not_picked":["Feed","Limit Break"],"picked":"Immolate","floor":33.0},{"not_picked":["Reckless Charge","Havoc+1","Cleave"],"picked":"SKIP","floor":35.0},{"not_picked":["Rage","Wild Strike"],"picked":"Armaments+1","floor":36.0},{"not_picked":["Rage+1","Offering"],"picked":"Metallicize+1","floor":38.0},{"not_picked":["Pummel","Hemokinesis+1"],"picked":"Metallicize","floor":39.0},{"not_picked":["Battle Trance","Clash","Warcry"],"picked":"SKIP","floor":42},{"not_picked":["Sword Boomerang","Clash"],"picked":"Whirlwind","floor":46},{"not_picked":["Rage+1","Armaments+1"],"picked":"Shockwave","floor":48}],"player_experience":411404,"relics_obtained":[{"floor":7.0,"key":"Magic Flower"},{"floor":9.0,"key":"Ancient Tea Set"},{"floor":23.0,"key":"Strawberry"},{"floor":26.0,"key":"StrikeDummy"},{"floor":30.0,"key":"Meat on the Bone"},{"floor":31.0,"key":"MealTicket"},{"floor":41.0,"key":"Ginger"},{"floor":42,"key":"Smiling Mask"},{"floor":43,"key":"Frozen Egg 2"}],"event_choices":[{"damage_healed":0.0,"max_hp_gain":0.0,"max_hp_loss":7.0,"gold_gain":0.0,"event_name":"Golden Idol","player_choice":"Lose Max HP","floor":3.0,"gold_loss":0.0,"damage_taken":0.0,"relics_obtained":["Golden Idol"]},{"damage_healed":0.0,"max_hp_gain":0.0,"max_hp_loss":0.0,"gold_gain":0.0,"event_name":"Scrap Ooze","player_choice":"Fled","floor":4.0,"gold_loss":0.0,"damage_taken":0.0},{"damage_healed":0.0,"max_hp_gain":0.0,"max_hp_loss":0.0,"gold_gain":0.0,"event_name":"Upgrade Shrine","player_choice":"Upgraded","floor":5.0,"gold_loss":0.0,"damage_taken":0.0,"cards_upgraded":["Uppercut"]},{"damage_healed":0.0,"max_hp_gain":0.0,"max_hp_loss":0.0,"gold_gain":0.0,"event_name":"The Woman in Blue","player_choice":"Bought 0 Potions","floor":11.0,"gold_loss":0.0,"damage_taken":0.0},{"damage_healed":0.0,"max_hp_gain":0.0,"max_hp_loss":0.0,"gold_gain":0.0,"event_name":"The Mausoleum","player_choice":"Opened","floor":24.0,"gold_loss":0.0,"damage_taken":0.0,"relics_obtained":["Boot"],"cards_obtained":["Writhe"]},{"damage_healed":0.0,"max_hp_gain":0.0,"max_hp_loss":0.0,"gold_gain":0.0,"event_name":"Vampires","player_choice":"Ignored","floor":25.0,"gold_loss":0.0,"damage_taken":0.0},{"damage_healed":0.0,"max_hp_gain":0.0,"max_hp_loss":0.0,"gold_gain":0.0,"event_name":"Colosseum","player_choice":"Fight","floor":27.0,"gold_loss":0.0,"damage_taken":0.0},{"damage_healed":0.0,"max_hp_gain":0.0,"max_hp_loss":0.0,"gold_gain":0.0,"event_name":"Colosseum","player_choice":"Fled From Nobs","floor":27.0,"gold_loss":0.0,"damage_taken":0.0},{"damage_healed":0.0,"max_hp_gain":0.0,"max_hp_loss":0.0,"gold_gain":0.0,"event_name":"SensoryStone","player_choice":"Memory 1","floor":37.0,"gold_loss":0.0,"damage_taken":0.0},{"damage_healed":0.0,"max_hp_gain":0.0,"max_hp_loss":0.0,"gold_gain":0.0,"event_name":"MindBloom","player_choice":"Fight","floor":41.0,"gold_loss":0.0,"damage_taken":0.0},{"damage_healed":0,"gold_gain":0,"player_choice":"Upgraded","damage_taken":0,"max_hp_gain":0,"max_hp_loss":0,"event_name":"Upgrade Shrine","floor":45,"gold_loss":0,"cards_upgraded":["Immolate"]}],"is_beta":false,"boss_relics":[{"not_picked":["Tiny House","Runic Dome"],"picked":"Snecko Eye"},{"not_picked":["Mark of Pain","Runic Pyramid"],"picked":"Empty Cage"}],"items_purged_floors":[],"is_endless":false,"potions_floor_spawned":[2,7,16,20,21,29,30,33,38,39,41],"killed_by":"Time Eater","ascension_level":18}}