{"host":"a5csdf9n4csbv6sp","time":1613294855,"event":{"mods":["BaseMod","Minty Spire (QoL Compilation)","Permanent Neow","Relic Stats"],"gold_per_floor":[110,128,144,159,176,176,176],"floor_reached":6,"language":"ENG","playtime":358,"items_purged":[],"score":80,"play_id":"96db8f74-d340-4db2-955b-5233a25c7ab1","local_time":"20210214162735","is_ascension_mode":true,"campfire_choices":[],"circlet_count":0,"master_deck":["AscendersBane","Strike_B","Strike_B","Strike_B","Strike_B","Defend_B","Defend_B","Defend_B","Defend_B","Zap","Dualcast","CurseOfTheBell","Streamline","Genetic Algorithm","Hologram","Sweeping Beam","Ball Lightning"],"relics":["Calling Bell","Blood Vial","Ornamental Fan","Du-Vu Doll"],"acts_visited":["Exordium"],"potions_floor_usage":[6],"damage_taken":[{"damage":1,"enemies":"Cultist","floor":1,"turns":4},{"damage":4,"enemies":"Small Slimes","floor":2,"turns":4},{"damage":10,"enemies":"Jaw Worm","floor":3,"turns":6},{"damage":14,"enemies":"Large Slime","floor":4,"turns":5},{"damage":16,"enemies":"Lots of Slimes","floor":5,"turns":4},{"damage":31,"enemies":"Lagavulin","floor":6,"turns":7}],"seed_played":"-3390570732942466826","potions_obtained":[{"floor":2,"key":"LiquidMemories"}],"is_trial":false,"path_per_floor":["M","M","M","M","M","E"],"character_chosen":"DEFECT","items_purchased":[],"campfire_rested":0,"item_purchase_floors":[],"current_hp_per_floor":[65,63,55,43,29,0,0],"gold":176,"neow_bonus":"BOSS_RELIC","is_daily":false,"chose_seed":false,"campfire_upgraded":0,"win_rate":0.0,"timestamp":1613294855,"path_taken":["M","M","M","M","?","E"],"items_purchased_type":[],"build_version":"2020-12-22","purchased_purges":0,"victory":false,"max_hp_per_floor":[71,71,71,71,71,71,71],"relic_stats":{"Blood Vial":12,"counters":[6,30],"Ornamental Fan":[4],"obtain_stats":[{"Calling Bell":0,"Blood Vial":0,"Du-Vu Doll":0,"Ornamental Fan":0,"Cracked Core":0},{"Calling Bell":0,"Blood Vial":0,"Du-Vu Doll":0,"Ornamental Fan":0,"Cracked Core":0},{"Calling Bell":0,"Blood Vial":0,"Du-Vu Doll":0,"Ornamental Fan":0,"Cracked Core":0}]},"card_choices":[{"not_picked":["Barrage","Rebound"],"picked":"Streamline","floor":1},{"not_picked":["Heatsinks","Consume"],"picked":"Genetic Algorithm","floor":2},{"not_picked":["Fission","Go for the Eyes"],"picked":"Hologram","floor":3},{"not_picked":["Rebound","Melter"],"picked":"Sweeping Beam","floor":4},{"not_picked":["Steam","Coolheaded"],"picked":"Ball Lightning","floor":5}],"player_experience":1885186,"relics_obtained":[{"floor":0,"key":"Blood Vial"},{"floor":0,"key":"Ornamental Fan"},{"floor":0,"key":"Du-Vu Doll"}],"event_choices":[],"is_beta":false,"boss_relics":[],"items_purged_floors":[],"is_endless":false,"potions_floor_spawned":[2],"killed_by":"Lagavulin","ascension_level":20}}