{"host":"bgptblc1sp470rxq","time":1613319647,"event":{"mods":["BaseMod","Colored Map","Highlight Path","Hubris","Minty Spire (QoL Compilation)","Quick Restart","Replay The Spire","StSLib","Waifu the Spire","[IsaacMod]ÒÔÈö¼âËþ"],"gold_per_floor":[115,115,132,142,142,142,217,68,94,114,114,124,124,134,134,231,231,242,242,291,318,50,50,77,77,101,101,101,132,132,149,149,250,250,269,280,6,22,22,22,41,41,95,107,127,127,127,127,127,127],"floor_reached":51,"language":"ZHS","playtime":1827,"items_purged":["Strike_G","Injury","ReplayTheSpireMod:Doomed","Defend_G"],"score":939,"play_id":"67b5fa00-dd3b-4157-9770-e8e2b4f407b6","local_time":"20210215002047","is_ascension_mode":true,"campfire_choices":[{"data":"Concentrate","floor":6.0,"key":"SMITH"},{"data":"Expertise","floor":13.0,"key":"SMITH"},{"data":"Blade Dance","floor":15.0,"key":"SMITH"},{"data":"Burst","floor":23.0,"key":"SMITH"},{"data":"Footwork","floor":25.0,"key":"SMITH"},{"data":"hubris:Sniper","floor":27.0,"key":"SMITH"},{"data":"hubris:Sniper","floor":30.0,"key":"SMITH"},{"data":"Acrobatics","floor":32.0,"key":"SMITH"},{"data":"Impatience","floor":40.0,"key":"SMITH"},{"data":"Expertise","floor":42.0,"key":"SMITH"},{"data":"Prepared","floor":49,"key":"SMITH"}],"circlet_count":0,"master_deck":["Defend_G","Defend_G","Defend_G","Survivor","Neutralize","Concentrate+1","Expertise+1","Blade Dance+1","hubris:Sniper+1","Burst+1","Distraction","Blade Dance","Acrobatics+1","Acrobatics+1","Impatience+1","Footwork+1","hubris:Sniper+1","Expertise+1","Tools of the Trade","Adrenaline","Terror","ReplayTheSpireMod:Necrogeddon","ReplayTheSpireMod:Necrogeddon","Prepared+1"],"relics":["Ring of the Snake","HushsDoor","HowToJump","NeowsBlessing","hubris:Icosahedron","Bag of Marbles","Letter Opener","Kintsugi","Bottled Lightning","Red Mask","Ancient Tea Set","Oddly Smooth Stone","Blue Candle","Replay:Ancient Bell","BelialBook","hubris:TenFootPole","BookOfRevelations","hubris:Reverence","hubris:Towel"],"acts_visited":["Exordium","TheCity","TheBeyond"],"potions_floor_usage":[50],"damage_taken":[{"damage":0.0,"enemies":"Jaw Worm","floor":1.0,"turns":1.0},{"damage":0.0,"enemies":"Cultist","floor":3.0,"turns":1.0},{"damage":0.0,"enemies":"Small Slimes","floor":4.0,"turns":1.0},{"damage":0.0,"enemies":"Blue Slaver","floor":10.0,"turns":3.0},{"damage":0.0,"enemies":"Large Slime","floor":12.0,"turns":5.0},{"damage":0.0,"enemies":"2 Fungi Beasts","floor":14.0,"turns":2.0},{"damage":55.0,"enemies":"Fading Forest","floor":16.0,"turns":11.0},{"damage":0.0,"enemies":"Chosen","floor":18.0,"turns":3.0},{"damage":0.0,"enemies":"Masked Bandits","floor":21.0,"turns":1.0},{"damage":3.0,"enemies":"Gremlin Leader","floor":24.0,"turns":3.0},{"damage":0.0,"enemies":"Slavers","floor":29.0,"turns":3.0},{"damage":9.0,"enemies":"Shell Parasite","floor":31.0,"turns":3.0},{"damage":0.0,"enemies":"Automaton","floor":33.0,"turns":4.0},{"damage":0.0,"enemies":"3 Darklings","floor":35.0,"turns":3.0},{"damage":8.0,"enemies":"3 Shapes","floor":36.0,"turns":2.0},{"damage":1.0,"enemies":"Jaw Worm Horde","floor":38.0,"turns":3.0},{"damage":0.0,"enemies":"Spire Growth","floor":41.0,"turns":1.0},{"damage":0,"enemies":"Transient","floor":44,"turns":3},{"damage":1,"enemies":"Writhing Mass","floor":45,"turns":3},{"damage":0,"enemies":"Awakened One","floor":50,"turns":3}],"seed_played":"2082529278473624361","potions_obtained":[{"floor":10.0,"key":"Explosive Potion"},{"floor":14.0,"key":"Block Potion"},{"floor":16.0,"key":"Ancient Potion"},{"floor":24.0,"key":"SteroidPotion"},{"floor":36.0,"key":"Swift Potion"}],"is_trial":false,"path_per_floor":["M","?","M","M","?","R","?","$","T","M","T","M","R","M","R","B",null,"M","?","?","?","$","R","E","R","T","R","$","E","R","M","R","B",null,"M","M","$","M","?","R","M","R","T","M","M","T","?","$","R","B",null],"character_chosen":"THE_SILENT","items_purchased":["Noxious Fumes","Impatience","Footwork","BelialBook","Adrenaline","hubris:TenFootPole"],"campfire_rested":0,"item_purchase_floors":[8,22,22,34,34,37],"current_hp_per_floor":[70,70,70,70,70,70,59,59,59,59,59,59,59,59,59,12,70,70,70,53,53,53,53,50,50,50,50,50,50,50,41,41,41,49,49,41,41,40,35,35,35,35,35,35,34,34,34,34,34,34],"gold":127,"neow_bonus":"THREE_ENEMY_KILL","is_daily":false,"chose_seed":false,"campfire_upgraded":11,"win_rate":0.0,"timestamp":1613319647,"path_taken":["M","?","M","?","?","R","?","$","T","M","?","M","R","M","R","BOSS","M","?","?","?","$","R","E","R","T","R","$","E","R","?","R","BOSS","M","?","$","M","?","R","M","R","T","M","M","?","?","$","R","BOSS"],"items_purchased_type":["Card","Card","Card","Relic","Card","Relic"],"build_version":"2020-12-22","purchased_purges":4,"victory":true,"max_hp_per_floor":[70,70,70,70,70,70,70,70,70,70,70,70,70,70,70,70,70,70,70,70,70,70,70,70,70,70,70,70,70,70,70,70,70,49,49,49,49,49,49,49,49,49,49,49,49,49,49,49,49,49],"card_choices":[{"not_picked":["Deadly Poison","Finisher"],"picked":"Poisoned Stab","floor":1.0},{"not_picked":["PiercingWail","Well Laid Plans","Quick Slash"],"picked":"SKIP","floor":3.0},{"not_picked":["Distraction","ReplayTheSpireMod:Tripwire"],"picked":"Concentrate","floor":4.0},{"not_picked":["Toxin Wave","Adrenaline"],"picked":"Blade Dance","floor":10.0},{"not_picked":["Choke","Bane"],"picked":"hubris:Sniper","floor":12.0},{"not_picked":["Dagger Throw","Poisoned Stab","Sucker Punch"],"picked":"SKIP","floor":14.0},{"not_picked":["Replay:Bag of Tricks","Die Die Die"],"picked":"Burst","floor":16.0},{"not_picked":["ReplayTheSpireMod:Exploit Weakness+1","Underhanded Strike","ReplayTheSpireMod:Speed Training+1"],"picked":"SKIP","floor":18.0},{"not_picked":["Noxious Fumes","hubris:TrickCloak"],"picked":"Acrobatics","floor":20.0},{"not_picked":["PiercingWail","Dash"],"picked":"Acrobatics+1","floor":20.0},{"not_picked":["Poisoned Stab","ReplayTheSpireMod:Speed Training+1"],"picked":"hubris:Sniper","floor":24.0},{"not_picked":["Deadly Poison","Endless Agony+1"],"picked":"Expertise","floor":29.0},{"not_picked":["Quick Slash","hubris:SlightOfHand","Poisoned Stab"],"picked":"SKIP","floor":31.0},{"not_picked":["Corpse Explosion","ReplayTheSpireMod:Necrosis"],"picked":"Tools of the Trade","floor":33.0},{"not_picked":["Deadly Poison","Cloak And Dagger+1"],"picked":"Terror","floor":35.0},{"not_picked":["Dagger Spray","Poisoned Stab","Crippling Poison"],"picked":"SKIP","floor":36.0},{"not_picked":["Crippling Poison","Outmaneuver","Cloak And Dagger+1"],"picked":"SKIP","floor":38.0},{"not_picked":["hubris:Insight","Sadistic Nature"],"picked":"ReplayTheSpireMod:Necrogeddon","floor":39.0},{"not_picked":["Metamorphosis","ReplayTheSpireMod:Trickstab"],"picked":"ReplayTheSpireMod:Necrogeddon","floor":39.0},{"not_picked":["Cloak And Dagger","Dash","Tactician"],"picked":"SKIP","floor":41.0},{"not_picked":["Catalyst+1","Flechettes","Flying Knee"],"picked":"SKIP","floor":44},{"not_picked":["Replay:Poison Smokescreen","Outmaneuver+1"],"picked":"Prepared","floor":45}],"player_experience":255541,"relics_obtained":[{"floor":9.0,"key":"Bag of Marbles"},{"floor":11.0,"key":"Letter Opener"},{"floor":20.0,"key":"Bottled Lightning"},{"floor":21.0,"key":"Red Mask"},{"floor":24.0,"key":"Ancient Tea Set"},{"floor":26.0,"key":"Oddly Smooth Stone"},{"floor":29.0,"key":"Blue Candle"},{"floor":43.0,"key":"BookOfRevelations"},{"floor":46,"key":"hubris:Reverence"}],"event_choices":[{"damage_healed":0.0,"max_hp_gain":0.0,"max_hp_loss":0.0,"gold_gain":75.0,"event_name":"World of Goop","player_choice":"Gather Gold","floor":7.0,"gold_loss":0.0,"damage_taken":11.0},{"damage_healed":0.0,"max_hp_gain":0.0,"max_hp_loss":0.0,"gold_gain":0.0,"cards_transformed":["Poisoned Stab","Noxious Fumes"],"event_name":"Drug Dealer","player_choice":"Became Test Subject","floor":19.0,"gold_loss":0.0,"damage_taken":0.0,"cards_obtained":["Distraction","Blade Dance"]},{"damage_healed":0.0,"max_hp_gain":0.0,"max_hp_loss":0.0,"gold_gain":0.0,"event_name":"Masked Bandits","player_choice":"Fought Bandits","floor":21.0,"gold_loss":0.0,"damage_taken":0.0},{"damage_healed":0.0,"max_hp_gain":0.0,"max_hp_loss":0.0,"gold_gain":0.0,"event_name":"SensoryStone","player_choice":"Memory 3","floor":39.0,"gold_loss":0.0,"damage_taken":10.0}],"is_beta":false,"boss_relics":[{"not_picked":["Runic Pyramid","Honey Jar"],"picked":"Kintsugi"},{"not_picked":[]},{"not_picked":["Fusion Hammer","Astrolabe"],"picked":"Replay:Ancient Bell"},{"not_picked":[]}],"items_purged_floors":[8,22,34,37],"is_endless":false,"potions_floor_spawned":[10,14,16,24,29,36,41],"ascension_level":3}}