{"host":"8rqsnaeml9gxb0kp","time":1613279093,"event":{"mods":["AchievementEnabler","BaseMod","Dark Map","Minty Spire (QoL Compilation)","Relic Stats","Replay The Spire","StSLib","slay the spire mod where everything is the same but ironclad has a cowboy hat"],"gold_per_floor":[116,136,149,160,178,178,195,8,8,23,23,23,23,23,23,149,149,162,162,6,6,6,6,6],"floor_reached":23,"language":"ENG","playtime":909,"items_purged":[],"score":181,"play_id":"5c77b79a-9fdc-49b8-b6fb-a1aea39b3052","local_time":"20210213210453","is_ascension_mode":false,"campfire_choices":[{"floor":6.0,"key":"RECALL"},{"floor":13.0,"key":"REST"},{"floor":15.0,"key":"REST"}],"circlet_count":0,"master_deck":["Strike_R+1","Strike_R+1","Strike_R+1","Strike_R+1","Strike_R+1","Defend_R+1","Defend_R+1","Defend_R+1","Defend_R+1","Bash+1","Metallicize","Anger","Power Through","Sword Boomerang","Pommel Strike","Pummel","Limit Break","ReplayTheSpireMod:Stacked","Shame","Necronomicurse"],"relics":["Fusion Hammer","Chemical X","Calipers","Golden Idol","Mark of Pain","Anchor","Replay:Multitool","Necronomicon"],"acts_visited":["Exordium","TheCity"],"potions_floor_usage":[16,23],"damage_taken":[{"damage":4.0,"enemies":"2 Louse","floor":1.0,"turns":3.0},{"damage":0.0,"enemies":"Small Slimes","floor":2.0,"turns":3.0},{"damage":6.0,"enemies":"Jaw Worm","floor":3.0,"turns":3.0},{"damage":11.0,"enemies":"Large Slime","floor":4.0,"turns":7.0},{"damage":4.0,"enemies":"Exordium Thugs","floor":5.0,"turns":5.0},{"damage":4.0,"enemies":"Blue Slaver","floor":7.0,"turns":3.0},{"damage":12.0,"enemies":"3 Louse","floor":10.0,"turns":4.0},{"damage":43,"enemies":"The Guardian","floor":16,"turns":13},{"damage":11,"enemies":"3 Byrds","floor":18,"turns":6},{"damage":58,"enemies":"Gremlin Leader","floor":23,"turns":8}],"seed_played":"8902728313730285287","potions_obtained":[{"floor":1.0,"key":"Energy Potion"},{"floor":2.0,"key":"CultistPotion"},{"floor":3.0,"key":"LifebloodPotion"}],"is_trial":false,"path_per_floor":["M","M","M","M","M","R","M","$","T","M","?","?","R","$","R","B",null,"M","?","$","?","?","E"],"character_chosen":"IRONCLAD","items_purchased":["Chemical X","Pummel","Anchor"],"campfire_rested":2,"item_purchase_floors":[8,8,20],"current_hp_per_floor":[76,76,70,59,55,55,51,51,51,39,39,24,46,46,68,25,74,63,63,63,63,47,0,0],"gold":6,"neow_bonus":"BOSS_RELIC","is_daily":false,"chose_seed":false,"campfire_upgraded":0,"win_rate":0.0,"timestamp":1613279093,"path_taken":["M","M","M","M","M","R","M","$","T","M","?","?","R","?","R","BOSS","M","?","?","?","?","E"],"items_purchased_type":["Relic","Card","Relic"],"build_version":"2020-12-22","purchased_purges":0,"victory":false,"max_hp_per_floor":[80,80,80,80,80,80,80,80,80,80,74,74,74,74,74,74,74,74,74,74,74,74,74,74],"relic_stats":{"counters":[10,55],"Golden Idol":28,"Necronomicon":[1],"Chemical X":[1],"obtain_stats":[{"Anchor":20,"Calipers":9,"Golden Idol":11,"Fusion Hammer":0,"Mark of Pain":17,"Replay:Multitool":21,"Necronomicon":22,"Chemical X":8,"Burning Blood":0},{"Anchor":9,"Calipers":6,"Golden Idol":7,"Fusion Hammer":0,"Mark of Pain":8,"Replay:Multitool":9,"Necronomicon":9,"Chemical X":6,"Burning Blood":0},{"Anchor":47,"Calipers":24,"Golden Idol":28,"Fusion Hammer":0,"Mark of Pain":41,"Replay:Multitool":47,"Necronomicon":47,"Chemical X":24,"Burning Blood":0}]},"card_choices":[{"not_picked":["Bloodletting","Body Slam","Sentinel"],"picked":"SKIP","floor":1.0},{"not_picked":["Disarm","Seeing Red"],"picked":"Metallicize","floor":2.0},{"not_picked":["Sever Soul","Infernal Blade"],"picked":"Anger","floor":3.0},{"not_picked":["Armaments","Heavy Blade"],"picked":"Power Through","floor":4.0},{"not_picked":["Iron Wave","Rage"],"picked":"Sword Boomerang","floor":5.0},{"not_picked":["Iron Wave","Corruption"],"picked":"Pommel Strike","floor":7.0},{"not_picked":["Sword Boomerang","Armaments","Warcry"],"picked":"SKIP","floor":10.0},{"not_picked":["Exhume","Bludgeon"],"picked":"Limit Break","floor":16},{"not_picked":["ReplayTheSpireMod:LeadingStrike","Havoc"],"picked":"ReplayTheSpireMod:Stacked","floor":18}],"player_experience":223443,"relics_obtained":[{"floor":9.0,"key":"Calipers"},{"floor":22,"key":"Necronomicon"}],"event_choices":[{"damage_healed":0.0,"max_hp_gain":0.0,"max_hp_loss":6.0,"gold_gain":0.0,"event_name":"Golden Idol","player_choice":"Lose Max HP","floor":11.0,"gold_loss":0.0,"damage_taken":0.0,"relics_obtained":["Golden Idol"]},{"damage_healed":0.0,"max_hp_gain":0.0,"max_hp_loss":0.0,"gold_gain":0.0,"event_name":"Shining Light","player_choice":"Entered Light","floor":12.0,"gold_loss":0.0,"damage_taken":15.0,"cards_upgraded":["Bash","Strike_R"]},{"damage_healed":0,"gold_gain":0,"player_choice":"Simplicity","damage_taken":0,"max_hp_gain":0,"max_hp_loss":0,"event_name":"Back to Basics","floor":19,"gold_loss":0,"cards_upgraded":["Strike_R","Strike_R","Strike_R","Strike_R","Defend_R","Defend_R","Defend_R","Defend_R"]},{"damage_healed":0,"gold_gain":0,"player_choice":"Stole Relic","damage_taken":0,"relics_obtained":["Replay:Multitool"],"max_hp_gain":0,"max_hp_loss":0,"event_name":"Addict","floor":21,"gold_loss":0,"cards_obtained":["Shame"]},{"damage_healed":0,"gold_gain":0,"player_choice":"Obtained Book","damage_taken":16,"max_hp_gain":0,"max_hp_loss":0,"event_name":"Cursed Tome","floor":22,"gold_loss":0}],"is_beta":false,"boss_relics":[{"not_picked":["Ectoplasm","Replay:Drink Me"],"picked":"Mark of Pain"}],"items_purged_floors":[],"is_endless":false,"potions_floor_spawned":[1,2,3,10],"killed_by":"Gremlin Leader","ascension_level":0}}