{"host":"pqs17sqrgflf4eqa","time":1613278426,"event":{"mods":["AchievementEnabler","BaseMod","Bestiary","Better Altar","Better Match","Better Skull","Block Reminder","Bossed Relics","Colored Map","Colored Powertips","Curses Come First","Dark Map","DeckTracker","Defective Defect","Displayed Cursed Tome","Emptier Cage","Googly Eyes","Highlight Path","Minty Spire (QoL Compilation)","Quick Restart","Slay-I","StSLib","SuperFastMode","Synergy Search","Thieving Mod","Transform Curses","everything is the same but u backflip on backflip","slay the spire mod where everything is the same but ironclad has a cowboy hat"],"gold_per_floor":[114,132,132,132,157,185,195,222,222,240,259,39,39,58,58,58,58],"floor_reached":16,"language":"ENG","playtime":314,"items_purged":[],"score":178,"play_id":"66f06f13-7238-410d-b669-0dd10e93320c","local_time":"20210213235346","is_ascension_mode":true,"campfire_choices":[{"data":"Neutralize","floor":13,"key":"SMITH"},{"data":"Catalyst","floor":15,"key":"SMITH"}],"circlet_count":0,"master_deck":["Strike_G","Strike_G","Strike_G","Strike_G","Strike_G","Defend_G","Defend_G","Defend_G","Defend_G","Defend_G","Survivor","Neutralize+1","Deadly Poison+1","Leg Sweep","Deadly Poison","Dagger Spray","Wraith Form v2","Dodge and Roll","Catalyst+1"],"relics":["Ring of the Snake","NeowsBlessing","Omamori","Prayer Wheel","Paper Crane","Oddly Smooth Stone","Bag of Marbles"],"acts_visited":["Exordium"],"potions_floor_usage":[7,8,14,16],"damage_taken":[{"damage":0,"enemies":"Jaw Worm","floor":1,"turns":1},{"damage":0,"enemies":"2 Louse","floor":2,"turns":1},{"damage":0,"enemies":"3 Sentries","floor":6,"turns":2},{"damage":0,"enemies":"Small Slimes","floor":7,"turns":2},{"damage":27,"enemies":"Lagavulin","floor":8,"turns":5},{"damage":0,"enemies":"3 Louse","floor":10,"turns":3},{"damage":6,"enemies":"Looter","floor":11,"turns":3},{"damage":7,"enemies":"Blue Slaver","floor":14,"turns":4},{"damage":44,"enemies":"Slime Boss","floor":16,"turns":9}],"seed_played":"2323647678671873283","potions_obtained":[{"floor":2,"key":"Poison Potion"},{"floor":6,"key":"CunningPotion"},{"floor":8,"key":"Energy Potion"}],"is_trial":false,"path_per_floor":["M","M","?","?","T","E","M","E","T","M","M","$","R","M","R","B"],"character_chosen":"THE_SILENT","items_purchased":["Bag of Marbles","LiquidMemories"],"campfire_rested":0,"item_purchase_floors":[12,12],"current_hp_per_floor":[63,63,63,68,68,68,68,41,41,41,35,35,35,28,28,0,0],"gold":58,"neow_bonus":"THREE_ENEMY_KILL","is_daily":false,"chose_seed":false,"campfire_upgraded":2,"win_rate":0.0,"timestamp":1613278426,"path_taken":["M","M","?","?","?","E","M","E","T","M","M","$","R","M","R","BOSS"],"items_purchased_type":["Relic","Potion"],"build_version":"2020-12-22","purchased_purges":0,"victory":false,"max_hp_per_floor":[70,70,70,75,75,75,75,75,75,75,75,75,75,75,75,75,75],"card_choices":[{"not_picked":["Poisoned Stab","Finisher"],"picked":"Deadly Poison","floor":1},{"not_picked":["Flying Knee","Dodge and Roll"],"picked":"Leg Sweep","floor":2},{"not_picked":["Concentrate","Bane"],"picked":"Deadly Poison","floor":6},{"not_picked":["Slice","Deadly Poison"],"picked":"Dagger Spray","floor":7},{"not_picked":["Cloak And Dagger","Flying Knee","Outmaneuver"],"picked":"SKIP","floor":7},{"not_picked":["Blade Dance","Dodge and Roll"],"picked":"Wraith Form v2","floor":8},{"not_picked":["Deadly Poison","All Out Attack"],"picked":"Dodge and Roll","floor":10},{"not_picked":["Quick Slash","Escape Plan","Slice"],"picked":"SKIP","floor":10},{"not_picked":["Caltrops","Choke","Eviscerate"],"picked":"SKIP","floor":11},{"not_picked":["Deflect","Reflex","Prepared"],"picked":"SKIP","floor":11},{"not_picked":["Sucker Punch","Dagger Spray"],"picked":"Catalyst","floor":14},{"not_picked":["Escape Plan","Underhanded Strike","Slice"],"picked":"SKIP","floor":14}],"player_experience":203615,"relics_obtained":[{"floor":5,"key":"Omamori"},{"floor":6,"key":"Prayer Wheel"},{"floor":8,"key":"Paper Crane"},{"floor":9,"key":"Oddly Smooth Stone"}],"event_choices":[{"damage_healed":0,"gold_gain":0,"player_choice":"Grow","damage_taken":0,"max_hp_gain":0,"max_hp_loss":0,"event_name":"Living Wall","floor":3,"gold_loss":0,"cards_upgraded":["Deadly Poison"]},{"damage_healed":0,"gold_gain":0,"player_choice":"Donut","damage_taken":0,"max_hp_gain":5,"max_hp_loss":0,"event_name":"Big Fish","floor":4,"gold_loss":0}],"is_beta":false,"boss_relics":[],"items_purged_floors":[],"is_endless":false,"potions_floor_spawned":[2,6,8],"killed_by":"Slime Boss","ascension_level":6}}