{"host":"6gwm7y0tp7acoxay","time":1613302426,"event":{"mods":["BaseMod","Colored Map","Keyboard Shortcuts","Minty Spire (QoL Compilation)","Quick Restart","StSLib","SuperFastMode","everything is the same but u backflip on backflip"],"gold_per_floor":[110,110,110,134,134,134,152,190,190,233,158,158,196,221,221,312,375,396,446,112,112,135,169,209,245,245,289,325,325,325,325,325,414,414,430,430,380,164,164,200,200,241,264,264,298,329,370,404,404,404,404,404,404,80,120,120],"floor_reached":57,"language":"KOR","playtime":2243,"items_purged":["Shockwave","Shrug It Off","Trip"],"score":3908,"play_id":"3309fd40-645c-4b59-801d-1bfa23534e09","local_time":"20210214203346","daily_mods":["SealedDeck","Colorless Cards","Heirloom","Flight"],"is_ascension_mode":true,"campfire_choices":[{"data":"Armaments","floor":6.0,"key":"SMITH"},{"data":"Searing Blow","floor":12.0,"key":"SMITH"},{"data":"Searing Blow+1","floor":15.0,"key":"SMITH"},{"data":"Searing Blow+2","floor":29.0,"key":"SMITH"},{"data":"Searing Blow+3","floor":30.0,"key":"SMITH"},{"data":"Searing Blow+4","floor":32.0,"key":"SMITH"},{"floor":41,"key":"RECALL"},{"data":"Searing Blow+6","floor":44,"key":"SMITH"},{"data":"Searing Blow+7","floor":49,"key":"SMITH"},{"data":"Searing Blow+8","floor":53,"key":"SMITH"}],"circlet_count":0,"master_deck":["AscendersBane","Enlightenment","Searing Blow+9","Flame Barrier+1","Armaments+1","Evolve","Impatience","Finesse","Offering","Madness","Disarm","True Grit","Feel No Pain","Deep Breath","Second Wind+1"],"relics":["Burning Blood","Mango","Golden Idol","Pear","Centennial Puzzle","Meat on the Bone","Orichalcum","Smiling Mask","Tiny House","Omamori","Orrery","Regal Pillow","Blood Vial","Potion Belt","White Beast Statue","Bag of Preparation","Lantern","Philosopher\u0027s Stone","Membership Card","Frozen Egg 2","PreservedInsect","Whetstone","Bag of Marbles","Ice Cream","Ginger","Ornamental Fan","TungstenRod","Nunchaku","Bird Faced Urn"],"acts_visited":["Exordium","TheCity","TheBeyond","TheEnding"],"potions_floor_usage":[45,48,55,56,56,56,56,56,56,56,56],"damage_taken":[{"damage":0.0,"enemies":"2 Louse","floor":1.0,"turns":2.0},{"damage":0.0,"enemies":"Cultist","floor":4.0,"turns":3.0},{"damage":0.0,"enemies":"Jaw Worm","floor":7.0,"turns":3.0},{"damage":0.0,"enemies":"Lagavulin","floor":8.0,"turns":6.0},{"damage":6.0,"enemies":"Gremlin Nob","floor":10.0,"turns":3.0},{"damage":16.0,"enemies":"3 Sentries","floor":13.0,"turns":4.0},{"damage":0.0,"enemies":"2 Fungi Beasts","floor":14.0,"turns":3.0},{"damage":2.0,"enemies":"Hexaghost","floor":16.0,"turns":5.0},{"damage":3.0,"enemies":"Shell Parasite","floor":18.0,"turns":3.0},{"damage":6.0,"enemies":"Spheric Guardian","floor":22.0,"turns":3.0},{"damage":6.0,"enemies":"Book of Stabbing","floor":23.0,"turns":3.0},{"damage":6.0,"enemies":"Gremlin Leader","floor":24.0,"turns":5.0},{"damage":11.0,"enemies":"Slavers","floor":25.0,"turns":5.0},{"damage":6.0,"enemies":"Book of Stabbing","floor":27.0,"turns":5.0},{"damage":23.0,"enemies":"Slavers","floor":28.0,"turns":4.0},{"damage":6.0,"enemies":"Collector","floor":33.0,"turns":6.0},{"damage":6.0,"enemies":"3 Shapes","floor":35.0,"turns":3.0},{"damage":15,"enemies":"Nemesis","floor":40,"turns":7},{"damage":6,"enemies":"Giant Head","floor":42,"turns":2},{"damage":6,"enemies":"Reptomancer","floor":45,"turns":3},{"damage":6,"enemies":"Mind Bloom Boss Battle","floor":46,"turns":2},{"damage":6,"enemies":"Giant Head","floor":47,"turns":3},{"damage":6,"enemies":"Reptomancer","floor":48,"turns":3},{"damage":11,"enemies":"Awakened One","floor":50,"turns":4},{"damage":6,"enemies":"Time Eater","floor":51,"turns":4},{"damage":5,"enemies":"Shield and Spear","floor":55,"turns":2},{"damage":16,"enemies":"The Heart","floor":56,"turns":5}],"seed_played":"-3124881405678820251","potions_obtained":[{"floor":4.0,"key":"EntropicBrew"},{"floor":8.0,"key":"Weak Potion"},{"floor":13.0,"key":"SkillPotion"},{"floor":16.0,"key":"Fruit Juice"},{"floor":17.0,"key":"DuplicationPotion"},{"floor":27.0,"key":"Block Potion"},{"floor":28.0,"key":"Block Potion"},{"floor":33.0,"key":"ColorlessPotion"},{"floor":42,"key":"EntropicBrew"},{"floor":45,"key":"Explosive Potion"},{"floor":48,"key":"SpeedPotion"},{"floor":55,"key":"Ancient Potion"}],"is_trial":true,"path_per_floor":["M","?","?","M","?","R","M","E","T","E","?","R","E","M","R","B",null,"M","?","$","?","M","E","E","E","T","E","E","R","R","?","R","B",null,"M","?","$","$","?","E","R","E","T","R","E","?","E","E","R","B","B",null,"R","$","E","B",null],"character_chosen":"IRONCLAD","items_purchased":["Omamori","Orrery","Membership Card","TungstenRod","Nunchaku","PowerPotion"],"campfire_rested":0,"item_purchase_floors":[20,20,38,54,54,54],"current_hp_per_floor":[88,57,57,63,68,68,74,80,80,80,80,80,70,76,76,80,104,107,107,107,101,101,101,101,98,98,100,85,85,85,85,85,87,104,106,96,96,96,109,100,100,102,102,102,104,106,108,109,109,104,106,108,108,108,109,99],"gold":120,"neow_bonus":"","is_daily":false,"chose_seed":false,"campfire_upgraded":9,"win_rate":0.0,"timestamp":1613302426,"path_taken":["M","?","?","?","?","R","M","E","T","E","?","R","E","M","R","BOSS","M","?","?","?","?","E","E","E","T","E","E","R","R","?","R","BOSS","M","?","$","$","?","E","R","E","T","R","E","?","E","E","R","BOSS","BOSS","R","$","E","BOSS"],"items_purchased_type":["Relic","Relic","Relic","Relic","Relic","Potion"],"build_version":"2020-12-22","purchased_purges":3,"victory":true,"max_hp_per_floor":[89,89,89,89,99,99,99,99,99,99,99,99,99,99,99,99,109,109,109,109,109,109,109,109,109,109,109,109,109,109,109,109,109,109,109,109,109,109,109,109,109,109,109,109,109,109,109,109,109,109,109,109,109,109,109,109],"card_choices":[{"not_picked":["Heavy Blade","Clash","Swift Strike"],"picked":"SKIP","floor":1.0},{"not_picked":["Iron Wave","Infernal Blade","Rampage"],"picked":"SKIP","floor":4.0},{"not_picked":["Spot Weakness","Forethought","Wild Strike"],"picked":"SKIP","floor":7.0},{"not_picked":["Rampage","Combust","Chrysalis"],"picked":"SKIP","floor":8.0},{"not_picked":["Forethought","Bloodletting","Twin Strike"],"picked":"SKIP","floor":10.0},{"not_picked":["Shrug It Off","Trip","Intimidate"],"picked":"SKIP","floor":13.0},{"not_picked":["Wild Strike","Hemokinesis","Twin Strike"],"picked":"SKIP","floor":14.0},{"not_picked":["Barricade","Master of Strategy"],"picked":"Offering","floor":16.0},{"not_picked":["Anger+1","Heavy Blade+1","Shockwave"],"picked":"SKIP","floor":18.0},{"not_picked":["Anger+1","Heavy Blade+1"],"picked":"Shockwave","floor":18.0},{"not_picked":["Wild Strike","Clothesline+1"],"picked":"Madness","floor":20.0},{"not_picked":["Clothesline+1","Armaments"],"picked":"Disarm","floor":20.0},{"not_picked":["Hemokinesis","Wild Strike","Shrug It Off"],"picked":"SKIP","floor":22.0},{"not_picked":["Iron Wave","Havoc"],"picked":"True Grit","floor":23.0},{"not_picked":["Clash","Thunderclap+1","Bloodletting"],"picked":"SKIP","floor":24.0},{"not_picked":["Searing Blow+1","Sever Soul","Iron Wave"],"picked":"SKIP","floor":25.0},{"not_picked":["Sentinel","Perfected Strike","Cleave"],"picked":"SKIP","floor":27.0},{"not_picked":["Sword Boomerang","Dark Shackles+1"],"picked":"Feel No Pain","floor":28.0},{"not_picked":["Shrug It Off","True Grit","Whirlwind"],"picked":"SKIP","floor":35.0},{"not_picked":["Panacea","Madness"],"picked":"Deep Breath","floor":36},{"not_picked":["Rampage","Combust+1","Evolve+1"],"picked":"SKIP","floor":40},{"not_picked":["Clash","Warcry","Burning Pact+1"],"picked":"SKIP","floor":42},{"not_picked":["Pommel Strike+1","Rupture+1","True Grit"],"picked":"SKIP","floor":45},{"not_picked":["Warcry","Perfected Strike","True Grit"],"picked":"SKIP","floor":47},{"not_picked":["Sever Soul","Perfected Strike","Magnetism+1"],"picked":"SKIP","floor":48},{"not_picked":["Metallicize+1","Shrug It Off+1"],"picked":"Second Wind+1","floor":55}],"player_experience":4540441,"relics_obtained":[{"floor":8.0,"key":"Centennial Puzzle"},{"floor":9.0,"key":"Meat on the Bone"},{"floor":10.0,"key":"Orichalcum"},{"floor":13.0,"key":"Smiling Mask"},{"floor":23.0,"key":"Regal Pillow"},{"floor":24.0,"key":"Blood Vial"},{"floor":25.0,"key":"Potion Belt"},{"floor":27.0,"key":"White Beast Statue"},{"floor":28.0,"key":"Bag of Preparation"},{"floor":40,"key":"Frozen Egg 2"},{"floor":42,"key":"PreservedInsect"},{"floor":43,"key":"Whetstone"},{"floor":45,"key":"Bag of Marbles"},{"floor":46,"key":"Ice Cream"},{"floor":47,"key":"Ginger"},{"floor":48,"key":"Ornamental Fan"},{"floor":55,"key":"Bird Faced Urn"}],"event_choices":[{"damage_healed":0.0,"max_hp_gain":0.0,"max_hp_loss":0.0,"gold_gain":0.0,"event_name":"Golden Idol","player_choice":"Take Damage","floor":2.0,"gold_loss":0.0,"damage_taken":31.0,"relics_obtained":["Golden Idol"]},{"damage_healed":0.0,"max_hp_gain":0.0,"max_hp_loss":0.0,"gold_gain":0.0,"cards_transformed":["Warcry"],"event_name":"Transmorgrifier","player_choice":"Transformed","floor":3.0,"gold_loss":0.0,"damage_taken":0.0,"cards_obtained":["Finesse"]},{"damage_healed":0.0,"max_hp_gain":0.0,"max_hp_loss":0.0,"gold_gain":0.0,"event_name":"Scrap Ooze","player_choice":"Success","floor":5.0,"gold_loss":0.0,"damage_taken":5.0,"relics_obtained":["Pear"]},{"cards_removed":["Cleave"],"damage_healed":0.0,"max_hp_gain":0.0,"max_hp_loss":0.0,"gold_gain":0.0,"event_name":"The Cleric","player_choice":"Card Removal","floor":11.0,"gold_loss":75.0,"damage_taken":0.0},{"damage_healed":0.0,"max_hp_gain":0.0,"max_hp_loss":0.0,"gold_gain":50.0,"event_name":"Golden Shrine","player_choice":"Pray","floor":19.0,"gold_loss":0.0,"damage_taken":0.0},{"damage_healed":0.0,"max_hp_gain":0.0,"max_hp_loss":0.0,"gold_gain":0.0,"event_name":"Knowing Skull","player_choice":"","floor":21.0,"potions_obtained":[],"gold_loss":0.0,"damage_taken":6.0,"cards_obtained":[]},{"damage_healed":0.0,"max_hp_gain":0.0,"max_hp_loss":0.0,"gold_gain":0.0,"event_name":"WeMeetAgain","player_choice":"Gave Potion","floor":31.0,"gold_loss":0.0,"damage_taken":0.0,"relics_obtained":["Lantern"]},{"damage_healed":0,"gold_gain":0,"player_choice":"Memory 3","damage_taken":10,"max_hp_gain":0,"max_hp_loss":0,"event_name":"SensoryStone","floor":36,"gold_loss":0},{"damage_healed":22,"gold_gain":0,"player_choice":"Writhe","damage_taken":0,"max_hp_gain":0,"max_hp_loss":0,"event_name":"Winding Halls","floor":39,"gold_loss":0,"cards_obtained":["Writhe"]},{"damage_healed":0,"gold_gain":0,"player_choice":"Fight","damage_taken":0,"max_hp_gain":0,"max_hp_loss":0,"event_name":"MindBloom","floor":46,"gold_loss":0}],"is_beta":false,"boss_relics":[{"not_picked":["Astrolabe","Runic Dome"],"picked":"Tiny House"},{"not_picked":["Velvet Choker","Runic Pyramid"],"picked":"Philosopher\u0027s Stone"}],"items_purged_floors":[37,38,54],"is_endless":false,"potions_floor_spawned":[4,8,13,16,18,23,27,28,33,35,40,42,45,46,47,48,55],"ascension_level":20}}