{"host":"04x9isxu4s2lvye3","time":1613333172,"event":{"mods":["BaseMod","Colored Powertips","Highlight Path","Minty Spire (QoL Compilation)"],"gold_per_floor":[117,129,129,129,129,154,172,172,172,205,205,222,222,236,236,307,307,327,359,376,376,76,76,96,113,136,166,196,221,309,321,333,421,433,462,493,505,517,554,601,435,468,493,493,10,26,26,26,26,26],"floor_reached":51,"language":"ENG","playtime":3547,"items_purged":["Riddle With Holes","Parasite","Distraction"],"score":1424,"play_id":"621fd2a7-10cb-4fa2-b24b-9736b2e7be2c","local_time":"20210214150612","is_ascension_mode":true,"campfire_choices":[{"data":"Footwork","floor":8.0,"key":"SMITH"},{"data":"Prepared","floor":13.0,"key":"SMITH"},{"floor":15.0,"key":"REST"},{"floor":23.0,"key":"REST"},{"floor":32.0,"key":"REST"},{"data":"Catalyst","floor":44.0,"key":"SMITH"},{"data":"Catalyst","floor":47.0,"key":"SMITH"},{"data":"Adrenaline","floor":49.0,"key":"SMITH"}],"circlet_count":0,"master_deck":["AscendersBane","Survivor","Neutralize+1","Bouncing Flask","Prepared+1","Predator","Footwork+1","Blade Dance","Poisoned Stab+1","Doppelganger+1","Outmaneuver","Adrenaline+1","Setup","Calculated Gamble","Catalyst+1","Heel Hook+1","Backflip","Catalyst+1","Backflip","Leg Sweep+1","Poisoned Stab","Dodge and Roll","Blade Dance","Catalyst+1","Escape Plan","Underhanded Strike+1","Leg Sweep","Catalyst","Leg Sweep+1","Caltrops","Master of Strategy+1","Blind+1"],"relics":["Ring of the Snake","NeowsBlessing","Thread and Needle","Pear","Lantern","Pandora\u0027s Box","Red Mask","Orrery","Pen Nib","MawBank","Sundial","HoveringKite","Bird Faced Urn","Blood Vial","Whetstone","Akabeko","Toxic Egg 2"],"acts_visited":["Exordium","TheCity","TheBeyond"],"potions_floor_usage":[50,50],"damage_taken":[{"damage":0.0,"enemies":"Jaw Worm","floor":1.0,"turns":1.0},{"damage":0.0,"enemies":"Small Slimes","floor":2.0,"turns":1.0},{"damage":0.0,"enemies":"Lagavulin","floor":6.0,"turns":2.0},{"damage":5.0,"enemies":"2 Louse","floor":7.0,"turns":2.0},{"damage":29.0,"enemies":"3 Sentries","floor":10.0,"turns":15.0},{"damage":4.0,"enemies":"Looter","floor":12.0,"turns":3.0},{"damage":0.0,"enemies":"2 Fungi Beasts","floor":14.0,"turns":3.0},{"damage":0.0,"enemies":"Hexaghost","floor":16.0,"turns":9.0},{"damage":20.0,"enemies":"Shell Parasite","floor":18.0,"turns":3.0},{"damage":22.0,"enemies":"Masked Bandits","floor":19.0,"turns":5.0},{"damage":4.0,"enemies":"Spheric Guardian","floor":20.0,"turns":4.0},{"damage":0.0,"enemies":"Cultist and Chosen","floor":24.0,"turns":7.0},{"damage":2.0,"enemies":"Centurion and Healer","floor":25.0,"turns":6.0},{"damage":20.0,"enemies":"Gremlin Leader","floor":27.0,"turns":6.0},{"damage":3.0,"enemies":"Shelled Parasite and Fungi","floor":28.0,"turns":7.0},{"damage":0.0,"enemies":"Chosen and Byrds","floor":29.0,"turns":5.0},{"damage":37.0,"enemies":"Collector","floor":33.0,"turns":7.0},{"damage":0.0,"enemies":"Orb Walker","floor":35.0,"turns":2.0},{"damage":13.0,"enemies":"3 Shapes","floor":36.0,"turns":6.0},{"damage":0.0,"enemies":"Mind Bloom Boss Battle","floor":39.0,"turns":3.0},{"damage":0.0,"enemies":"Reptomancer","floor":40.0,"turns":7.0},{"damage":0.0,"enemies":"Giant Head","floor":42.0,"turns":5.0},{"damage":0.0,"enemies":"Jaw Worm Horde","floor":46.0,"turns":6.0},{"damage":52,"enemies":"Time Eater","floor":50,"turns":14}],"seed_played":"-5206335894865327798","potions_obtained":[{"floor":1.0,"key":"SmokeBomb"},{"floor":6.0,"key":"PowerPotion"},{"floor":10.0,"key":"SneckoOil"},{"floor":12.0,"key":"SkillPotion"},{"floor":18.0,"key":"AttackPotion"},{"floor":24.0,"key":"Fire Potion"},{"floor":25.0,"key":"ColorlessPotion"},{"floor":28.0,"key":"Energy Potion"},{"floor":29.0,"key":"ColorlessPotion"},{"floor":39.0,"key":"Poison Potion"},{"floor":40.0,"key":"Poison Potion"},{"floor":42.0,"key":"Block Potion"}],"is_trial":false,"path_per_floor":["M","M","?","?","?","E","M","R","T","E","?","M","R","M","R","B",null,"M","?","M","?","$","R","M","M","T","E","M","M","T","$","R","B",null,"M","M","?","?","?","E","$","E","T","R","$","M","R","?","R","B",null],"character_chosen":"THE_SILENT","items_purchased":["Orrery","Ancient Potion","LiquidMemories","Toxic Egg 2","Leg Sweep+1","Caltrops"],"campfire_rested":3,"item_purchase_floors":[22,22,41,45,45,45],"current_hp_per_floor":[63,63,56,61,46,46,41,41,51,22,43,39,39,39,64,64,80,60,38,34,34,34,59,59,57,57,37,34,34,34,34,59,22,69,69,56,56,56,56,58,58,62,62,62,62,66,66,61,61,15],"gold":26,"neow_bonus":"THREE_ENEMY_KILL","is_daily":false,"chose_seed":false,"campfire_upgraded":5,"win_rate":0.0,"timestamp":1613333172,"path_taken":["M","M","?","?","?","E","M","R","T","E","?","M","R","M","R","BOSS","M","?","M","?","$","R","?","M","T","E","M","M","?","?","R","BOSS","M","M","?","?","?","E","$","E","T","R","$","M","R","?","R","BOSS"],"items_purchased_type":["Relic","Potion","Potion","Relic","Card","Card"],"build_version":"2020-12-22","purchased_purges":3,"victory":true,"max_hp_per_floor":[70,70,70,75,75,75,75,75,85,85,85,85,85,85,85,85,85,85,85,85,85,85,85,85,85,85,85,85,85,85,85,85,85,85,85,85,85,81,81,81,78,78,78,78,78,78,78,78,78,78],"card_choices":[{"not_picked":["Underhanded Strike","Tactician"],"picked":"Bouncing Flask","floor":1.0},{"not_picked":["Blur","All Out Attack"],"picked":"Prepared","floor":2.0},{"not_picked":["A Thousand Cuts","Reflex"],"picked":"Predator","floor":6.0},{"not_picked":["Skewer","Deflect"],"picked":"Footwork","floor":7.0},{"not_picked":["Deflect","Flying Knee"],"picked":"Blade Dance","floor":10.0},{"not_picked":["Deadly Poison","Flechettes"],"picked":"Poisoned Stab","floor":12.0},{"not_picked":["Well Laid Plans","Cloak And Dagger","Choke"],"picked":"SKIP","floor":14.0},{"not_picked":["Wraith Form v2","Glass Knife"],"picked":"Doppelganger","floor":16.0},{"not_picked":["Crippling Poison","Prepared"],"picked":"Backflip","floor":18.0},{"not_picked":["Dagger Spray","Distraction"],"picked":"Catalyst+1","floor":19.0},{"not_picked":["PiercingWail","Heel Hook"],"picked":"Backflip","floor":20.0},{"not_picked":["Dagger Throw","Bane"],"picked":"Leg Sweep+1","floor":22.0},{"not_picked":["Acrobatics","Flying Knee"],"picked":"Poisoned Stab","floor":22.0},{"not_picked":["Eviscerate","Footwork"],"picked":"Dodge and Roll","floor":22.0},{"not_picked":["Setup","Deflect"],"picked":"Blade Dance","floor":22.0},{"not_picked":["Dagger Spray","Prepared"],"picked":"Catalyst","floor":22.0},{"not_picked":["Catalyst","Distraction"],"picked":"Escape Plan","floor":24.0},{"not_picked":["A Thousand Cuts","Slice","Flying Knee"],"picked":"SKIP","floor":25.0},{"not_picked":["Backstab","Deflect","Expertise"],"picked":"SKIP","floor":27.0},{"not_picked":["Bane","Skewer+1","All Out Attack"],"picked":"SKIP","floor":28.0},{"not_picked":["Outmaneuver","Deflect"],"picked":"Underhanded Strike+1","floor":29.0},{"not_picked":["Dagger Spray","Backflip","Choke"],"picked":"SKIP","floor":35.0},{"not_picked":["Poisoned Stab+1","PiercingWail","Infinite Blades"],"picked":"SKIP","floor":36.0},{"not_picked":["Flying Knee","Backflip"],"picked":"Leg Sweep","floor":39.0},{"not_picked":["Poisoned Stab","Cloak And Dagger+1","Blade Dance"],"picked":"SKIP","floor":40.0},{"not_picked":["Expertise","Concentrate"],"picked":"Catalyst","floor":42.0},{"not_picked":["Setup+1","Riddle With Holes","Sucker Punch"],"picked":"SKIP","floor":46.0},{"not_picked":["Impatience+1","Transmutation+1"],"picked":"Master of Strategy+1","floor":48.0},{"not_picked":["Metamorphosis+1","Flash of Steel"],"picked":"Blind+1","floor":48.0}],"player_experience":287455,"relics_obtained":[{"floor":6.0,"key":"Thread and Needle"},{"floor":9.0,"key":"Pear"},{"floor":10.0,"key":"Lantern"},{"floor":19.0,"key":"Red Mask"},{"floor":26.0,"key":"Pen Nib"},{"floor":27.0,"key":"MawBank"},{"floor":30.0,"key":"Sundial"},{"floor":39.0,"key":"Bird Faced Urn"},{"floor":40.0,"key":"Blood Vial"},{"floor":42.0,"key":"Whetstone"},{"floor":43.0,"key":"Akabeko"}],"event_choices":[{"cards_removed":["Strike_G"],"damage_healed":0.0,"max_hp_gain":0.0,"max_hp_loss":0.0,"gold_gain":0.0,"event_name":"Golden Wing","player_choice":"Card Removal","floor":3.0,"gold_loss":0.0,"damage_taken":7.0},{"damage_healed":0.0,"max_hp_gain":5.0,"max_hp_loss":0.0,"gold_gain":0.0,"event_name":"Big Fish","player_choice":"Donut","floor":4.0,"gold_loss":0.0,"damage_taken":0.0},{"damage_healed":0.0,"max_hp_gain":0.0,"max_hp_loss":0.0,"gold_gain":0.0,"event_name":"Shining Light","player_choice":"Entered Light","floor":5.0,"gold_loss":0.0,"damage_taken":15.0,"cards_upgraded":["Neutralize","Defend_G"]},{"damage_healed":21.0,"max_hp_gain":0.0,"max_hp_loss":0.0,"gold_gain":0.0,"event_name":"Mushrooms","player_choice":"Healed and dodged fight","floor":11.0,"gold_loss":0.0,"damage_taken":0.0,"cards_obtained":["Parasite"]},{"damage_healed":0.0,"max_hp_gain":0.0,"max_hp_loss":0.0,"gold_gain":0.0,"event_name":"Masked Bandits","player_choice":"Fought Bandits","floor":19.0,"gold_loss":0.0,"damage_taken":0.0},{"damage_healed":0.0,"max_hp_gain":0.0,"max_hp_loss":0.0,"gold_gain":0.0,"event_name":"Accursed Blacksmith","player_choice":"Forge","floor":21.0,"gold_loss":0.0,"damage_taken":0.0,"cards_upgraded":["Doppelganger"]},{"cards_removed":["Flying Knee"],"damage_healed":0.0,"max_hp_gain":0.0,"max_hp_loss":0.0,"gold_gain":0.0,"event_name":"Falling","player_choice":"Removed Attack","floor":37.0,"gold_loss":0.0,"damage_taken":0.0},{"damage_healed":0.0,"max_hp_gain":0.0,"max_hp_loss":4.0,"gold_gain":0.0,"event_name":"Winding Halls","player_choice":"Max HP","floor":38.0,"gold_loss":0.0,"damage_taken":0.0},{"damage_healed":0.0,"max_hp_gain":0.0,"max_hp_loss":0.0,"gold_gain":0.0,"event_name":"MindBloom","player_choice":"Fight","floor":39.0,"gold_loss":0.0,"damage_taken":0.0},{"damage_healed":0.0,"max_hp_gain":0.0,"max_hp_loss":0.0,"gold_gain":0.0,"event_name":"SensoryStone","player_choice":"Memory 2","floor":48.0,"gold_loss":0.0,"damage_taken":5.0}],"is_beta":false,"boss_relics":[{"not_picked":["Fusion Hammer","Runic Pyramid"],"picked":"Pandora\u0027s Box"},{"not_picked":["Philosopher\u0027s Stone","Sozu"],"picked":"HoveringKite"}],"items_purged_floors":[22,41,45],"is_endless":false,"potions_floor_spawned":[1,6,10,12,18,24,25,28,29,39,40,42],"ascension_level":13}}