{"host":"qheym18ww6mhskxf","time":1613310596,"event":{"mods":["100% Spire Juice","BaseMod","CapriCore","Friendly Minions","GungeonMod","KOR Keyword Fix","Kiyohime£¨?ýï£©","Minty Spire (QoL Compilation)","Prisma Mod","Quick Restart","Rare Cards Sparkle","Shop Mod","Spicy Shops","StSLib","Td1madao Mod","The Dragon Tamer","Username Fix"],"gold_per_floor":[111,186,186,38,38,38,38,69,69,87,102,102,113,142,142,242,242,259,271,186,201,13,45,45,245,297,297,324,355,355,0,0,99,99,119,16,45,106,126,126,158,29,29,45,84,84,109,134,134,232,232,252,40,59,59,85,85,110,110,110,110,139,16,48,69,69,170,170,187,187,203,20,54,54,83,38,66,77,77,105,117,130,130,232,232,251,264,260,260,271,305,305,98,131,166,191,206,241,272,272,367,367,367],"floor_reached":102,"language":"KOR","playtime":3288,"items_purged":["Strike_P","Strike_P","Strike_P","Strike_P","Defend_P+1","Defend_P+1","Defend_P+1"],"score":4130,"play_id":"7c65ce3d-975b-4a13-bd3e-9427e84235e6","local_time":"20210214224956","daily_mods":["Heirloom","Time Dilation","DeadlyEvents","Elite Swarm"],"is_ascension_mode":true,"campfire_choices":[{"data":"Eruption","floor":6.0,"key":"SMITH"},{"floor":12.0,"key":"REST"},{"data":"Vigilance","floor":15.0,"key":"SMITH"},{"data":"PrismaMod:ChloeCheapAttack","floor":24.0,"key":"SMITH"},{"data":"Consecrate","floor":27.0,"key":"SMITH"},{"floor":30.0,"key":"REST"},{"data":"Brilliance","floor":32.0,"key":"SMITH"},{"data":"Consecrate","floor":40.0,"key":"SMITH"},{"data":"Scrawl","floor":46.0,"key":"SMITH"},{"data":"EmptyBody","floor":49.0,"key":"SMITH"},{"data":"MentalFortress","floor":57,"key":"SMITH"},{"data":"Defend_P","floor":59,"key":"SMITH"},{"floor":61,"key":"REST"},{"data":"Prostrate","floor":66,"key":"SMITH"},{"floor":74,"key":"REST"},{"floor":79,"key":"REST"},{"floor":83,"key":"REST"},{"floor":92,"key":"REST"},{"data":"Trip","floor":100,"key":"SMITH"}],"circlet_count":0,"master_deck":["Eruption+1","Vigilance+1","Brilliance+1","Consecrate+1","EmptyBody+1","PrismaMod:ChloeCheapAttack+1","PrismaMod:ChloeCheapAttack+1","ClearTheMind+1","Consecrate+1","Consecrate+1","Scrawl+1","PrismaMod:ChloeCaladbolg+1","FlurryOfBlows+1","MentalFortress+1","Prostrate+1","Trip+1"],"relics":["PureWater","DemoMod:GundromedaStrain","Bag of Marbles","Runic Pyramid","MerchantsRug","PreservedInsect","Bag of Preparation","Smiling Mask","DemoMod:ClearGuonStone","DemoMod:NanoMachines","CeramicFish","ClockworkSouvenir","Membership Card","Bottled Flame","TungstenRod","Vajra","DemoMod:RiddleOfLead","FossilizedHelix","Akabeko","Mercury Hourglass","Potion Belt","Bronze Scales","Philosopher\u0027s Stone","DemoMod:OrangeGuonStone","Melange","Shuriken","Blood Vial","Omamori","Lantern","Oddly Smooth Stone","DemoMod:GlassGuonStoneRelic","Coffee Dripper"],"acts_visited":["Exordium","TheCity","TheBeyond","Exordium","TheCity","TheBeyond","Exordium"],"potions_floor_usage":[50,101],"damage_taken":[{"damage":8.0,"enemies":"2 Louse","floor":1.0,"turns":3.0},{"damage":32.0,"enemies":"Lagavulin","floor":8.0,"turns":5.0},{"damage":0.0,"enemies":"Small Slimes","floor":10.0,"turns":2.0},{"damage":0.0,"enemies":"Jaw Worm","floor":11.0,"turns":1.0},{"damage":0.0,"enemies":"2 Fungi Beasts","floor":13.0,"turns":2.0},{"damage":0.0,"enemies":"Gremlin Nob","floor":14.0,"turns":2.0},{"damage":9.0,"enemies":"Slime Boss","floor":16.0,"turns":7.0},{"damage":0.0,"enemies":"Shell Parasite","floor":18.0,"turns":1.0},{"damage":0.0,"enemies":"Spheric Guardian","floor":19.0,"turns":3.0},{"damage":7.0,"enemies":"3 Cultists","floor":21.0,"turns":4.0},{"damage":16.0,"enemies":"Slavers","floor":23.0,"turns":3.0},{"damage":0.0,"enemies":"Gremlin Leader","floor":28.0,"turns":1.0},{"damage":7.0,"enemies":"Book of Stabbing","floor":29.0,"turns":2.0},{"damage":0.0,"enemies":"Collector","floor":33.0,"turns":3.0},{"damage":0.0,"enemies":"3 Shapes","floor":35.0,"turns":3.0},{"damage":0.0,"enemies":"Orb Walker","floor":37.0,"turns":1.0},{"damage":0.0,"enemies":"2 Orb Walkers","floor":38.0,"turns":4.0},{"damage":2.0,"enemies":"Spire Growth","floor":39.0,"turns":2.0},{"damage":0.0,"enemies":"Nemesis","floor":41.0,"turns":1.0},{"damage":0.0,"enemies":"4 Shapes","floor":44.0,"turns":1.0},{"damage":0.0,"enemies":"Giant Head","floor":45.0,"turns":5.0},{"damage":0.0,"enemies":"Jaw Worm Horde","floor":47.0,"turns":2.0},{"damage":0.0,"enemies":"Reptomancer","floor":48.0,"turns":1.0},{"damage":0,"enemies":"Time Eater","floor":50,"turns":1},{"damage":0,"enemies":"2 Louse","floor":52,"turns":1},{"damage":0,"enemies":"Small Slimes","floor":54,"turns":1},{"damage":0,"enemies":"Cultist","floor":56,"turns":1},{"damage":0,"enemies":"Lagavulin","floor":58,"turns":1},{"damage":0,"enemies":"3 Sentries","floor":62,"turns":1},{"damage":0,"enemies":"Gremlin Nob","floor":64,"turns":1},{"damage":0,"enemies":"Blue Slaver","floor":65,"turns":1},{"damage":0,"enemies":"Hexaghost","floor":67,"turns":2},{"damage":0,"enemies":"Shell Parasite","floor":69,"turns":1},{"damage":0,"enemies":"Spheric Guardian","floor":71,"turns":1},{"damage":0,"enemies":"Gremlin Leader","floor":73,"turns":2},{"damage":0,"enemies":"Book of Stabbing","floor":75,"turns":2},{"damage":0,"enemies":"Slavers","floor":77,"turns":1},{"damage":0,"enemies":"Cultist and Chosen","floor":78,"turns":1},{"damage":0,"enemies":"Book of Stabbing","floor":80,"turns":1},{"damage":0,"enemies":"Snake Plant","floor":81,"turns":1},{"damage":0,"enemies":"Centurion and Healer","floor":82,"turns":1},{"damage":0,"enemies":"Automaton","floor":84,"turns":2},{"damage":0,"enemies":"3 Darklings","floor":86,"turns":1},{"damage":0,"enemies":"3 Shapes","floor":87,"turns":1},{"damage":0,"enemies":"Jaw Worm Horde","floor":90,"turns":1},{"damage":0,"enemies":"Giant Head","floor":91,"turns":2},{"damage":0,"enemies":"Nemesis","floor":94,"turns":2},{"damage":0,"enemies":"Reptomancer","floor":95,"turns":1},{"damage":0,"enemies":"Giant Head","floor":96,"turns":1},{"damage":0,"enemies":"3 Darklings","floor":97,"turns":1},{"damage":0,"enemies":"Reptomancer","floor":98,"turns":1},{"damage":0,"enemies":"Giant Head","floor":99,"turns":2},{"damage":5,"enemies":"Awakened One","floor":101,"turns":4}],"seed_played":"-4524974625417816213","potions_obtained":[{"floor":8.0,"key":"SmokeBomb"},{"floor":11.0,"key":"SpeedPotion"},{"floor":13.0,"key":"Dexterity Potion"},{"floor":14.0,"key":"Fire Potion"},{"floor":18.0,"key":"Fire Potion"},{"floor":44.0,"key":"SteroidPotion"},{"floor":48.0,"key":"Dexterity Potion"},{"floor":50,"key":"DuplicationPotion"},{"floor":52,"key":"AttackPotion"},{"floor":58,"key":"LiquidBronze"},{"floor":65,"key":"Block Potion"},{"floor":71,"key":"Explosive Potion"},{"floor":73,"key":"Swift Potion"},{"floor":75,"key":"Block Potion"},{"floor":77,"key":"Energy Potion"},{"floor":80,"key":"Regen Potion"},{"floor":90,"key":"Explosive Potion"},{"floor":91,"key":"DemoMod:LeadSkinPotion"},{"floor":97,"key":"SkillPotion"},{"floor":99,"key":"Fire Potion"}],"is_trial":true,"path_per_floor":["M","?","?","$","?","R","$","E","T","M","M","R","M","E","R","B",null,"M","M","?","M","$","E","R","?","T","R","E","E","R","$","R","B",null,"M","$","M","?","M","R","E","$","T","M","E","R","M","E","R","B",null,"M","$","M","?","M","R","E","R","T","R","E","$","E","M","R","B",null,"M","?","M","$","E","R","E","$","E","M","R","E","M","M","R","B",null,"M","M","$","?","M","E","R","$","E","E","E","M","E","E","R","B",null],"character_chosen":"WATCHER","items_purchased":["Bag of Marbles","MerchantsRug","PreservedInsect","DemoMod:ClearGuonStone","Damaru","DemoMod:NanoMachines","CeramicFish","ClockworkSouvenir","Membership Card","FossilizedHelix","Akabeko","Potion Belt","Bronze Scales","Melange","Shuriken","Blood Vial","Omamori","Trip","Lantern","Oddly Smooth Stone"],"campfire_rested":7,"item_purchase_floors":[4,22,22,31,31,31,36,36,42,53,53,63,63,72,72,76,88,93,93,93],"current_hp_per_floor":[57,46,46,46,46,46,46,24,24,24,24,48,48,55,55,46,78,78,78,78,71,71,55,55,55,55,55,55,50,76,76,76,78,86,88,88,88,88,86,86,86,86,86,86,86,86,86,86,86,86,99,99,99,99,99,99,99,99,99,99,99,99,99,99,99,99,99,99,99,99,99,99,99,99,99,99,99,99,99,99,99,99,99,99,99,99,99,99,99,99,99,99,99,99,99,99,99,99,99,99,94,98,98],"gold":367,"neow_bonus":"","is_daily":false,"chose_seed":false,"campfire_upgraded":12,"win_rate":0.0,"timestamp":1613310596,"path_taken":["M","?","?","?","?","R","$","E","T","M","M","R","M","?","R","BOSS","M","M","?","M","$","E","R","?","T","R","E","?","R","$","R","BOSS","M","$","M","?","?","R","E","$","T","M","E","R","M","E","R","BOSS","M","$","M","?","M","R","E","R","T","R","E","$","E","M","R","BOSS","M","?","?","$","?","R","E","$","E","M","R","E","M","?","R","BOSS","M","M","$","?","M","E","R","$","E","?","E","?","E","?","R","BOSS"],"items_purchased_type":["Relic","Relic","Relic","Relic","Relic","Relic","Relic","Relic","Relic","Relic","Relic","Relic","Relic","Relic","Relic","Relic","Relic","Card","Relic","Relic"],"build_version":"2020-12-22","purchased_purges":7,"victory":false,"max_hp_per_floor":[72,72,72,72,72,72,72,82,82,82,82,82,82,89,89,89,89,89,89,89,89,89,89,89,89,89,89,89,89,89,89,89,89,89,89,89,89,89,89,89,89,89,89,89,89,89,89,89,89,89,99,99,99,99,99,99,99,99,99,99,99,99,99,99,99,99,99,99,99,99,99,99,99,99,99,99,99,99,99,99,99,99,99,99,99,99,99,99,99,99,99,99,99,99,99,99,99,99,99,99,99,99,99],"card_choices":[{"not_picked":["PrismaMod:ChloeExhaustOne","Weave","Halt"],"picked":"SKIP","floor":1.0},{"not_picked":["PrismaMod:ChloeCarnivalAOEAttack","PrismaMod:ChloeAnyPowerTrace"],"picked":"Brilliance","floor":8.0},{"not_picked":["Vengeance","FlyingSleeves","PrismaMod:ChloeCheapDefendTwo"],"picked":"SKIP","floor":10.0},{"not_picked":["Vengeance","FlyingSleeves","PrismaMod:ChloeCheapDefendTwo"],"picked":"SKIP","floor":10.0},{"not_picked":["PrismaMod:ChloeExhaustOne","CrushJoints","Fasting2"],"picked":"SKIP","floor":11.0},{"not_picked":["PrismaMod:ChloeCheapDefend","PrismaMod:ChloeExhaustOne"],"picked":"Consecrate","floor":13.0},{"not_picked":["ConjureBlade","PrismaMod:ChloeDevil","Vault"],"picked":"SKIP","floor":14.0},{"not_picked":["PrismaMod:ChloeCheapDefendTwo","EmptyFist"],"picked":"EmptyBody","floor":18.0},{"not_picked":["LessonLearned","FlyingSleeves","PrismaMod:ChloeCommonAOEAttack+1"],"picked":"SKIP","floor":19.0},{"not_picked":["Crescendo","Evaluate"],"picked":"PrismaMod:ChloeCheapAttack","floor":21.0},{"not_picked":["PrismaMod:ChloeExhaustThree","ConjureBlade","PrismaMod:ChloeUnlimitedBladeWorks"],"picked":"SKIP","floor":23.0},{"not_picked":["PrismaMod:ChloeAnyUncommonTrace","Ragnarok","Vault"],"picked":"SKIP","floor":28.0},{"not_picked":["PrismaMod:ChloeAnyCommonTrace","Blasphemy","PrismaMod:ChloeAnyPowerTrace"],"picked":"SKIP","floor":29.0},{"not_picked":["DeceiveReality+1","PrismaMod:ChloeDiscardRecovery+1"],"picked":"PrismaMod:ChloeCheapAttack+1","floor":35.0},{"not_picked":["PrismaMod:ChloeCheapAttack","PrismaMod:ChloeMordred"],"picked":"ClearTheMind+1","floor":37.0},{"not_picked":["PrismaMod:ChloeEyeOfTheEuryale+1","FearNoEvil"],"picked":"Consecrate","floor":38.0},{"not_picked":["CrushJoints","Omniscience"],"picked":"Consecrate+1","floor":39.0},{"not_picked":["MasterReality","PrismaMod:ChloeDevil","Judgement"],"picked":"SKIP","floor":41.0},{"not_picked":["Protect","PrismaMod:ChloeCheapAttack","FlyingSleeves"],"picked":"SKIP","floor":44.0},{"not_picked":["PrismaMod:ChloeExhaustThree","Scrawl","Devotion"],"picked":"SKIP","floor":45.0},{"not_picked":["PrismaMod:ChloeExhaustThree","Devotion"],"picked":"Scrawl","floor":45.0},{"not_picked":["PrismaMod:ChloeCheapAttack","Protect+1"],"picked":"PrismaMod:ChloeCaladbolg+1","floor":47.0},{"not_picked":["Wish","Establishment","PrismaMod:ChloeExhaustThree"],"picked":"SKIP","floor":48.0},{"not_picked":["InnerPeace","FlyingSleeves","PrismaMod:ChloeRitsuka"],"picked":"SKIP","floor":52},{"not_picked":["FlyingSleeves","CutThroughFate"],"picked":"FlurryOfBlows","floor":54},{"not_picked":["Fasting2","FlyingSleeves"],"picked":"MentalFortress","floor":56},{"not_picked":["PrismaMod:ChloeReshuffleDiscard","Ragnarok","PrismaMod:ChloeGreatTracePools"],"picked":"SKIP","floor":58},{"not_picked":["PrismaMod:ChloeAnySkillTrace","Blasphemy","PrismaMod:ChloeAnyCommonTrace"],"picked":"SKIP","floor":62},{"not_picked":["Alpha","Wish","Judgement"],"picked":"SKIP","floor":64},{"not_picked":["FlyingSleeves","Consecrate"],"picked":"Prostrate","floor":65},{"not_picked":["PrismaMod:ChloeCheapAttack","Fasting2+1","ThirdEye"],"picked":"SKIP","floor":69},{"not_picked":["FlyingSleeves+1","PrismaMod:ChloeCheapAttackTwo","ClearTheMind"],"picked":"SKIP","floor":71},{"not_picked":["PrismaMod:ChloeAnyPowerTrace","Brilliance","SpiritShield"],"picked":"SKIP","floor":73},{"not_picked":["Omniscience","Judgement","PrismaMod:ChloeAnyUncommonTrace"],"picked":"SKIP","floor":75},{"not_picked":["Brilliance","Establishment","Vault"],"picked":"SKIP","floor":77},{"not_picked":["EmptyBody","PrismaMod:ChloeCommonAOEAttack","Sanctity"],"picked":"SKIP","floor":78},{"not_picked":["PrismaMod:ChloeAnyUncommonTrace","PrismaMod:ChloeCarnivalAOEAttack","Establishment"],"picked":"SKIP","floor":80},{"not_picked":["ForeignInfluence+1","Wallop","PrismaMod:ChloeCheapDefendTwo"],"picked":"SKIP","floor":81},{"not_picked":["BowlingBash","SignatureMove","JustLucky"],"picked":"SKIP","floor":82},{"not_picked":["PrismaMod:ChloeCommonAOEAttack","Protect","WreathOfFlame+1"],"picked":"SKIP","floor":86},{"not_picked":["PrismaMod:ChloeUncommonAttack","CarveReality","FlyingSleeves"],"picked":"SKIP","floor":87},{"not_picked":["PrismaMod:ChloeRitsuka","Worship","PrismaMod:ChloeCheapAttack"],"picked":"SKIP","floor":90},{"not_picked":["PrismaMod:ChloeAnyCommonTrace","PrismaMod:ChloeCarnivalAttack","PrismaMod:ChloeDevil"],"picked":"SKIP","floor":91},{"not_picked":["Devotion","Establishment","MasterReality"],"picked":"SKIP","floor":94},{"not_picked":["PrismaMod:ChloeAnyAttackTrace","ConjureBlade","Scrawl"],"picked":"SKIP","floor":95},{"not_picked":["PrismaMod:ChloeAnyUncommonTrace","SpiritShield","PrismaMod:ChloeAnyCommonTrace"],"picked":"SKIP","floor":96},{"not_picked":["PrismaMod:ChloeExhaustTwo","PrismaMod:ChloeExhaustOne","PrismaMod:ChloeCheapAttack"],"picked":"SKIP","floor":97},{"not_picked":["DeusExMachina","PrismaMod:ChloeGreatTracePools","Brilliance"],"picked":"SKIP","floor":98},{"not_picked":["SpiritShield","Wish","PrismaMod:ChloeDoubleRelicSpeed"],"picked":"SKIP","floor":99}],"player_experience":498517,"relics_obtained":[{"floor":8.0,"key":"Pear"},{"floor":9.0,"key":"DemoMod:ChaffGrenade"},{"floor":14.0,"key":"DemoMod:WeirdEgg"},{"floor":23.0,"key":"DemoMod:VorpalBullet"},{"floor":26.0,"key":"Bag of Preparation"},{"floor":28.0,"key":"Blood Vial"},{"floor":29.0,"key":"Smiling Mask"},{"floor":38.0,"key":"Gambling Chip"},{"floor":41.0,"key":"Nunchaku"},{"floor":43.0,"key":"Bottled Flame"},{"floor":45.0,"key":"TungstenRod"},{"floor":48.0,"key":"Vajra"},{"floor":60,"key":"Mercury Hourglass"}],"event_choices":[{"damage_healed":0.0,"max_hp_gain":0.0,"max_hp_loss":0.0,"gold_gain":75.0,"event_name":"World of Goop","player_choice":"Gather Gold","floor":2.0,"gold_loss":0.0,"damage_taken":11.0},{"damage_healed":0.0,"max_hp_gain":0.0,"max_hp_loss":0.0,"gold_gain":0.0,"event_name":"Liars Game","player_choice":"Ignored","floor":3.0,"gold_loss":0.0,"damage_taken":0.0},{"cards_removed":["Defend_P"],"damage_healed":0.0,"max_hp_gain":0.0,"max_hp_loss":0.0,"gold_gain":0.0,"event_name":"Purifier","player_choice":"Purged","floor":5.0,"gold_loss":0.0,"damage_taken":0.0},{"damage_healed":0.0,"max_hp_gain":0.0,"max_hp_loss":0.0,"gold_gain":0.0,"event_name":"Addict","player_choice":"Obtained Relic","floor":20.0,"gold_loss":85.0,"damage_taken":0.0,"relics_obtained":["War Paint"]},{"damage_healed":0.0,"max_hp_gain":0.0,"max_hp_loss":0.0,"gold_gain":200.0,"event_name":"Wheel of Change","player_choice":"Gold","floor":25.0,"gold_loss":0.0,"damage_taken":0.0},{"damage_healed":0.0,"max_hp_gain":0.0,"max_hp_loss":0.0,"gold_gain":0.0,"event_name":"Mysterious Sphere","player_choice":"Fight","floor":38.0,"gold_loss":0.0,"damage_taken":0.0},{"damage_healed":0,"gold_gain":0,"player_choice":"Grow","damage_taken":0,"max_hp_gain":0,"max_hp_loss":0,"event_name":"Living Wall","floor":55,"gold_loss":0,"cards_upgraded":["FlurryOfBlows"]},{"damage_healed":0,"gold_gain":0,"player_choice":"Gave Potion","damage_taken":0,"relics_obtained":["DemoMod:OrangeGuonStone"],"max_hp_gain":0,"max_hp_loss":0,"event_name":"WeMeetAgain","floor":70,"gold_loss":0},{"damage_healed":0,"gold_gain":0,"player_choice":"Ignored","damage_taken":0,"max_hp_gain":0,"max_hp_loss":0,"event_name":"Upgrade Shrine","floor":89,"gold_loss":0}],"is_beta":false,"boss_relics":[{"not_picked":["Philosopher\u0027s Stone","Fusion Hammer"],"picked":"Runic Pyramid"},{"not_picked":["Calling Bell","Cursed Key"],"picked":"Sozu"},{"not_picked":["Empty Cage","Runic Dome"],"picked":"DemoMod:RiddleOfLead"},{"not_picked":["Busted Crown","Velvet Choker"],"picked":"Philosopher\u0027s Stone"},{"not_picked":["Pandora\u0027s Box","Runic Dome"],"picked":"Sozu"},{"not_picked":["SacredBark","Tiny House"],"picked":"Coffee Dripper"}],"items_purged_floors":[31,42,42,53,88,88,93],"is_endless":true,"potions_floor_spawned":[8,11,13,14,18,19,21,35,44,48,50,52,58,65,71,73,75,77,80,87,90,91,97,99],"ascension_level":9}}