{"host":"jwpp8hxpigr0nknu","time":1613332086,"event":{"mods":["BaseMod","BetterRewards","Colored Map","Colored Powertips","Minty Spire (QoL Compilation)","Rare Cards Sparkle","Shop Mod","StSLib"],"gold_per_floor":[116,116,131,59,78,78,78],"floor_reached":6,"language":"ENG","playtime":305,"items_purged":[],"score":77,"play_id":"c6786976-f00c-4766-8c82-ae736825a85c","local_time":"20210214134806","daily_mods":["Draft","Heirloom","Flight","DeadlyEvents","Elite Swarm"],"is_ascension_mode":true,"campfire_choices":[],"circlet_count":0,"master_deck":["Blizzard","Capacitor+1","Coolheaded","Recycle","Doom and Gloom","Coolheaded","Hologram","Coolheaded","Sweeping Beam","Coolheaded","Hello World","Cold Snap","Cold Snap+1","Heatsinks","Stack","Coolheaded","Rebound","Self Repair","Self Repair"],"relics":["Cracked Core","Girya"],"acts_visited":["Exordium"],"potions_floor_usage":[6],"damage_taken":[{"damage":12,"enemies":"2 Louse","floor":1,"turns":3},{"damage":7,"enemies":"Jaw Worm","floor":3,"turns":7},{"damage":0,"enemies":"Cultist","floor":5,"turns":4},{"damage":50,"enemies":"Gremlin Nob","floor":6,"turns":5}],"seed_played":"-9034954683120673383","potions_obtained":[{"floor":3,"key":"Energy Potion"},{"floor":5,"key":"Strength Potion"}],"is_trial":true,"path_per_floor":["M","?","M","$","M","E"],"character_chosen":"DEFECT","items_purchased":["Self Repair"],"campfire_rested":0,"item_purchase_floors":[4],"current_hp_per_floor":[56,41,34,34,41,0,0],"gold":78,"neow_bonus":"","is_daily":false,"chose_seed":false,"campfire_upgraded":0,"win_rate":0.0,"timestamp":1613332086,"path_taken":["M","?","M","$","M","E"],"items_purchased_type":["Card"],"build_version":"2020-12-22","purchased_purges":0,"victory":false,"max_hp_per_floor":[75,75,75,75,75,75,75],"card_choices":[{"not_picked":["Beam Cell","Recycle"],"picked":"Blizzard","floor":0},{"not_picked":["Coolheaded","Auto Shields"],"picked":"Capacitor","floor":0},{"not_picked":["Tempest","Aggregate"],"picked":"Coolheaded","floor":0},{"not_picked":["Sweeping Beam","Static Discharge"],"picked":"Recycle","floor":0},{"not_picked":["Beam Cell","Static Discharge"],"picked":"Doom and Gloom","floor":0},{"not_picked":["Streamline","Gash"],"picked":"Coolheaded","floor":0},{"not_picked":["White Noise","Barrage"],"picked":"Hologram","floor":0},{"not_picked":["Redo","Recycle"],"picked":"Coolheaded","floor":0},{"not_picked":["Consume","Barrage"],"picked":"Sweeping Beam","floor":0},{"not_picked":["Hologram","Turbo"],"picked":"Coolheaded","floor":0},{"not_picked":["Compile Driver","Beam Cell"],"picked":"Hello World","floor":0},{"not_picked":["Scrape","Coolheaded"],"picked":"Cold Snap","floor":0},{"not_picked":["Leap","Hologram"],"picked":"Cold Snap","floor":0},{"not_picked":["Streamline","Compile Driver"],"picked":"Heatsinks","floor":0},{"not_picked":["Compile Driver","Streamline"],"picked":"Stack","floor":0},{"not_picked":["Ball Lightning","Capacitor"],"picked":"Coolheaded","floor":1},{"not_picked":["Steam","Hologram"],"picked":"Rebound","floor":3},{"not_picked":["Lockon","Tempest"],"picked":"Self Repair","floor":5}],"player_experience":365567,"relics_obtained":[],"event_choices":[{"damage_healed":0,"gold_gain":0,"player_choice":"Entered Light","damage_taken":15,"max_hp_gain":0,"max_hp_loss":0,"event_name":"Shining Light","floor":2,"gold_loss":0,"cards_upgraded":["Capacitor","Cold Snap"]}],"is_beta":false,"boss_relics":[],"items_purged_floors":[],"is_endless":true,"potions_floor_spawned":[3,5],"killed_by":"Gremlin Nob","ascension_level":9}}