{"host":"v0xbo920qxoewo3e","time":1613300596,"event":{"mods":["Act Like it!","Aspiration","Astrologer","BaseMod","Conspire","Downfall","Friendly Minions","GifTheSpireLib","Halation","Hermit","Hubris","Infinite Spire","Jedi Mod","Jorbs\u0027s Wanderer Trilogy","Koishi","Marisa????????","Minty Spire (QoL Compilation)","Potionbrewer","Rare Cards Sparkle","Reimu??????","Remilia??????","Replay The Spire","StSLib","Stuff the Spire","The Animator","The Blackbeard","The Bladedancer","The Bug Knight","The Construct","The Cursed","The Disciple","The Gatherer","The Jungle","The Problem Sleuth","The Runesmith","The Servant 0.9.4","TheBandit","Unceasing Turn Reminder"],"gold_per_floor":[115,41,41,58,58,87,87,119,119,119,129,140,173,189,189,284,284,304,304,304,324,336,336,336,336,361,286,301,301,329,340,340,440,440,456,472,472,491,511,543,543,561,561,611,611,611,511,544,544,544],"floor_reached":51,"language":"ENG","playtime":2631,"items_purged":["Strike_B","Strike_B","Strike_B"],"score":1282,"play_id":"3070ad76-e259-4b73-b5c9-f471ce205349","local_time":"20210214130316","is_ascension_mode":true,"campfire_choices":[{"floor":7,"key":"REST"},{"data":"jedi:locknload","floor":10,"key":"SMITH"},{"floor":15,"key":"REST"},{"floor":23,"key":"REST"},{"data":"infinitespire:Collect","floor":25,"key":"SMITH"},{"data":"Leap","floor":29,"key":"SMITH"},{"data":"Thunder Strike","floor":32,"key":"SMITH"},{"floor":41,"key":"REST"},{"floor":45,"key":"REST"},{"data":"Hologram","floor":49,"key":"SMITH"}],"circlet_count":0,"master_deck":["AscendersBane","Defend_B","Defend_B","Defend_B","Defend_B","Zap","Dualcast","StuffTheSpire:PlasmaPulse","jedi:locknload+1","hubris:PowerSurge","conspire:Rain","StuffTheSpire:CleanHardDrive","Cold Snap","Leap+1","Capacitor","Cold Snap","Electrodynamics","StuffTheSpire:Plugnplay","hubris:PowerSurge","infinitespire:Collect+1","hubris:Fate","ReplayTheSpireMod:Calculation Training","Thunder Strike+1","StuffTheSpire:CelestialWarden","Tempest","Hologram+1"],"relics":["Cracked Core","InkBottle","StuffTheSpire:Gunfinga","jedi:bottledfury","Replay:Mystery Machine","Sozu","Gremlin Horn","Mango","halation:LoveArrow","StuffTheSpire:EmeraldSignet","Golden Egg","infinitespire:CursedDice","Bottled Tornado"],"acts_visited":["Exordium","TheCity","TheBeyond"],"potions_floor_usage":[8,50,50],"damage_taken":[{"damage":0,"enemies":"2 Louse","floor":1,"turns":2},{"damage":7,"enemies":"Jaw Worm","floor":4,"turns":2},{"damage":60,"enemies":"3 Sentries","floor":6,"turns":7},{"damage":15,"enemies":"Lagavulin","floor":8,"turns":3},{"damage":0,"enemies":"Small Slimes","floor":11,"turns":3},{"damage":0,"enemies":"2 Fungi Beasts","floor":12,"turns":2},{"damage":10,"enemies":"Gremlin Nob","floor":13,"turns":3},{"damage":6,"enemies":"Looter","floor":14,"turns":2},{"damage":2,"enemies":"The Guardian","floor":16,"turns":9},{"damage":15,"enemies":"3 Byrds","floor":18,"turns":3},{"damage":22,"enemies":"2 Thieves","floor":21,"turns":2},{"damage":0,"enemies":"Shelled Parasite and Fungi","floor":22,"turns":2},{"damage":0,"enemies":"Centurion and Healer","floor":28,"turns":1},{"damage":8,"enemies":"Slavers","floor":30,"turns":2},{"damage":0,"enemies":"Sentry and Sphere","floor":31,"turns":2},{"damage":0,"enemies":"Champ","floor":33,"turns":5},{"damage":0,"enemies":"3 Darklings","floor":35,"turns":2},{"damage":2,"enemies":"Orb Walker","floor":36,"turns":2},{"damage":0,"enemies":"Maw","floor":38,"turns":4},{"damage":0,"enemies":"Sphere and 2 Shapes","floor":39,"turns":2},{"damage":31,"enemies":"Reptomancer","floor":40,"turns":4},{"damage":37,"enemies":"Jaw Worm Horde","floor":42,"turns":2},{"damage":0,"enemies":"Mind Bloom Boss Battle","floor":44,"turns":3},{"damage":0,"enemies":"Nemesis","floor":48,"turns":3},{"damage":64,"enemies":"Awakened One","floor":50,"turns":8}],"seed_played":"-128825059562370015","potions_obtained":[{"floor":6,"key":"sneckomod:MuddlingPotion"},{"floor":13,"key":"potionbrewer:DiscountPotion"},{"floor":14,"key":"champ:CounterPotion"}],"is_trial":false,"path_per_floor":["M","$","?","M","?","E","R","E","T","R","M","M","E","M","R","B",null,"M","?","AVR","M","M","R","?","R","T","$","M","R","E","M","R","B",null,"M","M","?","M","M","E","R","M","T","?","R","?","$","E","R","B",null],"character_chosen":"DEFECT","items_purchased":["hubris:PowerSurge"],"campfire_rested":5,"item_purchase_floors":[2],"current_hp_per_floor":[68,68,61,54,75,15,37,22,22,22,22,22,12,6,28,26,63,48,48,48,26,26,48,48,48,48,48,48,48,54,54,54,54,80,80,78,78,78,78,47,73,36,36,36,62,62,62,62,62,54],"gold":544,"neow_bonus":"RANDOM_COLORLESS","is_daily":false,"chose_seed":false,"campfire_upgraded":5,"win_rate":0.0,"timestamp":1613300596,"path_taken":["M","$","?","M","?","E","R","E","T","R","M","?","E","M","R","BOSS","M","?","AVR","M","M","R","?","R","T","$","M","R","E","M","R","BOSS","M","M","?","M","M","E","R","M","T","?","R","?","$","E","R","BOSS"],"items_purchased_type":["Card"],"build_version":"2020-12-22","purchased_purges":3,"victory":true,"max_hp_per_floor":[75,75,75,75,75,75,75,75,75,75,75,75,75,75,75,75,75,75,75,75,75,75,75,75,75,75,75,75,75,89,89,89,89,89,89,89,89,89,89,89,89,89,89,89,89,89,89,89,89,89],"card_choices":[{"not_picked":["Replay:Parry","Specialist"],"picked":"StuffTheSpire:PlasmaPulse","floor":0},{"not_picked":["Ball Lightning","Reprogram"],"picked":"jedi:locknload","floor":1},{"not_picked":["Lockon","conspire:SharedLibrary"],"picked":"conspire:Rain","floor":4},{"not_picked":["Chaos","Turbo"],"picked":"StuffTheSpire:CleanHardDrive","floor":6},{"not_picked":["Doom and Gloom","Static Discharge"],"picked":"Cold Snap","floor":8},{"not_picked":["Barrage","conspire:Rain"],"picked":"Leap","floor":11},{"not_picked":["Compile Driver","BasicCrystalCard"],"picked":"Capacitor","floor":12},{"not_picked":["Go for the Eyes","Hyperbeam"],"picked":"Cold Snap","floor":13},{"not_picked":["jedi:BurstLightning","Steam","Go for the Eyes"],"picked":"SKIP","floor":14},{"not_picked":["jedi:BurstDark","jedi:darknesscall"],"picked":"Electrodynamics","floor":16},{"not_picked":["Hologram","Melter"],"picked":"StuffTheSpire:Plugnplay","floor":18},{"not_picked":["jedi:spotbugs","Cold Snap","Stack"],"picked":"SKIP","floor":21},{"not_picked":["Sweeping Beam","Panic Button"],"picked":"ReplayTheSpireMod:Calculation Training","floor":22},{"not_picked":["BootSequence","StuffTheSpire:Plugnplay","Hello World"],"picked":"SKIP","floor":28},{"not_picked":["jedi:BurstLightning","aspiration:Polymerization"],"picked":"Thunder Strike","floor":30},{"not_picked":["Beam Cell","ReplayTheSpireMod:Calculation Training","ReplaySolidLightProjector"],"picked":"SKIP","floor":31},{"not_picked":["Conserve Battery","Ball Lightning","Barrage"],"picked":"SKIP","floor":35},{"not_picked":["jedi:BurstLightning","Conserve Battery","Doom and Gloom+1"],"picked":"SKIP","floor":36},{"not_picked":["StuffTheSpire:BrainWave","StuffTheSpire:Brawn"],"picked":"StuffTheSpire:CelestialWarden","floor":37},{"not_picked":["Go for the Eyes+1","Recycle+1"],"picked":"Tempest","floor":38},{"not_picked":["Panic Button","Streamline+1","Cold Snap+1"],"picked":"SKIP","floor":39},{"not_picked":["Aggregate+1","Cold Snap+1","jedi:BurstDark"],"picked":"SKIP","floor":40},{"not_picked":["Compile Driver","Turbo","ReplaySolidLightProjector"],"picked":"SKIP","floor":42},{"not_picked":["Darkness","Rebound"],"picked":"Hologram","floor":48}],"player_experience":1489927,"relics_obtained":[{"floor":6,"key":"InkBottle"},{"floor":8,"key":"StuffTheSpire:Gunfinga"},{"floor":9,"key":"jedi:bottledfury"},{"floor":13,"key":"Replay:Mystery Machine"},{"floor":26,"key":"infinitespire:PuzzleCube"},{"floor":30,"key":"Mango"},{"floor":40,"key":"StuffTheSpire:EmeraldSignet"},{"floor":43,"key":"Golden Egg"},{"floor":44,"key":"infinitespire:CursedDice"},{"floor":48,"key":"Bottled Tornado"}],"event_choices":[{"cards_removed":["Strike_B"],"damage_healed":0,"gold_gain":0,"player_choice":"Card Removal","damage_taken":7,"max_hp_gain":0,"max_hp_loss":0,"event_name":"Golden Wing","floor":3,"gold_loss":0},{"damage_healed":25,"gold_gain":0,"player_choice":"Banana","damage_taken":0,"max_hp_gain":0,"max_hp_loss":0,"event_name":"Big Fish","floor":5,"gold_loss":0},{"damage_healed":0,"gold_gain":0,"player_choice":"Fight","damage_taken":0,"max_hp_gain":0,"max_hp_loss":0,"event_name":"MindBloom","floor":44,"gold_loss":0}],"is_beta":false,"boss_relics":[{"not_picked":["SlaversCollar","potionbrewer:BhaskarasWheel"],"picked":"Sozu"},{"not_picked":["halation:Yufonium","halation:MonkeysPaw"],"picked":"halation:LoveArrow"}],"items_purged_floors":[20,27,47],"is_endless":false,"potions_floor_spawned":[6,13,14,16,18,28,30,36,39,42],"ascension_level":12}}