{"host":"c64dsqyrqv0ei9yn","time":1613331654,"event":{"mods":["BaseMod","Bestiary","Colored Map","Duelist Mod","LagranYue(ùfäiòNÅEåé)","Minty Spire (QoL Compilation)","Prisma Mod","Random Character Button","StSLib","The Alterego","The Servant 0.9.4"],"gold_per_floor":[110,124,124,124,39,39,54,83,83,97,97,113,113,126,126,229,229,242,242,253,178,188,188,220,220,267,281,281,296,325,336,336,436,436,451,451,37,56,56,56,86,86,113,142,142,171,188,188,188,188],"floor_reached":51,"language":"ENG","playtime":5083,"items_purged":["Strike_S","Strike_S"],"score":814,"play_id":"61997b14-b2f7-46c7-881b-bb59961f3ae6","local_time":"20210214194054","is_ascension_mode":true,"campfire_choices":[{"data":"SilverBlades","floor":6,"key":"SMITH"},{"floor":11,"key":"REST"},{"data":"Manipulate","floor":15,"key":"SMITH"},{"data":"TheWorld","floor":23,"key":"SMITH"},{"data":"FloweringNight","floor":25,"key":"SMITH"},{"data":"SurpressingFire","floor":28,"key":"SMITH"},{"data":"SilverBlades","floor":32,"key":"SMITH"},{"data":"Luminosity","floor":40,"key":"SMITH"},{"data":"PendulumOfEternity","floor":42,"key":"SMITH"},{"data":"Luminosity","floor":45,"key":"SMITH"},{"data":"SurpressingFire","floor":49,"key":"SMITH"}],"circlet_count":0,"master_deck":["Strike_S","Defend_S","Defend_S","Defend_S","Defend_S","KidneyShot+1","Exchange","TimeWarp","BottledTime","SilverBlades+1","FastForward","Starlight+1","Ricochet","FastForward","Luminosity+1","Manipulate+1","TheWorld+1","SurpressingFire+1","FloweringNight+1","Potential","SurpressingFire+1","Contraction+1","Starlight","ShatteredReality","SilverBlades+1","FastForward+1","SoulSculpture","BottledTime","Luminosity+1","TimeWarp+1","PendulumOfEternity+1","BottledTime+1"],"relics":["Uniform","Matryoshka","Bottled Flame","Eternal Feather","Letter Opener","LagranYue:ContractPerformanceRelic","Darkstone Periapt","Anchor","Orichalcum","Pantograph","Sozu","Membership Card","Nunchaku","Juzu Bracelet","Pen Nib","Bag of Marbles","PreservedInsect","Frozen Egg 2"],"acts_visited":["Exordium","TheCity","TheBeyond"],"potions_floor_usage":[50,50],"damage_taken":[{"damage":1,"enemies":"Cultist","floor":1,"turns":4},{"damage":2,"enemies":"2 Louse","floor":2,"turns":3},{"damage":5,"enemies":"Small Slimes","floor":7,"turns":3},{"damage":28,"enemies":"3 Sentries","floor":8,"turns":8},{"damage":4,"enemies":"Gremlin Gang","floor":10,"turns":3},{"damage":1,"enemies":"Looter","floor":12,"turns":2},{"damage":7,"enemies":"2 Fungi Beasts","floor":14,"turns":3},{"damage":9,"enemies":"Slime Boss","floor":16,"turns":6},{"damage":9,"enemies":"3 Byrds","floor":18,"turns":4},{"damage":6,"enemies":"Spheric Guardian","floor":20,"turns":3},{"damage":13,"enemies":"Centurion and Healer","floor":22,"turns":5},{"damage":12,"enemies":"Book of Stabbing","floor":24,"turns":5},{"damage":0,"enemies":"Snecko","floor":27,"turns":5},{"damage":0,"enemies":"3 Cultists","floor":29,"turns":3},{"damage":0,"enemies":"theDuelist:KaibaA2","floor":30,"turns":4},{"damage":2,"enemies":"Snake Plant","floor":31,"turns":3},{"damage":14,"enemies":"Automaton","floor":33,"turns":5},{"damage":0,"enemies":"3 Darklings","floor":35,"turns":4},{"damage":1,"enemies":"3 Shapes","floor":38,"turns":3},{"damage":39,"enemies":"Nemesis","floor":41,"turns":5},{"damage":5,"enemies":"Giant Head","floor":44,"turns":6},{"damage":0,"enemies":"Reptomancer","floor":46,"turns":3},{"damage":4,"enemies":"Writhing Mass","floor":47,"turns":3},{"damage":38,"enemies":"Awakened One","floor":50,"turns":6}],"seed_played":"5417988564090229447","potions_obtained":[{"floor":7,"key":"Regen Potion"},{"floor":8,"key":"SkillPotion"},{"floor":12,"key":"SpeedPotion"}],"is_trial":false,"path_per_floor":["M","M","$","T","$","R","M","E","T","M","R","M","?","M","R","B",null,"M","?","M","$","M","R","E","R","T","M","R","M","E","M","R","B",null,"M","?","$","M","?","R","E","R","T","E","R","E","M","?","R","B",null],"character_chosen":"THE_SERVANT","items_purchased":["SilverBlades","FastForward","BottledTime","Membership Card","Nunchaku","Luminosity","Juzu Bracelet"],"campfire_rested":1,"item_purchase_floors":[5,5,37,37,37,37,37],"current_hp_per_floor":[64,62,62,62,62,62,57,29,29,25,53,52,52,45,54,45,65,56,56,50,50,37,49,37,52,52,52,65,65,65,63,65,51,65,65,65,65,64,64,65,26,44,44,39,57,57,53,53,65,41],"gold":188,"neow_bonus":"UPGRADE_CARD","is_daily":false,"chose_seed":false,"campfire_upgraded":10,"win_rate":0.0,"timestamp":1613331654,"path_taken":["M","M","?","?","$","R","M","E","T","M","R","M","?","M","R","BOSS","M","?","M","?","?","R","E","R","T","M","R","M","E","M","R","BOSS","M","?","$","M","?","R","E","R","T","E","R","E","M","?","R","BOSS"],"items_purchased_type":["Card","Card","Card","Relic","Relic","Card","Relic"],"build_version":"2020-12-22","purchased_purges":2,"victory":true,"max_hp_per_floor":[65,65,65,65,65,65,65,65,65,65,65,65,65,65,65,65,65,65,65,65,65,65,65,65,65,65,65,65,65,65,65,65,65,65,65,65,65,65,65,65,65,65,65,65,65,65,65,65,65,65],"card_choices":[{"not_picked":["RealityMarble","Ricochet"],"picked":"TimeWarp","floor":1},{"not_picked":["Starlight","FanOfKnives"],"picked":"BottledTime","floor":2},{"not_picked":["Unruled","DualDimension"],"picked":"Starlight","floor":7},{"not_picked":["FastForward","Advance"],"picked":"Ricochet","floor":8},{"not_picked":["Collapse","Rewind"],"picked":"FastForward","floor":10},{"not_picked":["FastForward","StarChef"],"picked":"Luminosity","floor":12},{"not_picked":["Unruled","Hightail"],"picked":"Manipulate","floor":14},{"not_picked":["Sunlight","Duplication"],"picked":"TheWorld","floor":16},{"not_picked":["Ricochet","Starlight"],"picked":"SurpressingFire","floor":18},{"not_picked":["MoonPhase+1","Foresight"],"picked":"BottledTime","floor":20},{"not_picked":["Rewind+1","Starlight"],"picked":"SurpressingFire","floor":22},{"not_picked":["Starlight","Desolation+1"],"picked":"Contraction+1","floor":24},{"not_picked":["Collapse","RealityMarble"],"picked":"Starlight","floor":27},{"not_picked":["Gouge","Spin"],"picked":"ShatteredReality","floor":29},{"not_picked":["Comet","Contraction"],"picked":"SilverBlades","floor":30},{"not_picked":["Rewind+1","WasteNot"],"picked":"FastForward+1","floor":31},{"not_picked":["Duplication","Deny"],"picked":"SoulSculpture","floor":33},{"not_picked":["Ricochet","DoubleEdge","FastForward+1"],"picked":"SKIP","floor":35},{"not_picked":["Moondial","Alleviate"],"picked":"TimeWarp+1","floor":38},{"not_picked":["ForgedInTime","Replace"],"picked":"PendulumOfEternity","floor":41},{"not_picked":["FastForward+1","DoubleEdge+1","Replace+1"],"picked":"SKIP","floor":44},{"not_picked":["Rewind+1","Potential+1"],"picked":"BottledTime+1","floor":46},{"not_picked":["Ricochet+1","Rearm","Snipe"],"picked":"SKIP","floor":47}],"player_experience":64949,"relics_obtained":[{"floor":4,"key":"Matryoshka"},{"floor":8,"key":"Bottled Flame"},{"floor":9,"key":"Eternal Feather"},{"floor":9,"key":"Letter Opener"},{"floor":24,"key":"Darkstone Periapt"},{"floor":26,"key":"Anchor"},{"floor":26,"key":"Orichalcum"},{"floor":30,"key":"Pantograph"},{"floor":41,"key":"Pen Nib"},{"floor":43,"key":"Bag of Marbles"},{"floor":44,"key":"PreservedInsect"},{"floor":46,"key":"Frozen Egg 2"}],"event_choices":[{"damage_healed":0,"gold_gain":0,"player_choice":"Grow","damage_taken":0,"max_hp_gain":0,"max_hp_loss":0,"event_name":"Living Wall","floor":13,"gold_loss":0,"cards_upgraded":["Starlight"]},{"damage_healed":0,"gold_gain":0,"player_choice":"2 cards matched","damage_taken":0,"max_hp_gain":0,"max_hp_loss":0,"event_name":"Match and Keep!","floor":19,"gold_loss":0,"cards_obtained":["FloweringNight","Potential"]},{"cards_removed":["Strike_S"],"damage_healed":0,"gold_gain":0,"player_choice":"Purged","damage_taken":0,"max_hp_gain":0,"max_hp_loss":0,"event_name":"Purifier","floor":36,"gold_loss":0},{"cards_removed":["BottledTime"],"damage_healed":0,"gold_gain":0,"player_choice":"Removed Skill","damage_taken":0,"max_hp_gain":0,"max_hp_loss":0,"event_name":"Falling","floor":39,"gold_loss":0},{"damage_healed":0,"gold_gain":0,"player_choice":"Ignored","damage_taken":0,"max_hp_gain":0,"max_hp_loss":0,"event_name":"Mysterious Sphere","floor":48,"gold_loss":0}],"is_beta":false,"boss_relics":[{"not_picked":["Busted Crown","Fusion Hammer"],"picked":"LagranYue:ContractPerformanceRelic"},{"not_picked":["Cursed Key","Runic Dome"],"picked":"Sozu"}],"items_purged_floors":[21,37],"is_endless":false,"potions_floor_spawned":[7,8,12,14,16,24,29,30,31,41,44,47],"ascension_level":1}}