{"host":"ak97kadm4gobvh6l","time":1613279807,"event":{"mods":["BaseMod","Colored Map","Downfall","Minty Spire (QoL Compilation)","StSLib"],"gold_per_floor":[99,109,125,35,35,48,93,127,142,27,53,72,72,91,109,209,209,9,24,44,57,157,157,183,203,218,250,250,14,14,40,56,157,157,57,57,203,217,217,228,228,263,280,280,315,334,334,351,368,368,368,368],"floor_reached":50,"language":"ENG","playtime":4485,"items_purged":["bronze:Strike","bronze:Strike","bronze:Strike","bronze:Strike"],"score":775,"play_id":"b518db71-6273-4731-813e-8702a12b98ab","local_time":"20210214061647","is_ascension_mode":true,"campfire_choices":[{"floor":1,"key":"RECALL"},{"floor":13,"key":"REST"},{"data":"bronze:Format","floor":18,"key":"SMITH"},{"floor":30,"key":"REST"},{"data":"bronze:Repulsor","floor":35,"key":"SMITH"},{"floor":44,"key":"REST"},{"floor":47,"key":"REST"}],"circlet_count":0,"master_deck":["bronze:Defend","bronze:Defend","bronze:Defend","bronze:Defend","bronze:Replicate+1","bronze:Goto+1","bronze:OilSpill+1","bronze:Overheat","bronze:WhirlingStrike+1","bronze:Repulsor+1","bronze:Philosophize","bronze:OilSpill","bronze:Format+1","bronze:Deprecate","bronze:Terminator","bronze:Shield","bronze:Assembly","bronze:BronzeOrb","bronze:CutThrough+1","bronze:Iterate+1","bronze:ChosenStrike","bronze:BuggyMess+1","bronze:ThunderWave","bronze:SpaghettiCode","bronze:ClassDefault","bronze:InfiniteLoop","bronze:BurnOut","bronze:InfiniteBeams","bronze:ClassDefault+1"],"relics":["bronze:BronzeCore","Vajra","bronze:Mallet","SlaversCollar","downfall:HeartBlessingRed","downfall:HeartBlessingBlue","champ:DeflectingBracers","Oddly Smooth Stone","The Courier","Sundial","bronze:MakeshiftBattery","downfall:HeartBlessingGreen","Boot","Pear","Art of War","Dream Catcher"],"acts_visited":["Exordium","TheCity","TheBeyond"],"potions_floor_usage":[14,16,16,25,29,31,33,33,33,42,50],"damage_taken":[{"damage":0,"enemies":"2 Louse","floor":2,"turns":2},{"damage":0,"enemies":"Cultist","floor":3,"turns":3},{"damage":5,"enemies":"downfall:FleeingMerchant","floor":4,"turns":4},{"damage":7,"enemies":"Jaw Worm","floor":6,"turns":3},{"damage":5,"enemies":"Lagavulin","floor":8,"turns":5},{"damage":8,"enemies":"Blue Slaver","floor":9,"turns":2},{"damage":15,"enemies":"downfall:FleeingMerchant","floor":10,"turns":4},{"damage":13,"enemies":"Gremlin Nob","floor":11,"turns":3},{"damage":3,"enemies":"Gremlin Gang","floor":12,"turns":3},{"damage":6,"enemies":"Exordium Thugs","floor":14,"turns":3},{"damage":0,"enemies":"Lots of Slimes","floor":15,"turns":2},{"damage":19,"enemies":"WA_ARCHETYPE_RETAIN","floor":16,"turns":5},{"damage":0,"enemies":"Spheric Guardian","floor":19,"turns":3},{"damage":0,"enemies":"3 Byrds","floor":20,"turns":4},{"damage":14,"enemies":"3 Cultists","floor":21,"turns":5},{"damage":13,"enemies":"DF_ARCHETYPE_STREAMLINE","floor":22,"turns":6},{"damage":12,"enemies":"Snake Plant","floor":25,"turns":4},{"damage":4,"enemies":"Centurion and Healer","floor":26,"turns":4},{"damage":12,"enemies":"Book of Stabbing","floor":27,"turns":4},{"damage":10,"enemies":"downfall:FleeingMerchant","floor":29,"turns":4},{"damage":14,"enemies":"Gremlin Leader","floor":31,"turns":5},{"damage":5,"enemies":"Cultist and Chosen","floor":32,"turns":4},{"damage":31,"enemies":"SI_MIRROR_ARCHETYPE","floor":33,"turns":7},{"damage":0,"enemies":"downfall:FleeingMerchant","floor":37,"turns":1},{"damage":9,"enemies":"Orb Walker","floor":38,"turns":2},{"damage":0,"enemies":"3 Shapes","floor":40,"turns":3},{"damage":34,"enemies":"Reptomancer","floor":42,"turns":4},{"damage":8,"enemies":"Jaw Worm Horde","floor":43,"turns":3},{"damage":53,"enemies":"Giant Head","floor":45,"turns":6},{"damage":0,"enemies":"Sphere and 2 Shapes","floor":46,"turns":3},{"damage":5,"enemies":"3 Darklings","floor":48,"turns":2},{"damage":5,"enemies":"Spire Growth","floor":49,"turns":4},{"damage":76,"enemies":"DF_ARCHETYPE_ORBS","floor":50,"turns":5}],"seed_played":"8084205537239697165","potions_obtained":[{"floor":3,"key":"EssenceOfSteel"},{"floor":6,"key":"Explosive Potion"},{"floor":11,"key":"Strength Potion"},{"floor":14,"key":"hexamod:SoulburnPotion"},{"floor":16,"key":"Strength Potion"},{"floor":19,"key":"DuplicationPotion"},{"floor":21,"key":"FairyPotion"},{"floor":27,"key":"AttackPotion"},{"floor":31,"key":"Slimebound:ThreeZeroPotion"},{"floor":32,"key":"Regen Potion"},{"floor":33,"key":"FairyPotion"},{"floor":38,"key":"Block Potion"},{"floor":42,"key":"bronze:FreeFunctionsPotion"},{"floor":46,"key":"Swift Potion"}],"is_trial":false,"path_per_floor":["R","M","M","$","?","M","T","E","M","$","E","M","R","M","M","B",null,"R","M","M","M","?","?","T","M","M","E","?","$","R","E","M","B",null,"R","?","$","M","T","M","T","E","M","R","E","M","R","M","M","B"],"character_chosen":"THE_AUTOMATON","items_purchased":["EssenceOfSteel","Regen Potion","FairyPotion"],"campfire_rested":4,"item_purchase_floors":[29,29,37],"current_hp_per_floor":[63,63,63,58,58,51,51,46,38,23,10,7,28,22,22,3,53,63,63,63,49,36,36,36,24,20,8,8,24,48,48,43,27,67,67,67,67,58,58,58,68,34,26,53,27,27,54,49,44,0,0,0],"gold":368,"neow_bonus":"UPGRADE_CARD","is_daily":false,"chose_seed":false,"campfire_upgraded":2,"win_rate":0.0,"timestamp":1613279807,"path_taken":["R","M","M","$","?","M","T","E","M","$","E","?","R","M","M","BOSS","R","M","M","?","?","?","T","M","?","E","?","$","R","E","M","BOSS","R","?","$","M","?","?","T","E","M","R","E","M","R","M","M","BOSS"],"items_purchased_type":["Potion","Potion","Potion"],"build_version":"2020-12-22","purchased_purges":4,"victory":false,"max_hp_per_floor":[70,70,70,70,70,70,70,70,70,70,70,70,70,70,70,70,70,80,80,80,80,80,80,80,80,80,80,80,80,80,80,80,80,80,80,80,80,80,80,80,90,90,90,90,90,90,90,90,90,90,90,90],"card_choices":[{"not_picked":["bronze:Frontload","bronze:Safeguard"],"picked":"bronze:OilSpill","floor":2},{"not_picked":["bronze:Branch","bronze:Invalidate"],"picked":"bronze:Overheat","floor":3},{"not_picked":["bronze:BitShift","bronze:Optimize"],"picked":"bronze:WhirlingStrike","floor":4},{"not_picked":["bronze:Branch","bronze:CutThrough"],"picked":"bronze:Repulsor","floor":6},{"not_picked":["bronze:CutThrough","bronze:Deprecate"],"picked":"bronze:Philosophize","floor":8},{"not_picked":["bronze:Constructor","bronze:DelayedGuard"],"picked":"bronze:OilSpill","floor":9},{"not_picked":["bronze:ChildClass","bronze:CutThrough"],"picked":"bronze:Format","floor":10},{"not_picked":["bronze:Philosophize","bronze:DarkDash"],"picked":"bronze:Deprecate","floor":11},{"not_picked":["bronze:CutThrough","bronze:Frontload"],"picked":"bronze:Terminator","floor":12},{"not_picked":["bronze:GetLatest","bronze:Philosophize","bronze:Invalidate"],"picked":"SKIP","floor":14},{"not_picked":["bronze:Constructor","bronze:ItsAFeature"],"picked":"bronze:Shield","floor":15},{"not_picked":["bronze:Virus","bronze:RecursiveStrike"],"picked":"bronze:Assembly","floor":16},{"not_picked":["bronze:DelayedGuard","bronze:CutThrough","bronze:FineTuning"],"picked":"SKIP","floor":19},{"not_picked":["bronze:Separator+1","bronze:BronzeArmor"],"picked":"bronze:BronzeOrb","floor":20},{"not_picked":["bronze:WhirlingStrike+1","bronze:NullPointer"],"picked":"bronze:CutThrough+1","floor":21},{"not_picked":["bronze:WhirlingStrike","bronze:Overload"],"picked":"bronze:Iterate+1","floor":25},{"not_picked":["bronze:Deprecate","bronze:Constructor+1"],"picked":"bronze:ChosenStrike","floor":26},{"not_picked":["bronze:BitShift+1","bronze:DarkDash"],"picked":"bronze:BuggyMess+1","floor":27},{"not_picked":["bronze:ChildClass+1","bronze:DigitalCarnage"],"picked":"bronze:SpaghettiCode","floor":29},{"not_picked":["bronze:BugBarrage","bronze:BitShift","bronze:Turbo"],"picked":"SKIP","floor":31},{"not_picked":["bronze:BuggyMess","bronze:Separator"],"picked":"bronze:ClassDefault","floor":32},{"not_picked":["bronze:ShipIt","bronze:Virus"],"picked":"bronze:InfiniteLoop","floor":33},{"not_picked":["bronze:GetLatest+1","bronze:Overheat","bronze:Branch+1"],"picked":"SKIP","floor":37},{"not_picked":["bronze:WhirlingStrike","bronze:Fortify+1","bronze:OilSpill+1"],"picked":"SKIP","floor":38},{"not_picked":["bronze:Allocate","bronze:DelayedSlice","bronze:Deprecate"],"picked":"SKIP","floor":40},{"not_picked":["bronze:DarkDash","bronze:DelayedGuard"],"picked":"bronze:BurnOut","floor":42},{"not_picked":["bronze:Invalidate","bronze:Constructor+1"],"picked":"bronze:InfiniteBeams","floor":43},{"not_picked":["bronze:BitShift+1","bronze:NullPointer","bronze:DigitalCarnage"],"picked":"SKIP","floor":45},{"not_picked":["bronze:Flail+1","bronze:Deprecate"],"picked":"bronze:ClassDefault+1","floor":46},{"not_picked":["bronze:WildBeam","bronze:OilSpill","bronze:BronzeOrb"],"picked":"SKIP","floor":48},{"not_picked":["bronze:BitShift+1","bronze:DelayedSlice","bronze:Constructor"],"picked":"SKIP","floor":49}],"player_experience":1124008,"relics_obtained":[{"floor":8,"key":"Vajra"},{"floor":11,"key":"bronze:Mallet"},{"floor":22,"key":"champ:DeflectingBracers"},{"floor":22,"key":"Bottled Flame"},{"floor":24,"key":"Oddly Smooth Stone"},{"floor":27,"key":"The Courier"},{"floor":31,"key":"Sundial"},{"floor":39,"key":"Boot"},{"floor":41,"key":"Pear"},{"floor":42,"key":"Art of War"},{"floor":45,"key":"Dream Catcher"}],"event_choices":[{"damage_healed":0,"gold_gain":0,"player_choice":"Leave","damage_taken":0,"max_hp_gain":0,"max_hp_loss":0,"event_name":"FaceTrader","floor":23,"gold_loss":0}],"is_beta":false,"boss_relics":[{"not_picked":["Black Star","Velvet Choker"],"picked":"SlaversCollar"},{"not_picked":["sneckomod:SneckoTalon","Astrolabe"],"picked":"bronze:MakeshiftBattery"}],"items_purged_floors":[4,10,29,37],"is_endless":false,"potions_floor_spawned":[3,6,11,12,14,16,19,21,27,31,32,33,38,40,42,46],"killed_by":"DF_ARCHETYPE_ORBS","ascension_level":6}}