{"host":"l7ku00cw7dmofayg","time":1613343580,"event":{"mods":["ATMod(°¢èªMod)","BaseMod","Dota2Spire","Marisa£¨ìFÓê¡¡Ä§ÀíÉ³£©","Minty Spire (QoL Compilation)","StSLib","The Invoker Mod"],"gold_per_floor":[115,129,129,129,148,178,189,189,189,201,214,214,241,10,10,84,84,104,104,104,4,4,4,39,9,9],"floor_reached":25,"language":"ZHS","playtime":828,"items_purged":["Strike_MRS","Writhe"],"score":401,"play_id":"41871d87-f16f-412b-b071-12e32d3d1cc1","local_time":"20210215065940","is_ascension_mode":true,"campfire_choices":[{"floor":12,"key":"REST"},{"data":"AT_KneejerkReflex","floor":15,"key":"SMITH"},{"data":"FinalSpark","floor":23,"key":"SMITH"}],"circlet_count":0,"master_deck":["AscendersBane","Strike_MRS","Strike_MRS","Strike_MRS+1","Defend_MRS","Defend_MRS","Defend_MRS","Defend_MRS+1","MasterSpark","UpSweep","AT_KneejerkReflex+1","NonDirectionalLaser","IllusionStar","AsteroidBelt","TreasureHunter","NonDirectionalLaser","MysteriousBeam","GrandCross","DarkMatter","Acceleration","FinalSpark+1","OortCloud"],"relics":["BewitchedHakkero","AT_ATBox","NeowsBlessing","AT_SilvercatRing","Bronze Scales","White Beast Statue","AT_ArchangelStaff","Oddly Smooth Stone","Peace Pipe","Dota2Spire:ShadowBlade","Gremlin Horn"],"acts_visited":["Exordium","TheCity"],"potions_floor_usage":[11,13,13,16,16,16,18,24,25],"damage_taken":[{"damage":0.0,"enemies":"Small Slimes","floor":1.0,"turns":1.0},{"damage":0.0,"enemies":"Cultist","floor":2.0,"turns":2.0},{"damage":0.0,"enemies":"Jaw Worm","floor":5.0,"turns":1.0},{"damage":14.0,"enemies":"3 Sentries","floor":6.0,"turns":4.0},{"damage":16.0,"enemies":"2 Fungi Beasts","floor":7.0,"turns":3.0},{"damage":9,"enemies":"3 Louse","floor":10,"turns":2},{"damage":0,"enemies":"Looter","floor":11,"turns":2},{"damage":12,"enemies":"Gremlin Nob","floor":13,"turns":4},{"damage":6,"enemies":"Slime Boss","floor":16,"turns":8},{"damage":10,"enemies":"Shell Parasite","floor":18,"turns":3},{"damage":23,"enemies":"Gremlin Leader","floor":24,"turns":7},{"damage":1,"enemies":"2 Thieves","floor":25,"turns":1}],"seed_played":"263158492412477271","potions_obtained":[{"floor":1.0,"key":"Explosive Potion"},{"floor":2.0,"key":"SmokeBomb"},{"floor":8.0,"key":"SneckoOil"},{"floor":8.0,"key":"FearPotion"},{"floor":10,"key":"AttackPotion"},{"floor":11,"key":"BlessingOfTheForge"},{"floor":13,"key":"EntropicBrew"},{"floor":16,"key":"Weak Potion"},{"floor":18,"key":"DistilledChaos"},{"floor":24,"key":"Block Potion"}],"is_trial":false,"path_per_floor":["M","M","?","?","M","E","M","?","T","M","M","R","E","$","R","B",null,"M","$","?","$","?","R","E","M"],"character_chosen":"MARISA","items_purchased":["Oddly Smooth Stone"],"campfire_rested":1,"item_purchase_floors":[14],"current_hp_per_floor":[63,63,42,42,42,28,12,12,12,3,3,24,12,12,12,6,54,44,44,44,44,24,24,1,0,0],"gold":9,"neow_bonus":"THREE_ENEMY_KILL","is_daily":false,"chose_seed":false,"campfire_upgraded":2,"win_rate":0.0,"timestamp":1613343580,"path_taken":["M","M","?","?","?","E","M","?","T","M","?","R","E","$","R","BOSS","M","?","?","$","?","R","E","M"],"items_purchased_type":["Relic"],"build_version":"2020-12-22","purchased_purges":2,"victory":false,"max_hp_per_floor":[70,70,70,70,70,70,70,70,70,70,70,70,70,70,70,70,70,70,70,70,70,75,75,75,75,75],"card_choices":[{"not_picked":["ChargingUp","6A"],"picked":"NonDirectionalLaser","floor":1.0},{"not_picked":["MachineGunSpark","GalacticHalo"],"picked":"IllusionStar","floor":2.0},{"not_picked":["MeteoricShower","DC"],"picked":"NonDirectionalLaser","floor":5.0},{"not_picked":["OpenUniverse","OrrerysSun","IllusionStar"],"picked":"SKIP","floor":6.0},{"not_picked":["LuminesStrike","OpenUniverse"],"picked":"MysteriousBeam","floor":7.0},{"not_picked":["PowerUp","DoubleSpark"],"picked":"GrandCross","floor":10},{"not_picked":["LuminesStrike","OneTimeOff"],"picked":"DarkMatter","floor":11},{"not_picked":["UnstableBomb","ShootingEcho"],"picked":"Acceleration","floor":13},{"not_picked":["AbsoluteMagnitude","TreasureHunter"],"picked":"FinalSpark","floor":16},{"not_picked":["GasGiant+1","MeteoricShower"],"picked":"OortCloud","floor":18},{"not_picked":["GravityBeat","ChargeUpSpray+1","SporeBomb"],"picked":"SKIP","floor":24}],"player_experience":59200,"relics_obtained":[{"floor":6.0,"key":"AT_SilvercatRing"},{"floor":6.0,"key":"Bronze Scales"},{"floor":9.0,"key":"White Beast Statue"},{"floor":13,"key":"AT_ArchangelStaff"},{"floor":16,"key":"Peace Pipe"},{"floor":24,"key":"Gremlin Horn"}],"event_choices":[{"damage_healed":0.0,"max_hp_gain":0.0,"max_hp_loss":0.0,"gold_gain":0.0,"event_name":"Shining Light","player_choice":"Entered Light","floor":3.0,"gold_loss":0.0,"damage_taken":21.0,"cards_upgraded":["Strike_MRS","Defend_MRS"]},{"damage_healed":0.0,"max_hp_gain":0.0,"max_hp_loss":0.0,"gold_gain":0.0,"event_name":"Match and Keep!","player_choice":"2 cards matched","floor":4.0,"gold_loss":0.0,"damage_taken":0.0,"cards_obtained":["AsteroidBelt","TreasureHunter"]},{"damage_healed":0.0,"max_hp_gain":0.0,"max_hp_loss":0.0,"gold_gain":0.0,"event_name":"Lab","player_choice":"Got Potions","floor":8.0,"gold_loss":0.0,"damage_taken":0.0},{"damage_healed":0,"gold_gain":0,"player_choice":"Opened","damage_taken":0,"relics_obtained":["Dota2Spire:ShadowBlade"],"max_hp_gain":0,"max_hp_loss":0,"event_name":"The Mausoleum","floor":20,"gold_loss":0,"cards_obtained":["Writhe"]},{"damage_healed":0,"gold_gain":0,"player_choice":"Shed Blood","damage_taken":25,"max_hp_gain":5,"max_hp_loss":0,"event_name":"Forgotten Altar","floor":22,"gold_loss":0}],"is_beta":false,"boss_relics":[{"not_picked":["Tiny House","Busted Crown"],"picked":"BewitchedHakkero"}],"items_purged_floors":[14,21],"is_endless":false,"potions_floor_spawned":[1,2,10,11,13,16,18,24],"killed_by":"2 Thieves","ascension_level":15}}