{"host":"15ff3ltgpietarej","time":1613317874,"event":{"mods":["BaseMod","Bestiary","Downfall","Highlight Path","Minty Spire (QoL Compilation)","Relic Stats","StSLib"],"gold_per_floor":[99,118,137,151,170,185,212,226,126,141,169,169,198,198,211,311,311,311,327,337,337,356,390,390,417,442,454,466,494,108,143,160,260,260,260,279,279,324,324,224,224,237,237,272,284,298,331,231,248,248,248,283,140,140,140,140],"floor_reached":57,"language":"ENG","playtime":3223,"items_purged":["bronze:Strike"],"score":1422,"play_id":"53e24cd7-0e36-4bfb-998b-42664d9cd9dc","local_time":"20210214165114","is_ascension_mode":true,"campfire_choices":[{"data":"bronze:Goto","floor":1.0,"key":"SMITH"},{"data":"bronze:MaxOutput","floor":9.0,"key":"SMITH"},{"floor":12.0,"key":"REST"},{"data":"bronze:ItsAFeature","floor":18.0,"key":"SMITH"},{"floor":28.0,"key":"REST"},{"floor":35.0,"key":"RECALL"},{"data":"bronze:BugBarrage","floor":40.0,"key":"SMITH"},{"data":"bronze:BugBarrage","floor":43.0,"key":"SMITH"},{"floor":48.0,"key":"REST"},{"data":"bronze:MaxOutput","floor":54.0,"key":"SMITH"}],"circlet_count":0,"master_deck":["bronze:Strike","bronze:Strike","bronze:Defend","bronze:Defend","bronze:Defend","bronze:Defend+1","bronze:Replicate","bronze:Goto+1","bronze:OilSpill","bronze:ItsAFeature+1","bronze:Invalidate","bronze:MaxOutput+1","bronze:BugBarrage","bronze:BugBarrage+1","bronze:ShipIt","bronze:OilSpill","bronze:Repair+1","bronze:WildBeam","bronze:BugBarrage+1","bronze:Shield","bronze:Shield","bronze:Mutator+1","bronze:Allocate+1","bronze:ShipIt+1","bronze:BugBarrage+1","bronze:MaxOutput+1"],"relics":["bronze:BronzeCore","Incense Burner","downfall:HeartBlessingBlue","Toy Ornithopter","hexamod:BolsterEngine","bronze:MakeshiftBattery","bronze:SilverBullet","MawBank","MutagenicStrength","Bottled Flame","Molten Egg 2","bronze:BottledCode","Mango","downfall:HeartBlessingRed","Blood Vial","Vajra","Sundial","downfall:HeartBlessingGreen","Oddly Smooth Stone","War Paint"],"acts_visited":["Exordium","TheCity","TheBeyond","TheEnding"],"potions_floor_usage":[55,56],"damage_taken":[{"damage":0.0,"enemies":"Cultist","floor":2.0,"turns":4.0},{"damage":7.0,"enemies":"Jaw Worm","floor":3.0,"turns":3.0},{"damage":7.0,"enemies":"2 Louse","floor":4.0,"turns":3.0},{"damage":6.0,"enemies":"Exordium Wildlife","floor":5.0,"turns":3.0},{"damage":6.0,"enemies":"2 Fungi Beasts","floor":6.0,"turns":4.0},{"damage":1.0,"enemies":"Large Slime","floor":8.0,"turns":3.0},{"damage":5.0,"enemies":"downfall:LooterAlt","floor":10.0,"turns":3.0},{"damage":5.0,"enemies":"3 Sentries","floor":11.0,"turns":4.0},{"damage":0.0,"enemies":"Lagavulin","floor":13.0,"turns":4.0},{"damage":5.0,"enemies":"Lots of Slimes","floor":15.0,"turns":4.0},{"damage":10.0,"enemies":"IC_STATUS_ARCHETYPE","floor":16.0,"turns":4.0},{"damage":1.0,"enemies":"3 Byrds","floor":19.0,"turns":3.0},{"damage":8.0,"enemies":"downfall:LooterAlt2","floor":20.0,"turns":4.0},{"damage":4.0,"enemies":"3 Cultists","floor":22.0,"turns":5.0},{"damage":35.0,"enemies":"Slavers","floor":23.0,"turns":4.0},{"damage":22.0,"enemies":"Shelled Parasite and Fungi","floor":25.0,"turns":4.0},{"damage":16.0,"enemies":"Snake Plant","floor":26.0,"turns":3.0},{"damage":9.0,"enemies":"Snecko","floor":29.0,"turns":4.0},{"damage":0.0,"enemies":"downfall:FleeingMerchant","floor":30.0,"turns":4.0},{"damage":1.0,"enemies":"Book of Stabbing","floor":31.0,"turns":3.0},{"damage":0.0,"enemies":"Shelled Parasite and Fungi","floor":32.0,"turns":2.0},{"damage":59.0,"enemies":"DF_ARCHETYPE_CLAW","floor":33.0,"turns":9.0},{"damage":2.0,"enemies":"Orb Walker","floor":36.0,"turns":3.0},{"damage":6.0,"enemies":"2 Orb Walkers","floor":38.0,"turns":3.0},{"damage":0.0,"enemies":"3 Shapes","floor":42.0,"turns":1.0},{"damage":43.0,"enemies":"Nemesis","floor":44.0,"turns":5.0},{"damage":0.0,"enemies":"3 Darklings","floor":45.0,"turns":3.0},{"damage":30.0,"enemies":"Transient","floor":46.0,"turns":5.0},{"damage":0.0,"enemies":"Giant Head","floor":47.0,"turns":5.0},{"damage":1.0,"enemies":"Writhing Mass","floor":49.0,"turns":3.0},{"damage":17.0,"enemies":"WA_ARCHETYPE_DIVINITY","floor":50.0,"turns":5.0},{"damage":0.0,"enemies":"downfall:CharBossMerchant","floor":52.0,"turns":4.0},{"damage":2,"enemies":"downfall:NeowBoss","floor":55,"turns":10},{"damage":47,"enemies":"downfall:NeowBossFinal","floor":56,"turns":6}],"seed_played":"4730622043965594133","potions_obtained":[{"floor":2.0,"key":"SkillPotion"},{"floor":5.0,"key":"hexamod:SoulburnPotion"},{"floor":8.0,"key":"FearPotion"},{"floor":11.0,"key":"EssenceOfSteel"},{"floor":16.0,"key":"Fire Potion"},{"floor":19.0,"key":"SneckoOil"},{"floor":22.0,"key":"Swift Potion"},{"floor":23.0,"key":"Explosive Potion"},{"floor":29.0,"key":"Energy Potion"},{"floor":42.0,"key":"SteroidPotion"},{"floor":46.0,"key":"bronze:BuildAFunctionPotion"},{"floor":47.0,"key":"Fruit Juice"},{"floor":52.0,"key":"FairyPotion"}],"is_trial":false,"path_per_floor":["R","M","M","M","M","M","T","M","R","M","E","R","E","?","M","B",null,"R","M","M","?","M","E","T","M","M","?","R","M","$","E","M","B",null,"R","M","?","?","?","R","T","M","R","E","M","M","E","R","M","B",null,"E","$","R","B","B",null],"character_chosen":"THE_AUTOMATON","items_purchased":["bronze:Shield","Bottled Flame","War Paint"],"campfire_rested":3,"item_purchase_floors":[30,30,53],"current_hp_per_floor":[63,63,56,49,43,37,37,36,46,41,36,57,62,62,64,59,73,73,72,65,83,79,56,56,41,32,32,56,54,61,67,79,25,83,83,83,73,81,73,73,73,82,82,44,53,32,46,72,80,75,87,87,87,87,87,50],"gold":140,"neow_bonus":"ONE_RARE_RELIC","is_daily":false,"chose_seed":false,"campfire_upgraded":6,"win_rate":0.0,"timestamp":1613317874,"path_taken":["R","M","?","M","M","M","T","M","R","?","E","R","E","?","M","BOSS","R","M","M","?","M","E","T","M","?","?","R","M","?","E","M","BOSS","R","M","?","?","?","R","T","M","R","E","M","?","E","R","M","BOSS","E","$","R","BOSS","BOSS"],"items_purchased_type":["Card","Relic","Relic"],"build_version":"2020-12-22","purchased_purges":1,"victory":true,"max_hp_per_floor":[63,63,63,63,63,63,63,63,73,73,73,73,73,73,73,73,73,73,73,73,83,83,83,83,83,83,83,83,83,83,83,83,83,83,83,83,73,87,87,87,87,87,87,87,87,87,87,87,87,87,87,87,87,87,87,92],"relic_stats":{"Blood Vial":14,"counters":[34,137],"Sundial":[4],"War Paint":["bronze:Defend","bronze:Repair"],"MawBank":72,"obtain_stats":[{"bronze:BronzeCore":0,"downfall:HeartBlessingRed":40,"Vajra":44,"Oddly Smooth Stone":52,"Mango":38,"downfall:HeartBlessingGreen":48,"Incense Burner":0,"War Paint":53,"MawBank":24,"bronze:BottledCode":37,"Blood Vial":41,"Bottled Flame":30,"downfall:HeartBlessingBlue":9,"Sundial":47,"MutagenicStrength":27,"Molten Egg 2":31,"hexamod:BolsterEngine":13,"bronze:SilverBullet":23,"Toy Ornithopter":11,"bronze:MakeshiftBattery":17},{"bronze:BronzeCore":0,"downfall:HeartBlessingRed":24,"Vajra":26,"Oddly Smooth Stone":32,"Mango":24,"downfall:HeartBlessingGreen":29,"Incense Burner":0,"War Paint":32,"MawBank":15,"bronze:BottledCode":23,"Blood Vial":24,"Bottled Flame":19,"downfall:HeartBlessingBlue":6,"Sundial":29,"MutagenicStrength":17,"Molten Egg 2":20,"hexamod:BolsterEngine":9,"bronze:SilverBullet":15,"Toy Ornithopter":8,"bronze:MakeshiftBattery":11},{"bronze:BronzeCore":0,"downfall:HeartBlessingRed":90,"Vajra":96,"Oddly Smooth Stone":121,"Mango":90,"downfall:HeartBlessingGreen":109,"Incense Burner":0,"War Paint":121,"MawBank":55,"bronze:BottledCode":87,"Blood Vial":90,"Bottled Flame":70,"downfall:HeartBlessingBlue":20,"Sundial":109,"MutagenicStrength":62,"Molten Egg 2":73,"hexamod:BolsterEngine":31,"bronze:SilverBullet":55,"Toy Ornithopter":27,"bronze:MakeshiftBattery":39}],"Toy Ornithopter":37},"card_choices":[{"not_picked":["bronze:Allocate","bronze:Turbo"],"picked":"bronze:OilSpill","floor":2.0},{"not_picked":["bronze:Constructor","bronze:OilSpill"],"picked":"bronze:ItsAFeature","floor":3.0},{"not_picked":["bronze:DelayedGuard","bronze:Frontload"],"picked":"bronze:Invalidate","floor":4.0},{"not_picked":["bronze:OilSpill","bronze:DelayedGuard"],"picked":"bronze:MaxOutput","floor":5.0},{"not_picked":["bronze:ForceShield","bronze:Frontload"],"picked":"bronze:BugBarrage","floor":6.0},{"not_picked":["bronze:DelayedGuard","bronze:DigitalCarnage"],"picked":"bronze:BugBarrage","floor":8.0},{"not_picked":["bronze:BitShift","bronze:Branch"],"picked":"bronze:ShipIt","floor":10.0},{"not_picked":["bronze:Return","bronze:ChildClass"],"picked":"bronze:OilSpill","floor":11.0},{"not_picked":["bronze:Constructor","bronze:Fortify"],"picked":"bronze:Repair","floor":13.0},{"not_picked":["bronze:WildBeam","bronze:Branch","bronze:NullPointer"],"picked":"SKIP","floor":15.0},{"not_picked":["bronze:Branch","bronze:NullPointer"],"picked":"bronze:WildBeam","floor":15.0},{"not_picked":["bronze:Frontload","bronze:WhirlingStrike","bronze:Deprecate"],"picked":"SKIP","floor":19.0},{"not_picked":["bronze:Frontload","bronze:CloningBeam","bronze:ForceShield"],"picked":"SKIP","floor":20.0},{"not_picked":["bronze:FineTuning","bronze:Overload","bronze:ClassDefault"],"picked":"SKIP","floor":22.0},{"not_picked":["bronze:RecursiveStrike","bronze:Separator","bronze:DelayedSlice+1"],"picked":"SKIP","floor":23.0},{"not_picked":["bronze:Iterate","bronze:Separator+1","bronze:CutThrough"],"picked":"SKIP","floor":25.0},{"not_picked":["bronze:BitShift","bronze:ClassDefault","bronze:Turbo"],"picked":"SKIP","floor":26.0},{"not_picked":["bronze:AlphaBuild","bronze:DelayedGuard+1"],"picked":"bronze:BugBarrage","floor":29.0},{"not_picked":["bronze:BugBarrage","bronze:DelayedSlice","bronze:ChildClass+1"],"picked":"SKIP","floor":30.0},{"not_picked":["bronze:CutThrough+1","bronze:Library","bronze:BitShift+1"],"picked":"SKIP","floor":31.0},{"not_picked":["bronze:OilSpill+1","bronze:Constructor"],"picked":"bronze:Shield","floor":32.0},{"not_picked":["bronze:Hardcode","bronze:TinkerersToolbox"],"picked":"bronze:Mutator","floor":33.0},{"not_picked":["bronze:BitShift","bronze:Overload"],"picked":"bronze:Allocate+1","floor":36.0},{"not_picked":["bronze:BitShift+1","bronze:ForceShield+1","bronze:DarkDash+1"],"picked":"SKIP","floor":42.0},{"not_picked":["bronze:Frontload+1","bronze:WildBeam+1"],"picked":"bronze:ShipIt+1","floor":44.0},{"not_picked":["bronze:DarkDash+1","bronze:Overheat+1"],"picked":"bronze:BugBarrage+1","floor":45.0},{"not_picked":["bronze:ClassDefault+1","bronze:WhirlingStrike+1","bronze:DelayedGuard"],"picked":"SKIP","floor":46.0},{"not_picked":["bronze:Assembly","bronze:BitShift","bronze:Invalidate"],"picked":"SKIP","floor":47.0},{"not_picked":["bronze:ForLoop+1","bronze:BitShift+1"],"picked":"bronze:MaxOutput","floor":49.0},{"not_picked":["bronze:CutThrough+1","bronze:Branch+1","bronze:OilSpill+1"],"picked":"SKIP","floor":52.0}],"player_experience":467045,"relics_obtained":[{"floor":11.0,"key":"Toy Ornithopter"},{"floor":13.0,"key":"hexamod:BolsterEngine"},{"floor":23.0,"key":"bronze:SilverBullet"},{"floor":24.0,"key":"MawBank"},{"floor":31.0,"key":"Molten Egg 2"},{"floor":38.0,"key":"Mango"},{"floor":41.0,"key":"Blood Vial"},{"floor":44.0,"key":"Vajra"},{"floor":47.0,"key":"Sundial"},{"floor":52.0,"key":"Oddly Smooth Stone"}],"event_choices":[{"cards_removed":["bronze:ThunderWave"],"damage_healed":8.0,"max_hp_gain":10.0,"max_hp_loss":0.0,"gold_gain":0.0,"event_name":"Bonfire Elementals","player_choice":"Offered Rare","floor":21.0,"gold_loss":0.0,"damage_taken":0.0},{"damage_healed":0.0,"max_hp_gain":0.0,"max_hp_loss":0.0,"gold_gain":0.0,"event_name":"Drug Dealer","player_choice":"Inject Mutagens","floor":27.0,"gold_loss":0.0,"damage_taken":0.0,"relics_obtained":["MutagenicStrength"]},{"damage_healed":0.0,"max_hp_gain":0.0,"max_hp_loss":0.0,"gold_gain":0.0,"event_name":"Mysterious Sphere","player_choice":"Fight","floor":38.0,"gold_loss":0.0,"damage_taken":0.0}],"is_beta":false,"boss_relics":[{"not_picked":["Astrolabe","Black Star"],"picked":"bronze:MakeshiftBattery"},{"not_picked":["Coffee Dripper","Snecko Eye","Fusion Hammer"]}],"items_purged_floors":[30],"is_endless":false,"potions_floor_spawned":[2,5,8,11,16,19,22,23,29,42,45,46,47,49,52],"ascension_level":1}}