{"host":"7wi4qgm5yw4j7oz0","time":1613322505,"event":{"mods":["AchievementEnabler","BaseMod","Block Reminder","Colored Map","Colored Powertips","Highlight Path","Minty Spire (QoL Compilation)","Permanent Neow","Random Character Button","Rare Cards Sparkle","StSLib","everything is the same but u backflip on backflip"],"gold_per_floor":[118,128,145,70,80,114,114,139,164,184,184,200,200,211,211,211,211],"floor_reached":16,"language":"KOR","playtime":741,"items_purged":["Strike_R"],"score":177,"play_id":"98c1d8b6-6986-474e-b9de-994e9ac1d376","local_time":"20210215020825","is_ascension_mode":true,"campfire_choices":[{"data":"Rage","floor":11,"key":"SMITH"},{"data":"True Grit","floor":15,"key":"SMITH"}],"circlet_count":0,"master_deck":["AscendersBane","Strike_R","Strike_R","Strike_R","Defend_R","Defend_R","Defend_R","Defend_R","Bash","Iron Wave","Feel No Pain","Burning Pact","Rage+1","Spot Weakness","Immolate","Shrug It Off","True Grit+1","Power Through"],"relics":["Burning Blood","PreservedInsect","Strawberry","Centennial Puzzle"],"acts_visited":["Exordium"],"potions_floor_usage":[6,8,16],"damage_taken":[{"damage":0,"enemies":"Cultist","floor":1,"turns":3},{"damage":6,"enemies":"2 Louse","floor":2,"turns":3},{"damage":5,"enemies":"Jaw Worm","floor":3,"turns":4},{"damage":8,"enemies":"2 Fungi Beasts","floor":5,"turns":6},{"damage":35,"enemies":"Lagavulin","floor":6,"turns":8},{"damage":9,"enemies":"Gremlin Nob","floor":8,"turns":3},{"damage":6,"enemies":"Looter","floor":10,"turns":3},{"damage":4,"enemies":"Large Slime","floor":12,"turns":6},{"damage":6,"enemies":"Exordium Thugs","floor":14,"turns":4},{"damage":65,"enemies":"Hexaghost","floor":16,"turns":16}],"seed_played":"-6501816928158103583","potions_obtained":[{"floor":1,"key":"BlessingOfTheForge"},{"floor":3,"key":"Explosive Potion"},{"floor":8,"key":"DistilledChaos"}],"is_trial":false,"path_per_floor":["M","M","M","$","M","E","?","E","T","M","R","M","?","M","R","B"],"character_chosen":"IRONCLAD","items_purchased":[],"campfire_rested":0,"item_purchase_floors":[],"current_hp_per_floor":[78,78,79,79,77,48,53,57,57,57,57,59,59,59,59,0,0],"gold":211,"neow_bonus":"THREE_CARDS","is_daily":false,"chose_seed":false,"campfire_upgraded":2,"win_rate":0.0,"timestamp":1613322505,"path_taken":["M","M","?","$","M","E","?","E","T","M","R","M","?","M","R","BOSS"],"items_purchased_type":[],"build_version":"2020-12-22","purchased_purges":1,"victory":false,"max_hp_per_floor":[80,80,80,80,80,80,85,92,92,92,92,92,92,92,92,92,92],"card_choices":[{"not_picked":["Anger","Clash"],"picked":"Iron Wave","floor":0},{"not_picked":["Burning Pact","Havoc"],"picked":"Feel No Pain","floor":1},{"not_picked":["Clash","Body Slam"],"picked":"Burning Pact","floor":2},{"not_picked":["Intimidate","Iron Wave"],"picked":"Rage","floor":3},{"not_picked":["Iron Wave","Clothesline"],"picked":"Spot Weakness","floor":5},{"not_picked":["Bloodletting","Flex"],"picked":"Immolate","floor":6},{"not_picked":["Pommel Strike","Hemokinesis"],"picked":"Shrug It Off","floor":8},{"not_picked":["Metallicize","Reckless Charge","Uppercut"],"picked":"SKIP","floor":10},{"not_picked":["Bloodletting","Clothesline"],"picked":"True Grit","floor":12},{"not_picked":["Searing Blow","Body Slam"],"picked":"Power Through","floor":14}],"player_experience":308745,"relics_obtained":[{"floor":6,"key":"PreservedInsect"},{"floor":8,"key":"Strawberry"},{"floor":9,"key":"Centennial Puzzle"}],"event_choices":[{"damage_healed":0,"gold_gain":0,"player_choice":"Donut","damage_taken":0,"max_hp_gain":5,"max_hp_loss":0,"event_name":"Big Fish","floor":7,"gold_loss":0},{"cards_removed":["Strike_R"],"damage_healed":0,"gold_gain":0,"player_choice":"Offered Basic","damage_taken":0,"max_hp_gain":0,"max_hp_loss":0,"event_name":"Bonfire Elementals","floor":13,"gold_loss":0}],"is_beta":false,"boss_relics":[],"items_purged_floors":[4],"is_endless":false,"potions_floor_spawned":[1,3,8],"killed_by":"Hexaghost","ascension_level":11}}