{"host":"xp27heuvanyklt0b","time":1613307448,"event":{"mods":["100% Spire Juice","BaseMod","CapriCore","Lobotomy","Minty Spire (QoL Compilation)","Replay The Spire","StSLib","The Immortal"],"gold_per_floor":[10,28,41,57,57,57,68,68,144,171,171,145,164,182,182,278,278,288,302,316,327,99,99,39,71,124,224,224,235,212,212],"floor_reached":30,"language":"KOR","playtime":1787,"items_purged":[],"score":356,"play_id":"ab2a3899-3e18-4037-a523-0ed3e8518ebd","local_time":"20210214215728","is_ascension_mode":false,"campfire_choices":[{"floor":28,"key":"RECALL"}],"circlet_count":0,"master_deck":["SpecialBullet","SpecialBullet","SpecialBullet","SpecialBullet","SpecialBullet","SpecialBullet","SpecialBullet","SecurityCode","InformationCode","TrainingCode","Freischutz","FrostShard+1","BlackSwan","Gaze","PunishingBird","RapturousDream+1","Galaxy","SingingMachine","Beak","Bloodbath","Soda","DisciplinaryCode","NakedNest","MagicBullet","BodiesMountain","FeatherOfHonor","CherryBlossoms","Twilight+1","Rudolta","Noise","CrumblingArmor","RapturousDream+1","Hypocrisy","FieryBird","Galaxy+1","Lamp+1","OldLady","Regret_ego","MHz","Soda"],"relics":["CogitoBucket","Replay:WaspNest","BranchBurnRelic","HellTrain","Empty Cage","SkinProphecy","Guide Book","ReplayFunnel"],"acts_visited":["Exordium","TheCity"],"potions_floor_usage":[25],"damage_taken":[{"damage":0,"enemies":"Small Slimes","floor":1,"turns":2},{"damage":11,"enemies":"Jaw Worm","floor":2,"turns":2},{"damage":6,"enemies":"Cultist","floor":3,"turns":3},{"damage":0,"enemies":"Exordium Wildlife","floor":4,"turns":2},{"damage":4,"enemies":"Looter","floor":7,"turns":2},{"damage":39,"enemies":"3 Sentries","floor":10,"turns":6},{"damage":10,"enemies":"2 Fungi Beasts","floor":12,"turns":2},{"damage":15,"enemies":"Large Slime","floor":13,"turns":3},{"damage":6,"enemies":"Blue Slaver","floor":14,"turns":2},{"damage":61,"enemies":"Slime Boss","floor":16,"turns":7},{"damage":16,"enemies":"Chosen","floor":18,"turns":4},{"damage":22,"enemies":"Spheric Guardian","floor":19,"turns":4},{"damage":16,"enemies":"Shelled Parasite and Fungi","floor":20,"turns":5},{"damage":10,"enemies":"Centurion and Healer","floor":21,"turns":7},{"damage":60,"enemies":"Book of Stabbing","floor":25,"turns":4},{"damage":31,"enemies":"3 Cultists","floor":29,"turns":4},{"damage":167,"enemies":"Sentry and Sphere","floor":30,"turns":18}],"seed_played":"-6353577451619175595","potions_obtained":[{"floor":4,"key":"Elixir"},{"floor":10,"key":"Reflective Coating"},{"floor":13,"key":"Regen Potion"},{"floor":14,"key":"Strength Potion"}],"is_trial":false,"path_per_floor":["M","M","M","M","?","R","M","R","T","E","R","M","M","M","R","B",null,"M","M","M","M","$","R","?","E","T","?","R","M","M"],"character_chosen":"Angela","items_purchased":["Guide Book","Lamp"],"campfire_rested":0,"item_purchase_floors":[22,22],"current_hp_per_floor":[84,81,83,84,84,84,84,84,84,61,61,64,62,74,74,54,104,108,109,113,119,119,119,119,98,98,98,98,98,0,0],"gold":212,"neow_bonus":"TWENTY_PERCENT_HP_BONUS","is_daily":false,"chose_seed":false,"campfire_upgraded":0,"win_rate":0.0,"timestamp":1613307448,"path_taken":["M","M","M","M","?","R","M","R","T","E","R","M","M","M","R","BOSS","M","M","M","M","$","R","?","E","T","?","R","M","M"],"items_purchased_type":["Relic","Card"],"build_version":"2020-12-22","purchased_purges":0,"victory":false,"max_hp_per_floor":[84,84,84,84,84,84,84,84,84,88,88,92,96,100,100,104,104,108,112,114,120,120,120,120,126,126,126,126,132,136,136],"card_choices":[{"not_picked":["BeautyBeast","OldLady"],"picked":"Freischutz","floor":1},{"not_picked":["SomewhereSpear"],"picked":"FrostShard","floor":1},{"not_picked":["MHz","ShyLook"],"picked":"BlackSwan","floor":2},{"not_picked":["Regret_ego"],"picked":"Gaze","floor":2},{"not_picked":["ShyLook","SpiderBud"],"picked":"PunishingBird","floor":3},{"not_picked":["Galaxy"],"picked":"RapturousDream","floor":3},{"not_picked":["Wingbeat"],"picked":"Galaxy","floor":4},{"not_picked":["BeautyBeast","LaLuna"],"picked":"SingingMachine","floor":7},{"not_picked":["Loneliness"],"picked":"Beak","floor":7},{"not_picked":["FairyFestival","MHz"],"picked":"Bloodbath","floor":10},{"not_picked":["SomewhereSpear"],"picked":"Soda","floor":10},{"not_picked":["FairyFestival","Murderer"],"picked":"NakedNest","floor":12},{"not_picked":["CUTE"],"picked":"MagicBullet","floor":12},{"not_picked":["Scorched","Yin"],"picked":"UniverseFragment","floor":13},{"not_picked":["CherryBlossom"],"picked":"TodaysExpression","floor":13},{"not_picked":["FairyFestival","BeautyBeast"],"picked":"BodiesMountain","floor":14},{"not_picked":["Regret_ego"],"picked":"FeatherOfHonor","floor":14},{"not_picked":["Laetitia","WallGazer"],"picked":"CherryBlossoms","floor":16},{"not_picked":["TheSmile"],"picked":"Twilight","floor":16},{"not_picked":["Alriune","Laetitia"],"picked":"Rudolta","floor":18},{"not_picked":["TodaysExpression"],"picked":"Noise","floor":18},{"not_picked":["BigBird","ShyLook"],"picked":"CrumblingArmor","floor":19},{"not_picked":["Beak"],"picked":"RapturousDream+1","floor":19},{"not_picked":["Amita"],"picked":"Hypocrisy","floor":20},{"not_picked":["HeroicMonk","OSAHOGD"],"picked":"FieryBird","floor":21},{"not_picked":["Loneliness"],"picked":"Galaxy+1","floor":21},{"not_picked":["OSAHOGD","ShyLook"],"picked":"OldLady","floor":25},{"not_picked":["Tough"],"picked":"Regret_ego","floor":25},{"not_picked":["Scorched","FairyFestival"],"picked":"MHz","floor":29},{"not_picked":["Loneliness"],"picked":"Soda","floor":29}],"player_experience":263734,"relics_obtained":[{"floor":9,"key":"Replay:WaspNest"},{"floor":10,"key":"Dead Branch"},{"floor":25,"key":"ReplayFunnel"}],"event_choices":[{"damage_healed":0,"gold_gain":100,"player_choice":"Pray","damage_taken":0,"max_hp_gain":0,"max_hp_loss":0,"event_name":"Golden Shrine","floor":27,"gold_loss":0}],"is_beta":false,"boss_relics":[{"not_picked":["Coffee Dripper","Runic Dome"],"picked":"Empty Cage"}],"items_purged_floors":[],"is_endless":false,"potions_floor_spawned":[4,10,13,14,18,20],"killed_by":"Sentry and Sphere","ascension_level":0}}