{"host":"o88u0awh8mkwl1l8","time":1613275209,"event":{"mods":["BaseMod","Colored Map","Colored Powertips","Highlight Path","Minty Spire (QoL Compilation)"],"gold_per_floor":[113,130,148,165,185,185,213,213,236,236,255,180,198,218,218,296,296,312,328,346,346,357,357,386,386,457,195,210,221,240,273,273,352,352,368,378,378,378,91,91,91],"floor_reached":40,"language":"JPN","playtime":3170,"items_purged":["Strike_G","Strike_G","Writhe"],"score":893,"play_id":"0924426b-cd87-44aa-96da-e6afb230404e","local_time":"20210214130009","is_ascension_mode":true,"campfire_choices":[{"data":"Noxious Fumes","floor":6.0,"key":"SMITH"},{"floor":8.0,"key":"REST"},{"data":"Noxious Fumes","floor":10.0,"key":"SMITH"},{"floor":15.0,"key":"REST"},{"floor":23.0,"key":"REST"},{"floor":25.0,"key":"REST"},{"floor":32.0,"key":"REST"}],"circlet_count":0,"master_deck":["AscendersBane","Strike_G","Strike_G","Strike_G","Defend_G","Defend_G","Defend_G","Defend_G","Defend_G","Survivor","Neutralize","PiercingWail","Noxious Fumes+1","Cloak And Dagger","PiercingWail","Dagger Throw","Noxious Fumes+1","After Image","Deflect","Backflip","Glass Knife","Poisoned Stab","Poisoned Stab+1","Blur","Terror","Deflect","Noxious Fumes+1","PiercingWail","Catalyst","PiercingWail","Bullet Time","Choke+1","Bouncing Flask+1"],"relics":["Ring of the Snake","Du-Vu Doll","Regal Pillow","Runic Pyramid","Dream Catcher","MealTicket","DollysMirror","Centennial Puzzle","Fusion Hammer","Bronze Scales"],"acts_visited":["Exordium","TheCity","TheBeyond"],"potions_floor_usage":[],"damage_taken":[{"damage":1.0,"enemies":"2 Louse","floor":1.0,"turns":3.0},{"damage":0.0,"enemies":"Jaw Worm","floor":2.0,"turns":6.0},{"damage":1.0,"enemies":"Cultist","floor":3.0,"turns":5.0},{"damage":3.0,"enemies":"3 Louse","floor":4.0,"turns":4.0},{"damage":0.0,"enemies":"Looter","floor":5.0,"turns":5.0},{"damage":27.0,"enemies":"Gremlin Nob","floor":7.0,"turns":4.0},{"damage":3.0,"enemies":"2 Fungi Beasts","floor":11.0,"turns":4.0},{"damage":15.0,"enemies":"Gremlin Gang","floor":13.0,"turns":4.0},{"damage":0.0,"enemies":"Looter","floor":14.0,"turns":4.0},{"damage":27.0,"enemies":"Hexaghost","floor":16.0,"turns":9.0},{"damage":0.0,"enemies":"2 Thieves","floor":18.0,"turns":4.0},{"damage":3.0,"enemies":"Chosen","floor":19.0,"turns":5.0},{"damage":15.0,"enemies":"Shelled Parasite and Fungi","floor":20.0,"turns":7.0},{"damage":16.0,"enemies":"3 Cultists","floor":22.0,"turns":4.0},{"damage":21.0,"enemies":"Slavers","floor":24.0,"turns":4.0},{"damage":2.0,"enemies":"Centurion and Healer","floor":28.0,"turns":6.0},{"damage":16.0,"enemies":"Snake Plant","floor":29.0,"turns":6.0},{"damage":17.0,"enemies":"3 Cultists","floor":30.0,"turns":5.0},{"damage":9.0,"enemies":"Book of Stabbing","floor":31.0,"turns":6.0},{"damage":14.0,"enemies":"Collector","floor":33.0,"turns":8.0},{"damage":0.0,"enemies":"3 Shapes","floor":35.0,"turns":7.0},{"damage":11.0,"enemies":"3 Darklings","floor":36.0,"turns":5.0},{"damage":81,"enemies":"Giant Head","floor":40,"turns":7}],"seed_played":"4134775676297315196","potions_obtained":[{"floor":1.0,"key":"BlessingOfTheForge"},{"floor":4.0,"key":"Poison Potion"},{"floor":7.0,"key":"DistilledChaos"},{"floor":16.0,"key":"SteroidPotion"},{"floor":19.0,"key":"SteroidPotion"},{"floor":28.0,"key":"Weak Potion"},{"floor":29.0,"key":"ColorlessPotion"},{"floor":30.0,"key":"Weak Potion"},{"floor":33.0,"key":"Poison Potion"}],"is_trial":false,"path_per_floor":["M","M","M","M","M","R","E","R","T","R","M","$","M","M","R","B",null,"M","M","M","?","M","R","E","R","T","$","M","M","M","E","R","B",null,"M","M","?","?","$","E"],"character_chosen":"THE_SILENT","items_purchased":["DollysMirror","Bronze Scales"],"campfire_rested":5,"item_purchase_floors":[27,39],"current_hp_per_floor":[58,58,57,54,54,54,27,46,46,46,43,43,28,28,62,35,58,58,55,40,40,24,58,37,66,66,66,64,48,31,22,56,42,60,60,49,49,49,63,0,0],"gold":91,"neow_bonus":"THREE_CARDS","is_daily":false,"chose_seed":false,"campfire_upgraded":2,"win_rate":0.0,"timestamp":1613275209,"path_taken":["M","M","M","M","M","R","E","R","T","R","M","$","M","M","R","BOSS","M","M","M","?","M","R","E","R","T","$","M","M","M","E","R","BOSS","M","M","?","?","?","E"],"items_purchased_type":["Relic","Relic"],"build_version":"2020-12-22","purchased_purges":3,"victory":false,"max_hp_per_floor":[66,66,66,66,66,66,66,66,66,66,66,66,66,66,66,66,66,66,66,66,66,66,66,66,66,66,66,66,66,66,66,66,66,66,66,66,66,63,63,63,63],"card_choices":[{"not_picked":["Calculated Gamble","Dagger Throw"],"picked":"PiercingWail","floor":0.0},{"not_picked":["Footwork","Blade Dance"],"picked":"Noxious Fumes","floor":1.0},{"not_picked":["Setup","Calculated Gamble"],"picked":"Cloak And Dagger","floor":2.0},{"not_picked":["Outmaneuver","Acrobatics"],"picked":"PiercingWail","floor":3.0},{"not_picked":["Flying Knee","Acrobatics"],"picked":"Dagger Throw","floor":4.0},{"not_picked":["Prepared","Quick Slash"],"picked":"Noxious Fumes","floor":5.0},{"not_picked":["Dagger Spray","All Out Attack"],"picked":"After Image","floor":7.0},{"not_picked":["PiercingWail","Riddle With Holes"],"picked":"Deflect","floor":11.0},{"not_picked":["Riddle With Holes","Underhanded Strike"],"picked":"Dagger Spray","floor":13.0},{"not_picked":["Bane","Outmaneuver"],"picked":"Backflip","floor":14.0},{"not_picked":["Unload","After Image"],"picked":"Glass Knife","floor":16.0},{"not_picked":["Acrobatics","Deadly Poison"],"picked":"Poisoned Stab","floor":18.0},{"not_picked":["Cloak And Dagger","Slice","Bouncing Flask"],"picked":"SKIP","floor":19.0},{"not_picked":["Cloak And Dagger","Slice","Bouncing Flask"],"picked":"SKIP","floor":19.0},{"not_picked":["Acrobatics","Accuracy"],"picked":"Poisoned Stab+1","floor":20.0},{"not_picked":["Underhanded Strike","Heel Hook"],"picked":"Blur","floor":22.0},{"not_picked":["Acrobatics","Underhanded Strike"],"picked":"Terror","floor":23.0},{"not_picked":["Riddle With Holes","Terror","Slice"],"picked":"SKIP","floor":24.0},{"not_picked":["Riddle With Holes","Terror","Slice"],"picked":"SKIP","floor":24.0},{"not_picked":["Acrobatics","Prepared"],"picked":"Deflect","floor":25.0},{"not_picked":["Flying Knee","Distraction"],"picked":"PiercingWail","floor":28.0},{"not_picked":["Dash","Predator"],"picked":"Catalyst","floor":29.0},{"not_picked":["Dagger Spray","Underhanded Strike"],"picked":"PiercingWail","floor":30.0},{"not_picked":["After Image","Dagger Throw","Bane"],"picked":"SKIP","floor":31.0},{"not_picked":["Grand Finale","Burst"],"picked":"Bullet Time","floor":33.0},{"not_picked":["Deflect","Dagger Throw"],"picked":"Choke+1","floor":35.0},{"not_picked":["Dagger Spray+1","Outmaneuver"],"picked":"Bouncing Flask+1","floor":36.0}],"player_experience":1196097,"relics_obtained":[{"floor":7.0,"key":"Du-Vu Doll"},{"floor":9.0,"key":"Regal Pillow"},{"floor":24.0,"key":"MealTicket"},{"floor":31.0,"key":"Centennial Puzzle"}],"event_choices":[{"damage_healed":0.0,"max_hp_gain":0.0,"max_hp_loss":0.0,"gold_gain":0.0,"event_name":"The Mausoleum","player_choice":"Opened","floor":21.0,"gold_loss":0.0,"damage_taken":0.0,"relics_obtained":["Dream Catcher"],"cards_obtained":["Writhe"]},{"cards_removed":["Dagger Spray"],"damage_healed":0.0,"max_hp_gain":0.0,"max_hp_loss":0.0,"gold_gain":0.0,"event_name":"Falling","player_choice":"Removed Attack","floor":37.0,"gold_loss":0.0,"damage_taken":0.0},{"damage_healed":0.0,"max_hp_gain":0.0,"max_hp_loss":3.0,"gold_gain":0.0,"event_name":"Winding Halls","player_choice":"Max HP","floor":38.0,"gold_loss":0.0,"damage_taken":0.0}],"is_beta":false,"boss_relics":[{"not_picked":["Ectoplasm","Velvet Choker"],"picked":"Runic Pyramid"},{"not_picked":["Runic Dome","Pandora\u0027s Box"],"picked":"Fusion Hammer"}],"items_purged_floors":[12,27,39],"is_endless":false,"potions_floor_spawned":[1,4,5,7,16,19,28,29,30,33],"killed_by":"Giant Head","ascension_level":20}}