{"host":"zsnmfqgcm92hlreo","time":1613281470,"event":{"mods":["AchievementEnabler","BaseMod","Bestiary","Block Reminder","Colored Map","Colored Powertips","Filter the Spire","Minty Spire (QoL Compilation)","Permanent Neow","Quick Restart","Relic Stats","StSLib","Weighted Paths"],"gold_per_floor":[114,114,114,127,142,173,190,220,220,220,240,240,205,219,219,292,292,306,320,320,320],"floor_reached":20,"language":"ENG","playtime":610,"items_purged":[],"score":472,"play_id":"46b69489-bd19-485b-9e62-0ef262d5b7c7","local_time":"20210213234430","is_ascension_mode":true,"campfire_choices":[{"floor":10.0,"key":"REST"},{"data":"Vigilance","floor":12.0,"key":"SMITH"},{"data":"Collect","floor":15.0,"key":"SMITH"}],"circlet_count":0,"master_deck":["AscendersBane","Strike_P","Strike_P","Strike_P","Strike_P","Defend_P","Defend_P","Defend_P+1","Defend_P","Eruption","Vigilance+1","Indignation","SignatureMove","Collect+1","Tantrum","CarveReality","WheelKick","Establishment","LessonLearned","SandsOfTime"],"relics":["Snecko Eye","Potion Belt","Sundial","Darkstone Periapt","Fusion Hammer"],"acts_visited":["Exordium","TheCity"],"potions_floor_usage":[20,20],"damage_taken":[{"damage":0.0,"enemies":"2 Louse","floor":1.0,"turns":3.0},{"damage":0.0,"enemies":"Small Slimes","floor":4.0,"turns":3.0},{"damage":0.0,"enemies":"Cultist","floor":5.0,"turns":2.0},{"damage":27.0,"enemies":"3 Sentries","floor":6.0,"turns":6.0},{"damage":5.0,"enemies":"Gremlin Gang","floor":7.0,"turns":3.0},{"damage":16.0,"enemies":"Gremlin Nob","floor":8.0,"turns":3.0},{"damage":4.0,"enemies":"Looter","floor":11.0,"turns":3.0},{"damage":9.0,"enemies":"Lots of Slimes","floor":14.0,"turns":3.0},{"damage":0.0,"enemies":"Slime Boss","floor":16.0,"turns":4.0},{"damage":42.0,"enemies":"2 Thieves","floor":18.0,"turns":4.0},{"damage":4.0,"enemies":"Shell Parasite","floor":19.0,"turns":2.0},{"damage":28,"enemies":"Centurion and Healer","floor":20,"turns":1}],"seed_played":"-8942495107390143479","potions_obtained":[{"floor":1.0,"key":"BlessingOfTheForge"},{"floor":4.0,"key":"AttackPotion"},{"floor":7.0,"key":"Ancient Potion"},{"floor":8.0,"key":"LiquidMemories"},{"floor":18.0,"key":"Dexterity Potion"},{"floor":19.0,"key":"Regen Potion"}],"is_trial":false,"path_per_floor":["M","?","?","M","M","E","M","E","T","R","M","R","?","M","R","B",null,"M","M","M"],"character_chosen":"WATCHER","items_purchased":[],"campfire_rested":1,"item_purchase_floors":[],"current_hp_per_floor":[61,61,66,66,66,39,34,18,18,39,35,35,53,44,44,44,66,24,20,0,0],"gold":320,"neow_bonus":"BOSS_RELIC","is_daily":false,"chose_seed":false,"campfire_upgraded":2,"win_rate":0.0,"timestamp":1613281470,"path_taken":["M","?","?","M","M","E","M","E","T","R","M","R","?","M","R","BOSS","M","M","M"],"items_purchased_type":[],"build_version":"2020-12-22","purchased_purges":0,"victory":false,"max_hp_per_floor":[68,68,73,73,73,73,73,73,73,73,73,73,73,73,73,73,73,73,73,73,73],"relic_stats":{"Darkstone Periapt":0,"counters":[12,37],"Sundial":[2],"Snecko Eye":[51,63,68,56],"obtain_stats":[{"Potion Belt":6,"Darkstone Periapt":9,"Sundial":8,"Snecko Eye":0,"Fusion Hammer":17,"PureWater":0},{"Potion Belt":4,"Darkstone Periapt":6,"Sundial":6,"Snecko Eye":0,"Fusion Hammer":9,"PureWater":0},{"Potion Belt":14,"Darkstone Periapt":20,"Sundial":20,"Snecko Eye":0,"Fusion Hammer":30,"PureWater":0}]},"card_choices":[{"not_picked":["SashWhip","Halt"],"picked":"Indignation","floor":1.0},{"not_picked":["CutThroughFate","Crescendo"],"picked":"SignatureMove","floor":4.0},{"not_picked":["EmptyBody","Nirvana"],"picked":"Collect","floor":5.0},{"not_picked":["WindmillStrike","EmptyFist"],"picked":"Tantrum","floor":6.0},{"not_picked":["Crescendo","Sanctity","FollowUp"],"picked":"SKIP","floor":7.0},{"not_picked":["Indignation","JustLucky"],"picked":"CarveReality","floor":8.0},{"not_picked":["Wireheading","Consecrate"],"picked":"WheelKick","floor":11.0},{"not_picked":["Sanctity","JustLucky"],"picked":"Establishment","floor":14.0},{"not_picked":["Blasphemy","Establishment"],"picked":"LessonLearned","floor":16.0},{"not_picked":["Prostrate","Crescendo+1"],"picked":"SandsOfTime","floor":18.0},{"not_picked":["FlyingSleeves","ClearTheMind","EmptyBody"],"picked":"SKIP","floor":19.0}],"player_experience":1122665,"relics_obtained":[{"floor":6.0,"key":"Potion Belt"},{"floor":8.0,"key":"Sundial"},{"floor":9.0,"key":"Darkstone Periapt"}],"event_choices":[{"damage_healed":0.0,"max_hp_gain":0.0,"max_hp_loss":0.0,"gold_gain":0.0,"event_name":"Golden Wing","player_choice":"Ignored","floor":2.0,"gold_loss":0.0,"damage_taken":0.0},{"damage_healed":0.0,"max_hp_gain":5.0,"max_hp_loss":0.0,"gold_gain":0.0,"event_name":"Big Fish","player_choice":"Donut","floor":3.0,"gold_loss":0.0,"damage_taken":0.0},{"damage_healed":18.0,"max_hp_gain":0.0,"max_hp_loss":0.0,"gold_gain":0.0,"event_name":"The Cleric","player_choice":"Healed","floor":13.0,"gold_loss":35.0,"damage_taken":0.0}],"is_beta":false,"boss_relics":[{"not_picked":["Empty Cage","Ectoplasm"],"picked":"Fusion Hammer"}],"items_purged_floors":[],"is_endless":false,"potions_floor_spawned":[1,4,7,8,18,19],"killed_by":"Centurion and Healer","ascension_level":20}}