{"host":"4anqaax1ytd3l1k1","time":1613301441,"event":{"mods":["2.2 Compatiblity","AlwaysNeverKeys","BaseMod","BetterRewards","Duelist Mod","Hermit","HexUI Lib","Minty Spire (QoL Compilation)","StSLib","The Animator","The Servant 0.9.4","The Showman","The Vixen"],"gold_per_floor":[119,119,130,144,163,192,202,202,202,214,226,238,250,286,298,433,445,475,487,520,553,578,590,645,671,709,721,733,781,793,821,833,974,986,1016,917,0,0,25,61,80,80,104,104,119,134,158,176,176,176,176,176,30,30,30],"floor_reached":54,"language":"ENG","playtime":5796,"items_purged":[],"score":1162,"play_id":"2002932a-ac46-40f6-9c48-5a637e8fd68b","local_time":"20210214221721","is_ascension_mode":false,"campfire_choices":[{"data":"BestPractice","floor":8,"key":"SMITH"},{"data":"GearUp","floor":11,"key":"SMITH"},{"floor":15,"key":"REST"},{"floor":23,"key":"REST"},{"data":"Replace","floor":27,"key":"SMITH"},{"floor":32,"key":"REST"},{"floor":42,"key":"REST"},{"floor":49,"key":"REST"},{"data":"Replace","floor":52,"key":"SMITH"}],"circlet_count":0,"master_deck":["Strike_S","Defend_S","Defend_S","KidneyShot","Exchange","Ricochet","ShatteredReality","Contraction","GearUp+1","Starlight","BottledTime","BestPractice+1","SurpressingFire","Potential","Luminosity","ShatteredReality","Misdirection","Potential","Solidify+1","Barrier+1","ForgedInTime+1","ShatteredReality","BottledTime+1","Replace+1","Potential","Replace+1","Moonlight","Luminosity","Alleviate","Advance","Ricochet","Replace","Alleviate","ShatteredReality","Advance","FastForward+1","Solidify","Dilation","DualDimension","Misdirection+1","SilverBlades","Advance","Rearm+1","Advance+1","Dilation","Deep Breath","Alleviate","Defy+1","ShiftingGears","Potential","Alleviate+1","ShatteredReality+1"],"relics":["Uniform","Prayer Wheel","Spirit Poop","Mango","MawBank","Golden Idol","Astrolabe","Gremlin Horn","Vajra","Oddly Smooth Stone","StoneMask","Red Mask","Torii","Omamori","Bag of Preparation"],"acts_visited":["Exordium","TheCity","TheBeyond","TheEnding"],"potions_floor_usage":[13,24,33,33,40,50,50],"damage_taken":[{"damage":0,"enemies":"Small Slimes","floor":1,"turns":3},{"damage":0,"enemies":"Cultist","floor":3,"turns":3},{"damage":3,"enemies":"Jaw Worm","floor":4,"turns":4},{"damage":0,"enemies":"Blue Slaver","floor":5,"turns":4},{"damage":13,"enemies":"Lagavulin","floor":6,"turns":7},{"damage":7,"enemies":"Looter","floor":7,"turns":2},{"damage":0,"enemies":"Lagavulin Event","floor":13,"turns":1},{"damage":5,"enemies":"3 Louse","floor":14,"turns":3},{"damage":11,"enemies":"The Guardian","floor":16,"turns":11},{"damage":7,"enemies":"3 Byrds","floor":18,"turns":6},{"damage":4,"enemies":"2 Thieves","floor":20,"turns":3},{"damage":6,"enemies":"Snake Plant","floor":21,"turns":6},{"damage":7,"enemies":"Centurion and Healer","floor":22,"turns":5},{"damage":0,"enemies":"theDuelist:KaibaA2","floor":24,"turns":6},{"damage":5,"enemies":"3 Cultists","floor":25,"turns":3},{"damage":17,"enemies":"Slavers","floor":29,"turns":4},{"damage":5,"enemies":"Snecko","floor":31,"turns":4},{"damage":12,"enemies":"Champ","floor":33,"turns":11},{"damage":7,"enemies":"3 Shapes","floor":35,"turns":2},{"damage":15,"enemies":"3 Darklings","floor":39,"turns":4},{"damage":6,"enemies":"Reptomancer","floor":40,"turns":3},{"damage":35,"enemies":"Transient","floor":41,"turns":5},{"damage":0,"enemies":"4 Shapes","floor":45,"turns":2},{"damage":12,"enemies":"Spire Growth","floor":46,"turns":4},{"damage":31,"enemies":"Transient","floor":47,"turns":5},{"damage":0,"enemies":"Jaw Worm Horde","floor":48,"turns":1},{"damage":63,"enemies":"Awakened One","floor":50,"turns":17},{"damage":100,"enemies":"Shield and Spear","floor":54,"turns":5}],"seed_played":"6578945872629531748","potions_obtained":[{"floor":4,"key":"SmokeBomb"},{"floor":7,"key":"SpeedPotion"},{"floor":20,"key":"Weak Potion"},{"floor":22,"key":"Fruit Juice"},{"floor":24,"key":"SpeedPotion"},{"floor":31,"key":"Swift Potion"},{"floor":39,"key":"AttackPotion"},{"floor":41,"key":"SteroidPotion"},{"floor":46,"key":"Dexterity Potion"}],"is_trial":false,"path_per_floor":["M","?","M","M","M","E","M","R","T","?","R","?","?","M","R","B",null,"M","?","M","M","M","R","E","M","T","R","$","E","$","M","R","B",null,"M","$","?","?","M","E","M","R","T","?","M","M","M","M","R","B",null,"R","$","E"],"character_chosen":"THE_SERVANT","items_purchased":["SilverBlades","Advance","Bag of Preparation"],"campfire_rested":5,"item_purchase_floors":[36,36,53],"current_hp_per_floor":[60,60,60,57,57,58,51,51,51,51,51,33,33,28,50,39,74,67,67,63,57,50,72,77,72,72,72,72,55,55,50,73,61,79,77,77,77,77,65,62,30,55,55,55,67,58,30,39,67,16,98,98,98,0,0],"gold":30,"neow_bonus":"","is_daily":false,"chose_seed":false,"campfire_upgraded":4,"win_rate":0.0,"timestamp":1613301441,"path_taken":["M","?","?","M","M","E","M","R","T","?","R","?","?","M","R","BOSS","M","?","M","M","M","R","E","M","T","R","$","E","$","M","R","BOSS","M","$","?","?","M","E","M","R","T","?","M","M","M","M","R","BOSS","R","$","E"],"items_purchased_type":["Card","Card","Relic"],"build_version":"2020-12-22","purchased_purges":0,"victory":false,"max_hp_per_floor":[60,60,60,60,60,74,74,74,74,74,74,74,74,74,74,74,74,74,74,74,74,74,74,79,79,79,79,79,79,79,79,79,79,79,82,82,82,82,83,84,85,85,85,85,89,90,91,94,94,98,98,98,98,98,98],"card_choices":[{"not_picked":["FanOfKnives","Replace"],"picked":"Ricochet","floor":1},{"not_picked":["WasteNot","StarChef"],"picked":"ShatteredReality","floor":1},{"not_picked":["FanOfKnives","Defy"],"picked":"Contraction","floor":3},{"not_picked":["Comet","Duplication"],"picked":"GearUp","floor":3},{"not_picked":["Spin","Gouge"],"picked":"Starlight","floor":4},{"not_picked":["Alleviate","DoubleEdge"],"picked":"BottledTime","floor":4},{"not_picked":["Defy","MoonPhase"],"picked":"BestPractice","floor":5},{"not_picked":["ShatteredReality","Manipulate"],"picked":"SurpressingFire","floor":5},{"not_picked":["Rearm","Comet"],"picked":"Potential","floor":6},{"not_picked":["Revamp","Rewind"],"picked":"Luminosity","floor":7},{"not_picked":["Desolation","Ricochet"],"picked":"ShatteredReality","floor":7},{"not_picked":["Potential","Starlight"],"picked":"Misdirection","floor":14},{"not_picked":["Revamp","FastForward"],"picked":"Potential","floor":14},{"not_picked":["MoonPhase","Desolation+1"],"picked":"ShatteredReality","floor":18},{"not_picked":["Moonlight+1","DoubleEdge"],"picked":"BottledTime+1","floor":18},{"not_picked":["Potential","Ricochet+1"],"picked":"Replace","floor":20},{"not_picked":["Snipe","SpecialFormula"],"picked":"Moonlight","floor":20},{"not_picked":["Reset+1","Spin+1"],"picked":"Luminosity","floor":21},{"not_picked":["Potential+1","FastForward"],"picked":"Alleviate","floor":21},{"not_picked":["BottledTime+1","Desolation"],"picked":"Advance","floor":22},{"not_picked":["Rewind","Revamp"],"picked":"Ricochet","floor":22},{"not_picked":["TimeWarp","SoulSculpture"],"picked":"Replace","floor":24},{"not_picked":["BottledTime","Rearm"],"picked":"Alleviate","floor":25},{"not_picked":["Defy","Alleviate"],"picked":"ShatteredReality","floor":25},{"not_picked":["Rewind","ShatteredReality+1"],"picked":"Advance","floor":29},{"not_picked":["ShatteredReality","Barrier"],"picked":"FastForward+1","floor":31},{"not_picked":["Shuttle+1","Read"],"picked":"Solidify","floor":31},{"not_picked":["FloweringNight","ForgedInTime"],"picked":"Dilation","floor":33},{"not_picked":["Defy","Spin"],"picked":"DualDimension","floor":35},{"not_picked":["Ricochet","Reset"],"picked":"Misdirection+1","floor":35},{"not_picked":["DualDimension","ReturningBlade"],"picked":"Rearm+1","floor":39},{"not_picked":["Ricochet+1","Revamp+1","Unruled"],"picked":"SKIP","floor":39},{"not_picked":["Defy","DoubleEdge+1","Sabotage+1"],"picked":"SKIP","floor":40},{"not_picked":["BottledTime+1","Starlight+1"],"picked":"Advance+1","floor":41},{"not_picked":["Starlight+1","Defy+1"],"picked":"Dilation","floor":41},{"not_picked":["Metamorphosis","Chrysalis"],"picked":"Deep Breath","floor":44},{"not_picked":["Rewind","Rearm+1"],"picked":"Alleviate","floor":45},{"not_picked":["Gouge+1","Hightail+1"],"picked":"Defy+1","floor":45},{"not_picked":["Starlight+1","SilverBlades+1"],"picked":"ShiftingGears","floor":46},{"not_picked":["DualDimension+1","Read"],"picked":"Potential","floor":46},{"not_picked":["Gouge","SpecialFormula","Potential"],"picked":"SKIP","floor":47},{"not_picked":["Starlight+1","DoubleEdge+1","Gouge"],"picked":"SKIP","floor":47},{"not_picked":["Gouge","Potential+1"],"picked":"Alleviate+1","floor":48},{"not_picked":["Reset","Shuttle"],"picked":"ShatteredReality+1","floor":48}],"player_experience":136692,"relics_obtained":[{"floor":6,"key":"Mango"},{"floor":9,"key":"MawBank"},{"floor":24,"key":"Gremlin Horn"},{"floor":26,"key":"Vajra"},{"floor":29,"key":"Oddly Smooth Stone"},{"floor":40,"key":"Torii"},{"floor":43,"key":"Omamori"}],"event_choices":[{"cards_removed":["animator:Curse_Nutcracker"],"damage_healed":0,"gold_gain":0,"player_choice":"Offered Curse","damage_taken":0,"relics_obtained":["Spirit Poop"],"max_hp_gain":0,"max_hp_loss":0,"event_name":"Bonfire Elementals","floor":2,"gold_loss":0},{"damage_healed":0,"gold_gain":0,"player_choice":"Ignored","damage_taken":0,"max_hp_gain":0,"max_hp_loss":0,"event_name":"Golden Wing","floor":10,"gold_loss":0},{"damage_healed":0,"gold_gain":0,"player_choice":"Take Damage","damage_taken":18,"relics_obtained":["Golden Idol"],"max_hp_gain":0,"max_hp_loss":0,"event_name":"Golden Idol","floor":12,"gold_loss":0},{"damage_healed":0,"gold_gain":0,"player_choice":"Searched \u00271\u0027 times","damage_taken":0,"max_hp_gain":0,"max_hp_loss":0,"event_name":"Dead Adventurer","floor":13,"gold_loss":0},{"damage_healed":0,"gold_gain":0,"cards_transformed":["Defend_S","Defend_S"],"player_choice":"Became Test Subject","damage_taken":0,"max_hp_gain":0,"max_hp_loss":0,"event_name":"Drug Dealer","floor":19,"gold_loss":0,"cards_obtained":["Replace","Potential"]},{"damage_healed":0,"gold_gain":0,"player_choice":"Paid","damage_taken":0,"relics_obtained":["Red Mask"],"max_hp_gain":0,"max_hp_loss":0,"event_name":"Tomb of Lord Red Mask","floor":37,"gold_loss":917},{"damage_healed":0,"gold_gain":0,"player_choice":"Ignored","damage_taken":0,"max_hp_gain":0,"max_hp_loss":0,"event_name":"The Moai Head","floor":38,"gold_loss":0},{"damage_healed":0,"gold_gain":0,"player_choice":"Memory 1","damage_taken":0,"max_hp_gain":0,"max_hp_loss":0,"event_name":"SensoryStone","floor":44,"gold_loss":0}],"is_beta":false,"boss_relics":[{"not_picked":["Runic Dome","Ectoplasm"],"picked":"Astrolabe"},{"not_picked":["Runic Pyramid","Black Star"],"picked":"StoneMask"}],"items_purged_floors":[],"is_endless":false,"potions_floor_spawned":[4,7,13,20,22,24,31,39,41,46],"killed_by":"Shield and Spear","ascension_level":0}}