{"host":"98tf0o44tbkozlsr","time":1613307875,"event":{"mods":["BaseMod","Bestiary","Minty Spire (QoL Compilation)","Relic Stats","ojb\u0027s Info Mod"],"gold_per_floor":[110,110,71,85,85,111,111,145,168,198,235,260,272,296,308,399,411,434,34,34,34,34,64,78,89,138,172,172,207,2,31,31,102,102,115,130,130,180,180,212,212,238,238,269,269,217,0,10,10,10,10,10,10,10,38,38],"floor_reached":57,"language":"ENG","playtime":5592,"items_purged":["Strike_G","Shame"],"score":3110,"play_id":"c66b6862-efed-4796-9975-ec2db039d40b","local_time":"20210214050435","is_ascension_mode":true,"campfire_choices":[{"data":"Terror","floor":7.0,"key":"SMITH"},{"data":"Glass Knife","floor":15.0,"key":"SMITH"},{"data":"Blade Dance","floor":28.0,"key":"SMITH"},{"data":"Footwork","floor":32.0,"key":"SMITH"},{"data":"Wraith Form v2","floor":41,"key":"SMITH"},{"floor":45,"key":"RECALL"},{"data":"Neutralize","floor":49,"key":"SMITH"},{"data":"Leg Sweep","floor":53,"key":"SMITH"}],"circlet_count":0,"master_deck":["AscendersBane","Strike_G","Strike_G","Strike_G+1","Defend_G","Defend_G","Defend_G","Defend_G","Defend_G","Survivor","Neutralize+1","Terror+1","Backstab","Poisoned Stab+1","Backstab","Acrobatics","Glass Knife+1","Crippling Poison","Adrenaline","Footwork+1","Blade Dance+1","Backflip+1","Accuracy","Backflip+1","Wraith Form v2+1","Secret Technique","Backflip+1","Infinite Blades","Blade Dance","Blade Dance","Leg Sweep+1","Accuracy"],"relics":["Ring of the Snake","NeowsBlessing","Whetstone","Bag of Preparation","Pen Nib","MawBank","Oddly Smooth Stone","WristBlade","OrangePellets","PreservedInsect","Happy Flower","Regal Pillow","MealTicket","Potion Belt","Strawberry","Orrery","Tiny Chest","Cursed Key","WingedGreaves","Blue Candle","Mercury Hourglass","Sundial","Akabeko","The Specimen"],"acts_visited":["TheCity","TheBeyond","TheEnding"],"potions_floor_usage":[38,50,50,56,56],"damage_taken":[{"damage":0.0,"enemies":"Jaw Worm","floor":1.0,"turns":1.0},{"damage":0.0,"enemies":"Cultist","floor":4.0,"turns":1.0},{"damage":0.0,"enemies":"Gremlin Nob","floor":6.0,"turns":1.0},{"damage":12.0,"enemies":"3 Sentries","floor":8.0,"turns":7.0},{"damage":0.0,"enemies":"Gremlin Nob","floor":10.0,"turns":3.0},{"damage":0.0,"enemies":"2 Louse","floor":12.0,"turns":1.0},{"damage":0.0,"enemies":"Looter","floor":14.0,"turns":1.0},{"damage":10.0,"enemies":"Slime Boss","floor":16.0,"turns":6.0},{"damage":0.0,"enemies":"Spheric Guardian","floor":18.0,"turns":1.0},{"damage":2.0,"enemies":"Slavers","floor":23.0,"turns":4.0},{"damage":0.0,"enemies":"3 Byrds","floor":24.0,"turns":4.0},{"damage":0.0,"enemies":"Centurion and Healer","floor":25.0,"turns":3.0},{"damage":0.0,"enemies":"Gremlin Leader","floor":27.0,"turns":3.0},{"damage":2.0,"enemies":"Slavers","floor":29.0,"turns":3.0},{"damage":0.0,"enemies":"Gremlin Leader","floor":31.0,"turns":1.0},{"damage":55.0,"enemies":"Automaton","floor":33.0,"turns":10.0},{"damage":0.0,"enemies":"3 Shapes","floor":35.0,"turns":5.0},{"damage":8.0,"enemies":"3 Darklings","floor":36.0,"turns":2.0},{"damage":3,"enemies":"2 Orb Walkers","floor":38,"turns":5},{"damage":0,"enemies":"Nemesis","floor":40,"turns":3},{"damage":0,"enemies":"Giant Head","floor":42,"turns":4},{"damage":0,"enemies":"Reptomancer","floor":44,"turns":3},{"damage":0,"enemies":"Maw","floor":48,"turns":4},{"damage":15,"enemies":"Time Eater","floor":50,"turns":8},{"damage":47,"enemies":"Awakened One","floor":51,"turns":14},{"damage":21,"enemies":"Shield and Spear","floor":55,"turns":7},{"damage":8,"enemies":"The Heart","floor":56,"turns":8}],"seed_played":"1386152698725042820","potions_obtained":[{"floor":1.0,"key":"AttackPotion"},{"floor":2.0,"key":"Swift Potion"},{"floor":2.0,"key":"Explosive Potion"},{"floor":14.0,"key":"Energy Potion"},{"floor":24.0,"key":"GamblersBrew"},{"floor":25.0,"key":"Block Potion"},{"floor":29.0,"key":"DuplicationPotion"},{"floor":36.0,"key":"DistilledChaos"},{"floor":40,"key":"SkillPotion"},{"floor":44,"key":"Strength Potion"},{"floor":55,"key":"Energy Potion"}],"is_trial":false,"path_per_floor":["M","?","$","M","?","E","R","E","T","E","T","M","T","M","R","B",null,"M","$","?","$","?","E","M","M","T","E","R","E","$","E","R","B",null,"M","M","?","?","?","E","R","E","T","E","R","$","$","M","R","B","B",null,"R","$","E","B",null],"character_chosen":"THE_SILENT","items_purchased":["Backstab","OrangePellets","PreservedInsect","Orrery","Accuracy","Blade Dance","Leg Sweep","Accuracy"],"campfire_rested":0,"item_purchase_floors":[3,19,19,30,30,46,47,47],"current_hp_per_floor":[59,59,59,59,64,64,64,52,52,52,52,52,52,52,52,42,64,64,64,64,64,64,62,62,62,62,62,62,67,78,78,78,23,64,64,56,46,43,43,43,43,43,43,43,43,58,73,73,73,58,11,61,61,76,55,47],"gold":38,"neow_bonus":"THREE_ENEMY_KILL","is_daily":false,"chose_seed":false,"campfire_upgraded":7,"win_rate":0.0,"timestamp":1613307875,"path_taken":["M","?","?","M","?","E","R","E","T","E","?","?","?","M","R","BOSS","M","$","?","?","?","E","M","M","T","E","R","E","$","E","R","BOSS","M","M","?","?","?","E","R","E","T","E","R","$","$","M","R","BOSS","BOSS","R","$","E","BOSS"],"items_purchased_type":["Card","Relic","Relic","Relic","Card","Card","Card","Card"],"build_version":"2020-12-22","purchased_purges":2,"victory":true,"max_hp_per_floor":[66,66,66,66,71,71,71,71,71,71,71,71,71,71,71,71,71,71,71,71,71,71,71,71,71,71,71,71,78,78,78,78,78,78,78,78,78,78,78,78,78,78,78,78,78,78,78,78,78,78,78,78,78,78,78,78],"relic_stats":{"Regal Pillow":0,"Happy Flower":[30],"counters":[27,113],"Blue Candle":[0],"Pen Nib":[33],"PreservedInsect":498,"Bag of Preparation":[46],"Whetstone":["Strike_G","Poisoned Stab"],"MawBank":108,"Cursed Key":1,"Mercury Hourglass":[166],"OrangePellets":[12],"Sundial":[6],"MealTicket":56,"Tiny Chest":0,"obtain_stats":[{"Potion Belt":27,"Regal Pillow":23,"NeowsBlessing":0,"Happy Flower":20,"The Specimen":55,"Blue Candle":40,"Oddly Smooth Stone":13,"Pen Nib":9,"PreservedInsect":19,"Bag of Preparation":8,"Whetstone":6,"MawBank":10,"Cursed Key":34,"Akabeko":44,"Mercury Hourglass":42,"OrangePellets":19,"WristBlade":17,"Sundial":43,"Strawberry":29,"Orrery":30,"MealTicket":26,"Tiny Chest":31,"WingedGreaves":38,"Ring of the Snake":0},{"Potion Belt":13,"Regal Pillow":10,"NeowsBlessing":0,"Happy Flower":9,"The Specimen":26,"Blue Candle":20,"Oddly Smooth Stone":6,"Pen Nib":4,"PreservedInsect":9,"Bag of Preparation":4,"Whetstone":3,"MawBank":5,"Cursed Key":16,"Akabeko":22,"Mercury Hourglass":21,"OrangePellets":9,"WristBlade":8,"Sundial":21,"Strawberry":14,"Orrery":14,"MealTicket":12,"Tiny Chest":15,"WingedGreaves":19,"Ring of the Snake":0},{"Potion Belt":36,"Regal Pillow":26,"NeowsBlessing":0,"Happy Flower":22,"The Specimen":105,"Blue Candle":65,"Oddly Smooth Stone":14,"Pen Nib":10,"PreservedInsect":22,"Bag of Preparation":10,"Whetstone":3,"MawBank":13,"Cursed Key":50,"Akabeko":72,"Mercury Hourglass":69,"OrangePellets":22,"WristBlade":21,"Sundial":69,"Strawberry":39,"Orrery":39,"MealTicket":33,"Tiny Chest":40,"WingedGreaves":62,"Ring of the Snake":0}],"Ring of the Snake":[54]},"card_choices":[{"not_picked":["Flechettes","Endless Agony"],"picked":"Terror","floor":1.0},{"not_picked":["Reflex","Terror"],"picked":"Poisoned Stab","floor":4.0},{"not_picked":["Acrobatics","Deadly Poison"],"picked":"Backstab","floor":6.0},{"not_picked":["Underhanded Strike","Slice"],"picked":"Acrobatics","floor":8.0},{"not_picked":["Bouncing Flask","Poisoned Stab"],"picked":"Glass Knife","floor":10.0},{"not_picked":["Flying Knee","Dash","Acrobatics"],"picked":"SKIP","floor":12.0},{"not_picked":["Flying Knee","Deflect"],"picked":"Crippling Poison","floor":14.0},{"not_picked":["Storm of Steel","Tools of the Trade"],"picked":"Adrenaline","floor":16.0},{"not_picked":["Sucker Punch","Bane"],"picked":"Footwork","floor":18.0},{"not_picked":["Skewer","Sucker Punch","Deadly Poison+1"],"picked":"SKIP","floor":23.0},{"not_picked":["Prepared+1","Slice"],"picked":"Blade Dance","floor":24.0},{"not_picked":["Catalyst","Predator"],"picked":"Backflip+1","floor":25.0},{"not_picked":["Dodge and Roll","Setup","Heel Hook"],"picked":"SKIP","floor":27.0},{"not_picked":["Blur","Prepared","Riddle With Holes"],"picked":"SKIP","floor":29.0},{"not_picked":["Well Laid Plans","Skewer"],"picked":"Backflip+1","floor":31.0},{"not_picked":["Bullet Time","Venomology"],"picked":"Wraith Form v2","floor":33.0},{"not_picked":["Dagger Spray","Heel Hook","Dodge and Roll"],"picked":"SKIP","floor":35.0},{"not_picked":["Masterful Stab","Poisoned Stab","Bouncing Flask"],"picked":"SKIP","floor":36.0},{"not_picked":["Thinking Ahead","Purity"],"picked":"Secret Technique","floor":37.0},{"not_picked":["Acrobatics","Outmaneuver"],"picked":"Backflip+1","floor":38},{"not_picked":["Grand Finale","Dodge and Roll","Die Die Die"],"picked":"SKIP","floor":40},{"not_picked":["Dagger Throw+1","Poisoned Stab","Masterful Stab"],"picked":"SKIP","floor":42},{"not_picked":["Corpse Explosion","Caltrops"],"picked":"Blade Dance","floor":44},{"not_picked":["Skewer","Deflect","All Out Attack"],"picked":"SKIP","floor":48},{"not_picked":["Accuracy","Endless Agony","Dodge and Roll"],"picked":"SKIP","floor":55},{"not_picked":["Accuracy","Endless Agony","Dodge and Roll"],"picked":"SKIP","floor":55}],"player_experience":924816,"relics_obtained":[{"floor":6.0,"key":"Whetstone"},{"floor":8.0,"key":"Bag of Preparation"},{"floor":9.0,"key":"Pen Nib"},{"floor":10.0,"key":"MawBank"},{"floor":13.0,"key":"Oddly Smooth Stone"},{"floor":23.0,"key":"Regal Pillow"},{"floor":26.0,"key":"MealTicket"},{"floor":27.0,"key":"Potion Belt"},{"floor":29.0,"key":"Strawberry"},{"floor":31.0,"key":"Tiny Chest"},{"floor":38,"key":"WingedGreaves"},{"floor":40,"key":"Blue Candle"},{"floor":42,"key":"Mercury Hourglass"},{"floor":43,"key":"Sundial"},{"floor":44,"key":"Akabeko"},{"floor":55,"key":"The Specimen"}],"event_choices":[{"damage_healed":0.0,"max_hp_gain":0.0,"max_hp_loss":0.0,"gold_gain":0.0,"event_name":"Lab","player_choice":"Got Potions","floor":2.0,"gold_loss":0.0,"damage_taken":0.0},{"damage_healed":0.0,"max_hp_gain":5.0,"max_hp_loss":0.0,"gold_gain":0.0,"event_name":"Big Fish","player_choice":"Donut","floor":5.0,"gold_loss":0.0,"damage_taken":0.0},{"damage_healed":0.0,"max_hp_gain":0.0,"max_hp_loss":0.0,"gold_gain":0.0,"event_name":"WeMeetAgain","player_choice":"Gave Potion","floor":20.0,"gold_loss":0.0,"damage_taken":0.0,"relics_obtained":["Happy Flower"]},{"damage_healed":0.0,"max_hp_gain":0.0,"max_hp_loss":0.0,"gold_gain":0.0,"event_name":"SensoryStone","player_choice":"Memory 3","floor":37.0,"gold_loss":0.0,"damage_taken":10.0},{"damage_healed":0,"gold_gain":0,"player_choice":"Fight","damage_taken":0,"max_hp_gain":0,"max_hp_loss":0,"event_name":"Mysterious Sphere","floor":38,"gold_loss":0},{"damage_healed":0,"gold_gain":0,"cards_transformed":["Strike_G"],"player_choice":"Transformed","damage_taken":0,"max_hp_gain":0,"max_hp_loss":0,"event_name":"Transmorgrifier","floor":39,"gold_loss":0,"cards_obtained":["Infinite Blades"]}],"is_beta":false,"boss_relics":[{"not_picked":["Ring of the Serpent","Velvet Choker"],"picked":"WristBlade"},{"not_picked":["Black Star","SacredBark"],"picked":"Cursed Key"}],"items_purged_floors":[19,47],"is_endless":false,"potions_floor_spawned":[1,6,14,24,25,29,36,40,44,48,55],"ascension_level":20}}