{"host":"ix07nhfx4o3nf6kx","time":1613267071,"event":{"mods":["BaseMod","Hermit","Minty Spire (QoL Compilation)","StSLib","The Bug Knight","The Cursed","The Dragon Tamer","The Hierophant","The Jungle","The Runesmith"],"gold_per_floor":[116,38,44,119,138,138,138,138,212,68,88,121,148,172,172,218,218,178,226,42,56,29,29,94,94,94,80,80],"floor_reached":27,"language":"KOR","playtime":1676,"items_purged":[],"score":230,"play_id":"cb43586a-2ade-410f-a118-50c1340fff57","local_time":"20210214104431","is_ascension_mode":false,"campfire_choices":[{"data":"hierophant:ChurchCoffers","floor":6,"key":"SMITH"},{"floor":15,"key":"REST"},{"data":"hierophant:Doubloon","floor":23,"key":"SMITH"},{"data":"hierophant:Punish","floor":25,"key":"SMITH"}],"circlet_count":0,"master_deck":["hierophant:Strike_Hierophant","hierophant:Strike_Hierophant","hierophant:Strike_Hierophant","hierophant:Strike_Hierophant","hierophant:Punish+1","hierophant:Defend_Hierophant","hierophant:Defend_Hierophant+1","hierophant:Defend_Hierophant+1","hierophant:Defend_Hierophant","hierophant:ChurchCoffers+1","hierophant:Zeal","hierophant:Charity+1","hierophant:Doubloon","hierophant:MirrorShield","hierophant:Purify","hierophant:RustyCrate","hierophant:Doubloon","hierophant:Doubloon","hierophant:HolyVerse","hierophant:Zeal","hierophant:Smite","hierophant:Doubloon+1","hierophant:Generosity","hierophant:PassingBell+1","hierophant:DisplayOfPower+1","hierophant:OrnateJavelin","hierophant:HolyVerse","hierophant:Zeal","hierophant:ThreeLashes+1","Doubt"],"relics":["hierophant:PropheticMaskRelic","Meat on the Bone","MealTicket","Cursed Key","Toy Ornithopter","Red Mask","Oddly Smooth Stone"],"acts_visited":["Exordium","TheCity"],"potions_floor_usage":[16,19,19,21,24],"damage_taken":[{"damage":3,"enemies":"Jaw Worm","floor":1,"turns":4},{"damage":10,"enemies":"Small Slimes","floor":3,"turns":4},{"damage":0,"enemies":"2 Louse","floor":5,"turns":1},{"damage":9,"enemies":"Looter","floor":11,"turns":4},{"damage":6,"enemies":"3 Louse","floor":12,"turns":2},{"damage":4,"enemies":"Blue Slaver","floor":13,"turns":2},{"damage":13,"enemies":"Red Slaver","floor":14,"turns":4},{"damage":101,"enemies":"The Guardian","floor":16,"turns":18},{"damage":35,"enemies":"2 Thieves","floor":18,"turns":4},{"damage":10,"enemies":"Shelled Parasite and Fungi","floor":19,"turns":2},{"damage":36,"enemies":"3 Cultists","floor":21,"turns":4},{"damage":7,"enemies":"Masked Bandits","floor":24,"turns":3},{"damage":58,"enemies":"Snake Plant","floor":27,"turns":6}],"seed_played":"1125283784227463112","potions_obtained":[{"floor":1,"key":"FairyPotion"},{"floor":3,"key":"SkillPotion"},{"floor":11,"key":"Energy Potion"},{"floor":14,"key":"FairyPotion"},{"floor":16,"key":"Regen Potion"},{"floor":18,"key":"Fire Potion"},{"floor":19,"key":"Swift Potion"},{"floor":21,"key":"ColorlessPotion"}],"is_trial":false,"path_per_floor":["M","$","M","?","M","R","?","?","T","$","M","M","M","M","R","B",null,"M","M","$","M","$","R","?","R","T","M"],"character_chosen":"HIEROPHANT","items_purchased":["hierophant:Charity","MealTicket","Toy Ornithopter","hierophant:OrnateJavelin","hierophant:Zeal"],"campfire_rested":1,"item_purchase_floors":[2,10,20,20,22],"current_hp_per_floor":[79,79,69,58,58,58,42,42,42,42,45,51,47,46,70,36,82,47,46,61,42,57,57,55,55,55,0,0],"gold":80,"neow_bonus":"TEN_PERCENT_HP_BONUS","is_daily":false,"chose_seed":false,"campfire_upgraded":3,"win_rate":0.0,"timestamp":1613267071,"path_taken":["M","$","M","?","M","R","?","?","T","$","M","M","M","M","R","BOSS","M","M","$","M","$","R","?","R","T","M"],"items_purchased_type":["Card","Relic","Relic","Card","Card"],"build_version":"2020-12-22","purchased_purges":0,"victory":false,"max_hp_per_floor":[82,82,82,82,82,82,82,82,82,82,82,82,82,82,82,82,82,82,82,82,82,82,82,82,82,82,82,82],"card_choices":[{"not_picked":["hierophant:Embezzle","hierophant:AuricBeam"],"picked":"hierophant:Zeal","floor":1},{"not_picked":["hierophant:AuricBeam","hierophant:Remorse"],"picked":"hierophant:MirrorShield","floor":3},{"not_picked":["hierophant:SecretStash","hierophant:AuricBeam"],"picked":"hierophant:Purify","floor":5},{"not_picked":["hierophant:Embezzle","hierophant:FieryStrike"],"picked":"hierophant:RustyCrate","floor":11},{"not_picked":["hierophant:Determination","hierophant:SealAway"],"picked":"hierophant:HolyVerse","floor":12},{"not_picked":["hierophant:AuricShield","hierophant:SealAway"],"picked":"hierophant:Zeal","floor":13},{"not_picked":["hierophant:EyeForCoin","hierophant:OrnateBuckler"],"picked":"hierophant:Smite","floor":14},{"not_picked":["hierophant:WrathOfGod","hierophant:LocustPlague"],"picked":"hierophant:Generosity","floor":16},{"not_picked":["hierophant:Empathy","hierophant:HammerAndAnvil+1"],"picked":"hierophant:PassingBell+1","floor":18},{"not_picked":["hierophant:Shelter","hierophant:PassingBell"],"picked":"hierophant:DisplayOfPower+1","floor":19},{"not_picked":["hierophant:FlamingChariot","hierophant:Mercenaries"],"picked":"hierophant:HolyVerse","floor":21},{"not_picked":["hierophant:Generosity","hierophant:MorningPrayer"],"picked":"hierophant:ThreeLashes+1","floor":24}],"player_experience":270858,"relics_obtained":[{"floor":9,"key":"Meat on the Bone"},{"floor":24,"key":"Red Mask"},{"floor":26,"key":"Oddly Smooth Stone"}],"event_choices":[{"damage_healed":0,"gold_gain":75,"player_choice":"Gather Gold","damage_taken":11,"max_hp_gain":0,"max_hp_loss":0,"event_name":"World of Goop","floor":4,"gold_loss":0},{"damage_healed":0,"gold_gain":0,"player_choice":"Entered Light","damage_taken":16,"max_hp_gain":0,"max_hp_loss":0,"event_name":"Shining Light","floor":7,"gold_loss":0,"cards_upgraded":["hierophant:Defend_Hierophant","hierophant:Defend_Hierophant"]},{"damage_healed":0,"gold_gain":0,"player_choice":"Grow","damage_taken":0,"max_hp_gain":0,"max_hp_loss":0,"event_name":"Living Wall","floor":8,"gold_loss":0,"cards_upgraded":["hierophant:Charity"]},{"damage_healed":0,"gold_gain":0,"player_choice":"Fought Bandits","damage_taken":0,"max_hp_gain":0,"max_hp_loss":0,"event_name":"Masked Bandits","floor":24,"gold_loss":0}],"is_beta":false,"boss_relics":[{"not_picked":["Sozu","Runesmith:UraniumAnvil"],"picked":"Cursed Key"}],"items_purged_floors":[],"is_endless":false,"potions_floor_spawned":[1,3,11,14,16,18,19,21],"killed_by":"Snake Plant","ascension_level":0}}