{"host":"68znc2ej2o0mvpv6","time":1613306128,"event":{"mods":["100% Spire Juice","2.2 Compatiblity","AYAYA","AchievementEnabler","Act Like it!","Aspiration","BaseMod","Better Altar","Better Note","Better Third Choice","Bossed Relics","Conspire","Downfall","Evolution","Gensokyo","Googly Eyes","GungeonMod","HololiveMod","Hubris","Infinite Spire","Jorbs\u0027s Wanderer Trilogy","Minty Spire (QoL Compilation)","Morshu Shopkeeper","Morshu Shopkeeper - ENHANCED","Puzzle Mod","Reliquary","Replay The Spire","Shop Mod","Spicy Shops","StSLib","The Animator","The Blue Laboratory"],"gold_per_floor":[112,112,112,129,129,129,162,194,206,232,37,49,72,104,116,233,245,269,10,35,27,66,110,132,144,156,195,207,219,243,585,113,125,125],"floor_reached":33,"language":"RUS","playtime":2699,"items_purged":[],"score":355,"play_id":"2d6eb3de-6209-44cc-bd4a-3f8b0551a950","local_time":"20210214143528","is_ascension_mode":false,"campfire_choices":[{"data":"Moonworks:Ambush","floor":6,"key":"SMITH"},{"data":"Moonworks:CloudOfSeagulls","floor":12,"key":"SMITH"},{"floor":15,"key":"REST"},{"floor":25,"key":"REST"},{"floor":28,"key":"REST"}],"circlet_count":0,"master_deck":["Moonworks:Strike","Moonworks:Strike","Moonworks:Strike+1","Moonworks:Defend","Moonworks:Defend","Moonworks:Defend","Moonworks:Ambush+1","Moonworks:LongDistanceShot","Defend_G","All Out Attack","PiercingWail","Moonworks:AwakeningOfTalent","Moonworks:DeployBits","Moonworks:FullSpeedAlicianrone","Moonworks:CloudOfSeagulls+1","Moonworks:LulusLuckyEgg","Moonworks:DevilHand","Moonworks:Encore+1","Moonworks:EvilSpyWorkPreparation","Moonworks:ImOnFire","Moonworks:EvilSpyWorkPreparation","Moonworks:DeployBits","Moonworks:CloudOfSeagulls+1","Moonworks:EvilSpyWorkPreparation","Moonworks:SakisCookie+1","Moonworks:AccelHyper","infinitespire:Fortify"],"relics":["Moonworks:BrokenBomb","Moonworks:Homemark","EVO:Axolotl","Gensokyo:OccultBall","MawBank","Iron Hammer","Toy Ornithopter","Sozu","infinitespire:Joker Card","aspiration:HatOfInfinitePower","Gremlin Food","DemoMod:Bottle","Bottled Lightning","hubris:MobiusCoin","CaptainsWheel","Replay:Rubber Ducky"],"acts_visited":["Exordium","Gensokyo:Gensokyo"],"potions_floor_usage":[16],"damage_taken":[{"damage":6,"enemies":"Gensokyo:Gryphon","floor":1,"turns":4},{"damage":0,"enemies":"Gensokyo:Python","floor":4,"turns":4},{"damage":0,"enemies":"Gensokyo:Cirno","floor":7,"turns":5},{"damage":4,"enemies":"Gensokyo:2_Kodama","floor":8,"turns":3},{"damage":5,"enemies":"Gensokyo:VengefulSpirit","floor":10,"turns":5},{"damage":2,"enemies":"conspire:MimicChest","floor":11,"turns":5},{"damage":8,"enemies":"Gensokyo:CorruptedTreant","floor":13,"turns":3},{"damage":6,"enemies":"Gensokyo:2_Rabbits","floor":14,"turns":4},{"damage":28,"enemies":"Gensokyo:Yukari","floor":16,"turns":12},{"damage":4,"enemies":"Gensokyo:3_Dogs","floor":18,"turns":3},{"damage":2,"enemies":"Gensokyo:2_Gloops","floor":20,"turns":3},{"damage":16,"enemies":"Gensokyo:2_Gloops","floor":21,"turns":5},{"damage":30,"enemies":"Gensokyo:Tenshi","floor":23,"turns":3},{"damage":0,"enemies":"Gensokyo:Wraith","floor":24,"turns":3},{"damage":14,"enemies":"Gensokyo:Koishi","floor":27,"turns":6},{"damage":6,"enemies":"Gensokyo:Slime_Group","floor":30,"turns":4},{"damage":25,"enemies":"Nightmare","floor":31,"turns":8},{"damage":25,"enemies":"Gensokyo:Eternal_Rivals","floor":33,"turns":2}],"seed_played":"3505371374814857133","potions_obtained":[{"floor":7,"key":"blueLaboratory:PolymorphPotion"},{"floor":8,"key":"Energy Potion"},{"floor":11,"key":"blueLaboratory:NullPotion"},{"floor":13,"key":"AttackPotion"},{"floor":16,"key":"Elixir"}],"is_trial":false,"path_per_floor":["M","?","?","M","?","R","E","M","T","M","?","R","M","M","R","B",null,"M","COS","M","?","T","E","M","R","T","E","R","T","M","NM","R","B"],"character_chosen":"THE_STARBREAKER","items_purchased":[],"campfire_rested":3,"item_purchase_floors":[],"current_hp_per_floor":[60,60,54,54,54,54,54,50,50,45,43,43,35,29,48,25,66,62,62,60,44,44,14,14,33,33,19,38,38,32,13,13,0,0],"gold":125,"neow_bonus":"TEN_PERCENT_HP_BONUS","is_daily":false,"chose_seed":false,"campfire_upgraded":2,"win_rate":0.0,"timestamp":1613306128,"path_taken":["M","?","?","M","?","R","E","M","T","?","?","R","M","?","R","BOSS","M","COS","M","?","?","E","M","R","T","E","R","?","?","NM","R","BOSS"],"items_purchased_type":[],"build_version":"2020-12-22","purchased_purges":0,"victory":false,"max_hp_per_floor":[66,66,66,66,66,66,66,66,66,66,66,66,66,66,66,66,66,66,66,66,66,66,66,66,66,66,66,66,66,66,66,66,66,66],"card_choices":[{"not_picked":["Moonworks:SakisCookie","Moonworks:NicePresent"],"picked":"Moonworks:BindingChains","floor":1},{"not_picked":["Moonworks:NicePresent","Moonworks:CastOff"],"picked":"Moonworks:MiracleWalker","floor":4},{"not_picked":["Moonworks:UnpaidWork","Moonworks:FullSpeedAlicianrone"],"picked":"Moonworks:AwakeningOfTalent","floor":7},{"not_picked":["Moonworks:EvilSpyWorkPreparation","Moonworks:StiffCrystal"],"picked":"Moonworks:DeployBits","floor":8},{"not_picked":["Moonworks:IntelligenceOfficer","Moonworks:IndiscriminateFireSupport"],"picked":"Moonworks:FullSpeedAlicianrone","floor":10},{"not_picked":["Moonworks:EvilSpyWorkPreparation","Moonworks:BigMagnum"],"picked":"Moonworks:CloudOfSeagulls","floor":11},{"not_picked":["Moonworks:ReflectiveShell","Moonworks:NicePresent"],"picked":"Moonworks:LulusLuckyEgg","floor":13},{"not_picked":["Moonworks:NicePresent","Moonworks:Wanted"],"picked":"Moonworks:DevilHand","floor":14},{"not_picked":["Moonworks:SinkOrSwim","Moonworks:ReflectiveShell"],"picked":"Moonworks:Encore","floor":16},{"not_picked":["Moonworks:LulusLuckyEgg","Moonworks:ImOnFire"],"picked":"Moonworks:EvilSpyWorkPreparation","floor":18},{"not_picked":["Moonworks:NicePresent","Moonworks:CastOff"],"picked":"Moonworks:ImOnFire","floor":20},{"not_picked":["Moonworks:BigMagnum","Moonworks:DeployBits"],"picked":"Moonworks:EvilSpyWorkPreparation","floor":21},{"not_picked":["Moonworks:Assault","Moonworks:Wanted"],"picked":"Moonworks:DeployBits","floor":23},{"not_picked":["Moonworks:StiffCrystal","Moonworks:IntelligenceOfficer+1"],"picked":"Moonworks:CloudOfSeagulls+1","floor":24},{"not_picked":["Moonworks:StiffCrystal","Moonworks:LulusLuckyEgg"],"picked":"Moonworks:EvilSpyWorkPreparation","floor":27},{"not_picked":["Moonworks:CloudOfSeagulls+1","Moonworks:BackdoorTrade+1"],"picked":"Moonworks:SakisCookie+1","floor":30},{"not_picked":["Moonworks:UnpaidWork","Moonworks:UnluckyCharm"],"picked":"Moonworks:AccelHyper","floor":31},{"not_picked":["infinitespire:Gouge","infinitespire:Oblivion"],"picked":"infinitespire:Fortify","floor":32}],"player_experience":99550,"relics_obtained":[{"floor":7,"key":"MawBank"},{"floor":9,"key":"Iron Hammer"},{"floor":11,"key":"Toy Ornithopter"},{"floor":16,"key":"Gensokyo:OccultBall"},{"floor":18,"key":"Gensokyo:OccultBall"},{"floor":21,"key":"infinitespire:Joker Card"},{"floor":21,"key":"aspiration:HatOfInfinitePower"},{"floor":22,"key":"Gremlin Food"},{"floor":23,"key":"Gensokyo:OccultBall"},{"floor":23,"key":"DemoMod:Bottle"},{"floor":24,"key":"Gensokyo:OccultBall"},{"floor":26,"key":"Bottled Lightning"},{"floor":27,"key":"hubris:MobiusCoin"},{"floor":29,"key":"CaptainsWheel"},{"floor":30,"key":"Gensokyo:OccultBall"},{"floor":31,"key":"Replay:Rubber Ducky"}],"event_choices":[],"is_beta":false,"boss_relics":[{"not_picked":["conspire:RunicOctahedron","hubris:Backtick"],"picked":"Sozu"}],"items_purged_floors":[],"is_endless":true,"potions_floor_spawned":[7,8,11,13,16,21,24,27,30],"killed_by":"Gensokyo:Eternal_Rivals","ascension_level":0}}