{"host":"¿à÷økuyou","time":1613287695,"event":{"mods":["ATMod(°¢èªMod)","Act Like it!","BaseMod","BetterRewards","Minty Spire (QoL Compilation)","Quick Restart","StSLib"],"gold_per_floor":[144,189,364,364,364,364,454,454,454,544,589,634,679,724,724,1024,1024,1069,1114,1164,1209,721,766,766,856,906,951,996,996,1041,1086,1086,1386,1386,1431,1006,1096,590,635,725,770,860,935,935,935,935,1025,1070,1070,1070],"floor_reached":51,"language":"ZHS","playtime":1990,"items_purged":["Doubt","Ball Lightning","Night Terror"],"score":971,"play_id":"6fae33de-bd5c-447e-80d9-405f93281f2f","local_time":"20210214152815","daily_mods":["Draft","Diverse","Midas"],"is_ascension_mode":false,"campfire_choices":[{"floor":6.0,"key":"REST"},{"floor":8.0,"key":"REST"},{"floor":15.0,"key":"REST"},{"floor":24.0,"key":"REST"},{"floor":32.0,"key":"REST"},{"floor":44,"key":"REST"},{"floor":46,"key":"REST"},{"floor":49,"key":"REST"}],"circlet_count":0,"master_deck":["AT_FamilyPortrait+1","PathToVictory","FearNoEvil","Burning Pact","AT_DrawKnifeCut+1","AT_RobotInSpace+1","Prostrate","Twin Strike+1","Wallop","Prepared","Blade Dance","PathToVictory+1","AT_Desolate+1","Tantrum","FlurryOfBlows","Vault","Flame Barrier","Adrenaline+1","Ball Lightning+1","Skim","Fasting2+1","Reboot","AT_CaressingTears","Cold Snap+1","Venomology","White Noise","Envenom","CurseOfTheBell","Power Through","PathToVictory+1","Scrawl+1","Blade Dance+1"],"relics":["Burning Blood","AT_ATBox","Red Skull","Kunai","AT_SilvercatRing","SlaversCollar","Membership Card","Whetstone","Darkstone Periapt","Pen Nib","Anchor","Calling Bell","Oddly Smooth Stone","Singing Bowl","FossilizedHelix","Magic Flower","Torii","Orrery","CaptainsWheel","OrangePellets","Frozen Egg 2","StrikeDummy","White Beast Statue","Bag of Marbles","AT_RedNoBalance","Nunchaku"],"acts_visited":["Exordium","TheCity","TheBeyond"],"potions_floor_usage":[37,40,41,41,50,50,50],"damage_taken":[{"damage":0.0,"enemies":"Jaw Worm","floor":1.0,"turns":2.0},{"damage":0.0,"enemies":"Cultist","floor":2.0,"turns":3.0},{"damage":14.0,"enemies":"Lagavulin","floor":7.0,"turns":6.0},{"damage":11.0,"enemies":"3 Sentries","floor":10.0,"turns":5.0},{"damage":2.0,"enemies":"2 Louse","floor":11.0,"turns":2.0},{"damage":4.0,"enemies":"Red Slaver","floor":12.0,"turns":2.0},{"damage":7.0,"enemies":"Large Slime","floor":13.0,"turns":3.0},{"damage":10.0,"enemies":"Exordium Wildlife","floor":14.0,"turns":2.0},{"damage":41.0,"enemies":"Hexaghost","floor":16.0,"turns":7.0},{"damage":21.0,"enemies":"2 Thieves","floor":18.0,"turns":3.0},{"damage":11.0,"enemies":"3 Byrds","floor":19.0,"turns":2.0},{"damage":47.0,"enemies":"Cultist and Chosen","floor":21.0,"turns":7.0},{"damage":23.0,"enemies":"Shelled Parasite and Fungi","floor":23.0,"turns":3.0},{"damage":19.0,"enemies":"Book of Stabbing","floor":25.0,"turns":5.0},{"damage":0.0,"enemies":"Centurion and Healer","floor":27.0,"turns":4.0},{"damage":1.0,"enemies":"Snecko","floor":28.0,"turns":3.0},{"damage":27.0,"enemies":"Shelled Parasite and Fungi","floor":30.0,"turns":5.0},{"damage":0.0,"enemies":"Cultist and Chosen","floor":31.0,"turns":4.0},{"damage":35.0,"enemies":"Automaton","floor":33.0,"turns":6.0},{"damage":43.0,"enemies":"3 Darklings","floor":35.0,"turns":6.0},{"damage":33,"enemies":"2 Orb Walkers","floor":37,"turns":5},{"damage":0,"enemies":"Orb Walker","floor":39,"turns":3},{"damage":10,"enemies":"Giant Head","floor":40,"turns":8},{"damage":36,"enemies":"Writhing Mass","floor":41,"turns":6},{"damage":0,"enemies":"Reptomancer","floor":42,"turns":4},{"damage":0,"enemies":"Nemesis","floor":47,"turns":5},{"damage":0,"enemies":"4 Shapes","floor":48,"turns":3},{"damage":85,"enemies":"Donu and Deca","floor":50,"turns":7}],"seed_played":"-463004689936713651","potions_obtained":[{"floor":1.0,"key":"Ancient Potion"},{"floor":2.0,"key":"Weak Potion"},{"floor":10.0,"key":"PowerPotion"},{"floor":21.0,"key":"Weak Potion"},{"floor":25.0,"key":"CultistPotion"},{"floor":37,"key":"Fruit Juice"},{"floor":41,"key":"Fruit Juice"},{"floor":42,"key":"Regen Potion"}],"is_trial":false,"path_per_floor":["M","M","?","?","?","R","E","R","T","E","M","M","M","M","R","B",null,"M","M","?","M","$","M","R","E","T","M","M","?","M","M","R","B",null,"M","$","?","$","M","E","M","E","T","R","?","R","E","M","R","B",null],"character_chosen":"IRONCLAD","items_purchased":["Membership Card","Whetstone","Darkstone Periapt","Fruit Juice","FairyPotion","Magic Flower","Torii","Orrery","OrangePellets","Frozen Egg 2","StrikeDummy","Scrawl","LiquidMemories"],"campfire_rested":8,"item_purchase_floors":[22,22,22,22,22,36,36,36,38,38,38,38,38],"current_hp_per_floor":[80,80,80,64,69,85,77,85,85,80,84,85,84,80,85,50,85,70,65,65,41,46,29,56,43,43,49,54,54,33,39,66,37,96,59,69,50,50,64,68,48,59,59,96,96,124,83,94,126,75],"gold":1070,"neow_bonus":"","is_daily":true,"chose_seed":false,"campfire_upgraded":0,"win_rate":0.0,"timestamp":1613287695,"path_taken":["M","M","?","?","?","R","E","R","T","E","M","M","?","M","R","BOSS","M","?","?","M","$","M","R","E","T","?","M","?","M","M","R","BOSS","M","$","?","$","M","E","M","E","T","R","?","R","E","M","R","BOSS"],"items_purchased_type":["Relic","Relic","Relic","Potion","Potion","Relic","Relic","Relic","Relic","Relic","Relic","Card","Potion"],"build_version":"2020-12-18","purchased_purges":3,"victory":true,"max_hp_per_floor":[80,80,80,80,85,85,85,85,85,85,85,85,85,85,85,85,85,85,85,85,85,90,90,90,90,90,90,90,90,90,90,90,90,96,96,106,111,111,113,115,122,124,124,124,124,124,124,126,126,126],"card_choices":[{"not_picked":["Riddle With Holes","EmptyFist"],"picked":"PathToVictory","floor":0.0},{"not_picked":["Evaluate","Protect"],"picked":"FearNoEvil","floor":0.0},{"not_picked":["PiercingWail","Underhanded Strike"],"picked":"Burning Pact","floor":0.0},{"not_picked":["Meditate","PathToVictory"],"picked":"AT_DrawKnifeCut","floor":0.0},{"not_picked":["EmptyFist","AT_WomanClash"],"picked":"AT_RobotInSpace","floor":0.0},{"not_picked":["AT_ThunderBolt","AT_ArcaneSupremacy"],"picked":"SashWhip","floor":0.0},{"not_picked":["Conserve Battery","Headbutt"],"picked":"Prostrate","floor":0.0},{"not_picked":["WaveOfTheHand","AT_HeatAcrobatics"],"picked":"Twin Strike","floor":0.0},{"not_picked":["Compile Driver","Headbutt"],"picked":"Ball Lightning","floor":0.0},{"not_picked":["Slice","Redo"],"picked":"Wallop","floor":0.0},{"not_picked":["Poisoned Stab","Loop"],"picked":"Prepared","floor":0.0},{"not_picked":["Iron Wave","WaveOfTheHand"],"picked":"Body Slam","floor":0.0},{"not_picked":["Metallicize","Hologram"],"picked":"Blade Dance","floor":0.0},{"not_picked":["Twin Strike","Redo"],"picked":"PathToVictory","floor":0.0},{"not_picked":["Flying Knee","Iron Wave"],"picked":"AT_Desolate","floor":0.0},{"not_picked":["CutThroughFate","Rebound","Bane"],"picked":"SKIP","floor":1.0},{"not_picked":["Conserve Battery","AT_DarkMatter","Rupture"],"picked":"SKIP","floor":2.0},{"not_picked":["JustLucky","AT_Desolate"],"picked":"Tantrum","floor":7.0},{"not_picked":["Calculated Gamble","Go for the Eyes"],"picked":"FlurryOfBlows","floor":10.0},{"not_picked":["Anger","BowlingBash"],"picked":"Vault","floor":11.0},{"not_picked":["Leg Sweep","Cold Snap","Study"],"picked":"SKIP","floor":12.0},{"not_picked":["Searing Blow","Cold Snap","CarveReality"],"picked":"SKIP","floor":13.0},{"not_picked":["Deadly Poison","Concentrate"],"picked":"Flame Barrier","floor":14.0},{"not_picked":["Establishment","AT_Dispersion"],"picked":"Adrenaline","floor":16.0},{"not_picked":["Bloodletting","Escape Plan","Finisher"],"picked":"SKIP","floor":18.0},{"not_picked":["Carnage","True Grit"],"picked":"Ball Lightning","floor":19.0},{"not_picked":["Leap","Steam+1"],"picked":"Skim","floor":21.0},{"not_picked":["Leap","Armaments"],"picked":"Fasting2+1","floor":23.0},{"not_picked":["FollowUp","Indignation"],"picked":"Reboot","floor":25.0},{"not_picked":["Dagger Throw","Twin Strike"],"picked":"AT_CaressingTears","floor":27.0},{"not_picked":["Warcry","Vengeance"],"picked":"Cold Snap+1","floor":28.0},{"not_picked":["Flying Knee","Searing Blow+1"],"picked":"White Noise","floor":30.0},{"not_picked":["Stack","AT_IchimonjiDouble","Rupture"],"picked":"SKIP","floor":31.0},{"not_picked":["Blasphemy","Wraith Form v2"],"picked":"Envenom","floor":33.0},{"not_picked":["Thunderclap+1","AT_IchimonjiDouble"],"picked":"Power Through","floor":35.0},{"not_picked":["Wallop","True Grit","CutThroughFate+1"],"picked":"Singing Bowl","floor":36.0},{"not_picked":["Flying Knee+1","Wild Strike+1","Melter"],"picked":"Singing Bowl","floor":36.0},{"not_picked":["AT_RealColorLess","Rebound","Vengeance+1"],"picked":"Singing Bowl","floor":36.0},{"not_picked":["Rebound","Reinforced Body","Leap+1"],"picked":"Singing Bowl","floor":36.0},{"not_picked":["Indignation","SashWhip","PiercingWail+1"],"picked":"Singing Bowl","floor":36.0},{"not_picked":["AT_WarpDrive","Dagger Spray"],"picked":"PathToVictory+1","floor":37},{"not_picked":["AT_RobotInSpace","Consecrate+1","Sever Soul"],"picked":"Singing Bowl","floor":39},{"not_picked":["Perfected Strike","Heavy Blade+1","A Thousand Cuts+1"],"picked":"Singing Bowl","floor":40},{"not_picked":["True Grit","Slice+1","Force Field+1"],"picked":"Singing Bowl","floor":41},{"not_picked":["WindmillStrike","BowlingBash+1","Amplify"],"picked":"Singing Bowl","floor":42},{"not_picked":["Rebound+1","Poisoned Stab"],"picked":"Blade Dance+1","floor":47},{"not_picked":["Warcry","Distraction+1","Weave"],"picked":"Singing Bowl","floor":48}],"player_experience":212264,"relics_obtained":[{"floor":7.0,"key":"Red Skull"},{"floor":9.0,"key":"Kunai"},{"floor":10.0,"key":"AT_SilvercatRing"},{"floor":25.0,"key":"Pen Nib"},{"floor":26.0,"key":"Anchor"},{"floor":34.0,"key":"Oddly Smooth Stone"},{"floor":34.0,"key":"Singing Bowl"},{"floor":34.0,"key":"FossilizedHelix"},{"floor":37,"key":"CaptainsWheel"},{"floor":40,"key":"White Beast Statue"},{"floor":42,"key":"Bag of Marbles"},{"floor":43,"key":"AT_SilverBalance"},{"floor":47,"key":"Nunchaku"}],"event_choices":[{"damage_healed":0.0,"max_hp_gain":0.0,"max_hp_loss":0.0,"gold_gain":175.0,"event_name":"Liars Game","player_choice":"AGREE","floor":3.0,"gold_loss":0.0,"damage_taken":0.0,"cards_obtained":["Doubt"]},{"damage_healed":0.0,"max_hp_gain":0.0,"max_hp_loss":0.0,"gold_gain":0.0,"event_name":"Shining Light","player_choice":"Entered Light","floor":4.0,"gold_loss":0.0,"damage_taken":16.0,"cards_upgraded":["Twin Strike","PathToVictory"]},{"damage_healed":0.0,"max_hp_gain":5.0,"max_hp_loss":0.0,"gold_gain":0.0,"event_name":"Big Fish","player_choice":"Donut","floor":5.0,"gold_loss":0.0,"damage_taken":0.0},{"damage_healed":0.0,"max_hp_gain":0.0,"max_hp_loss":0.0,"gold_gain":100.0,"event_name":"The Joust","player_choice":"Bet on Murderer","floor":20.0,"gold_loss":50.0,"damage_taken":0.0},{"damage_healed":0.0,"max_hp_gain":0.0,"max_hp_loss":0.0,"gold_gain":0.0,"cards_transformed":["Body Slam","SashWhip"],"event_name":"Drug Dealer","player_choice":"Became Test Subject","floor":29.0,"gold_loss":0.0,"damage_taken":0.0,"cards_obtained":["Venomology","Night Terror"]},{"damage_healed":0,"gold_gain":0,"player_choice":"Fight","damage_taken":0,"max_hp_gain":0,"max_hp_loss":0,"event_name":"Mysterious Sphere","floor":37,"gold_loss":0},{"damage_healed":0,"gold_gain":0,"player_choice":"Forge","damage_taken":0,"max_hp_gain":0,"max_hp_loss":0,"event_name":"Accursed Blacksmith","floor":45,"gold_loss":0,"cards_upgraded":["Scrawl"]}],"is_beta":true,"boss_relics":[{"not_picked":["SacredBark","Tiny House"],"picked":"SlaversCollar"},{"not_picked":["Astrolabe","Empty Cage"],"picked":"Calling Bell"}],"items_purged_floors":[22,36,38],"is_endless":false,"potions_floor_spawned":[1,2,10,14,21,23,25,27,31,37,39,40,41,42,47,48],"ascension_level":0}}