{"host":"8e3sp1tozjyrh64l","time":1613343318,"event":{"mods":["Act Like it!","BaseMod","Better Altar","Better Match","Better Note","Better Sensory Stone","Better Silent Start","Better Skull","Better Third Choice","BetterRewards","Conspire","Curses Come First","Defuse TimeMaze Blight","Infinite Spire","Minty Spire (QoL Compilation)","Permanent Neow","Rare Cards Sparkle","Relic Sorter","Reliquary","Replay The Spire","Shop Mod","Spicy Shops","StSLib","SuperFastMode","The Jungle","Wandering Minibosses"],"gold_per_floor":[115,115,115,127,49,76,76,90,90,122,122,135,161,180,238,341,341,353,201,126,126,126],"floor_reached":21,"language":"ENG","playtime":608,"items_purged":[],"score":232,"play_id":"99802e60-22c2-4cbc-8bb1-2e1e0ed4e0b9","local_time":"20210214155518","is_ascension_mode":true,"campfire_choices":[{"data":"Infinite Blades","floor":11,"key":"SMITH"}],"circlet_count":0,"master_deck":["Strike_G+1","Strike_G+1","Strike_G+1","Strike_G","Defend_G","Defend_G","Defend_G","Defend_G","Survivor","Neutralize+1","Flying Knee","Blade Dance","ReplayTheSpireMod:Scrap Shanks","Cloak And Dagger","Infinite Blades+1","Calculated Gamble","ReplayTheSpireMod:Scrap Shanks","Envenom","Prepared","ReplayUltimateDefense+1"],"relics":["Ring of the Snake","Bag of Marbles","OrangePellets","reliquary:SharkskinSheath","reliquary:IridiumChain","Whetstone","Juzu Bracelet","SacredBark","reliquary:RoseTintedGlasses"],"acts_visited":["Exordium","Exordium"],"potions_floor_usage":[10,13,13,14,16,17,18],"damage_taken":[{"damage":0,"enemies":"2 Louse","floor":1,"turns":2},{"damage":0,"enemies":"Jaw Worm","floor":4,"turns":3},{"damage":10,"enemies":"3 Sentries","floor":6,"turns":8},{"damage":0,"enemies":"Small Slimes","floor":8,"turns":3},{"damage":6,"enemies":"Lagavulin","floor":10,"turns":7},{"damage":1,"enemies":"3 Louse","floor":12,"turns":3},{"damage":2,"enemies":"Gremlin Nob","floor":13,"turns":5},{"damage":0,"enemies":"2 Fungi Beasts","floor":14,"turns":2},{"damage":26,"enemies":"Slime Boss","floor":16,"turns":7},{"damage":15,"enemies":"theJungle:GiantWrat","floor":18,"turns":4},{"damage":20,"enemies":"theJungle:Flameango_and_Byrd","floor":21,"turns":2}],"seed_played":"-1387617528510590926","potions_obtained":[{"floor":4,"key":"SpeedPotion"},{"floor":6,"key":"LifebloodPotion"},{"floor":8,"key":"BlessingOfTheForge"},{"floor":14,"key":"EntropicBrew"},{"floor":16,"key":"AttackPotion"}],"is_trial":false,"path_per_floor":["M","?","?","M","$","E","?","M","T","E","R","M","E","M","R","B",null,"M","$","?","M"],"character_chosen":"THE_SILENT","items_purchased":["OrangePellets","reliquary:RoseTintedGlasses"],"campfire_rested":0,"item_purchase_floors":[5,19],"current_hp_per_floor":[70,56,56,56,56,46,51,51,51,45,45,44,42,42,42,16,85,70,70,70,50,50],"gold":126,"neow_bonus":"RANDOM_COMMON_RELIC","is_daily":false,"chose_seed":false,"campfire_upgraded":1,"win_rate":0.0,"timestamp":1613343318,"path_taken":["M","?","?","M","$","E","?","M","T","E","R","M","E","M","R","BOSS","M","$","?","M"],"items_purchased_type":["Relic","Relic"],"build_version":"2020-12-22","purchased_purges":0,"victory":false,"max_hp_per_floor":[70,70,70,70,70,70,75,75,75,75,75,75,75,75,75,75,85,85,85,85,85,85],"card_choices":[{"not_picked":["Acrobatics","Bouncing Flask"],"picked":"Flying Knee","floor":1},{"not_picked":["Cloak And Dagger","Dodge and Roll"],"picked":"Blade Dance","floor":4},{"not_picked":["ReplayTheSpireMod:Exploit Weakness","Grand Finale"],"picked":"ReplayTheSpireMod:Scrap Shanks","floor":6},{"not_picked":["Underhanded Strike","Bane"],"picked":"Cloak And Dagger","floor":8},{"not_picked":["Outmaneuver","Bane"],"picked":"Infinite Blades","floor":10},{"not_picked":["Slice","Masterful Stab","Hidden Blade"],"picked":"SKIP","floor":12},{"not_picked":["Riddle With Holes","Dagger Throw"],"picked":"Calculated Gamble","floor":13},{"not_picked":["Backflip","Predator"],"picked":"ReplayTheSpireMod:Scrap Shanks","floor":14},{"not_picked":["Glass Knife","Die Die Die"],"picked":"Envenom","floor":16},{"not_picked":["Prepared","Deflect","Dagger Spray"],"picked":"SKIP","floor":18},{"not_picked":["Deflect","Dagger Spray"],"picked":"Prepared","floor":18},{"not_picked":["ReplayTheSpireMod:Necrogeddon+1","Violence+1"],"picked":"ReplayUltimateDefense+1","floor":20}],"player_experience":935714,"relics_obtained":[{"floor":6,"key":"reliquary:SharkskinSheath"},{"floor":9,"key":"reliquary:IridiumChain"},{"floor":10,"key":"Whetstone"},{"floor":13,"key":"Juzu Bracelet"}],"event_choices":[{"damage_healed":70,"gold_gain":0,"player_choice":"Upgrade","damage_taken":14,"max_hp_gain":0,"max_hp_loss":70,"event_name":"betterThird:BetterShining","floor":2,"gold_loss":0,"cards_upgraded":["Neutralize","Strike_G"]},{"damage_healed":0,"gold_gain":0,"player_choice":"Ignored","damage_taken":0,"max_hp_gain":0,"max_hp_loss":0,"event_name":"Golden Wing","floor":3,"gold_loss":0},{"damage_healed":0,"gold_gain":0,"player_choice":"Donut","damage_taken":0,"max_hp_gain":5,"max_hp_loss":0,"event_name":"Big Fish","floor":7,"gold_loss":0},{"damage_healed":0,"gold_gain":0,"player_choice":"2","damage_taken":0,"max_hp_gain":0,"max_hp_loss":0,"event_name":"betterMatch:BetterMatch","floor":20,"gold_loss":0,"cards_obtained":["betterMatch:ColorlessRareCard"]}],"is_beta":false,"boss_relics":[{"not_picked":["Velvet Choker","reliquary:Ember"],"picked":"SacredBark"}],"items_purged_floors":[],"is_endless":false,"potions_floor_spawned":[4,6,8,14,16],"killed_by":"theJungle:Flameango_and_Byrd","ascension_level":1}}