{"host":"7qoz5gmva6til3yp","time":1613316227,"event":{"mods":["2.2 Compatiblity","Astrologer","BaseMod","Minty Spire (QoL Compilation)","StSLib","SuperFastMode"],"gold_per_floor":[113,113,22,36,47,66,79,96,123,132,150,654,604,630,630,711,711,733,748,748,54,63,96,107,107,130,0,0,25,25,43,43,124,124,137,710,720,720,774,774,774,774,854,249,282,282,301,332,332,332],"floor_reached":51,"language":"KOR","playtime":1278,"items_purged":["Strike_G","Strike_G","Defend_G","Defend_G"],"score":1375,"play_id":"057bdf58-4d88-402f-95ca-3aa6b9cbf1b3","local_time":"20210215002347","is_ascension_mode":true,"campfire_choices":[{"data":"Adrenaline","floor":15.0,"key":"SMITH"},{"data":"Catalyst","floor":25.0,"key":"SMITH"},{"data":"Burst","floor":28.0,"key":"SMITH"},{"data":"Bouncing Flask","floor":32,"key":"SMITH"},{"data":"Burst","floor":40,"key":"SMITH"},{"data":"Tactician","floor":42,"key":"SMITH"},{"floor":49,"key":"DIG"}],"circlet_count":0,"master_deck":["AscendersBane","Strike_G","Defend_G","Defend_G","Survivor","Neutralize+1","Flash of Steel","Dagger Spray+1","Noxious Fumes","Catalyst+1","Bouncing Flask+1","Tactician+1","Burst+1","Adrenaline+1","Deadly Poison","Corpse Explosion","Poisoned Stab","Acrobatics","Burst+1","Tactician+1"],"relics":["Ring of the Snake","Torii","CeramicFish","Oddly Smooth Stone","Coffee Dripper","OrangePellets","Du-Vu Doll","Blood Vial","Ancient Tea Set","Bag of Marbles","Whetstone","Nilry\u0027s Codex","Runic Pyramid","Bag of Preparation","Lee\u0027s Waffle","Shovel","White Beast Statue","Ice Cream","Toy Ornithopter","Bronze Scales","Thread and Needle","Pen Nib"],"acts_visited":["Exordium","TheCity","TheBeyond"],"potions_floor_usage":[33,45,50],"damage_taken":[{"damage":2.0,"enemies":"Cultist","floor":1.0,"turns":5.0},{"damage":0.0,"enemies":"Small Slimes","floor":4.0,"turns":3.0},{"damage":1.0,"enemies":"Jaw Worm","floor":5.0,"turns":4.0},{"damage":2.0,"enemies":"Looter","floor":6.0,"turns":3.0},{"damage":3.0,"enemies":"Exordium Wildlife","floor":7.0,"turns":6.0},{"damage":11.0,"enemies":"Large Slime","floor":8.0,"turns":8.0},{"damage":1.0,"enemies":"2 Fungi Beasts","floor":11.0,"turns":3.0},{"damage":7.0,"enemies":"Blue Slaver","floor":14.0,"turns":4.0},{"damage":58.0,"enemies":"Slime Boss","floor":16.0,"turns":14.0},{"damage":1.0,"enemies":"Spheric Guardian","floor":18.0,"turns":3.0},{"damage":13.0,"enemies":"2 Thieves","floor":19.0,"turns":3.0},{"damage":18.0,"enemies":"Book of Stabbing","floor":23.0,"turns":4.0},{"damage":14.0,"enemies":"Chosen and Byrds","floor":24.0,"turns":4.0},{"damage":8.0,"enemies":"Gremlin Leader","floor":29.0,"turns":5.0},{"damage":0,"enemies":"Snake Plant","floor":31,"turns":1},{"damage":6,"enemies":"Champ","floor":33,"turns":7},{"damage":8,"enemies":"Orb Walker","floor":35,"turns":4},{"damage":0,"enemies":"3 Shapes","floor":37,"turns":1},{"damage":11,"enemies":"2 Orb Walkers","floor":39,"turns":2},{"damage":0,"enemies":"Reptomancer","floor":45,"turns":3},{"damage":0,"enemies":"3 Darklings","floor":47,"turns":1},{"damage":27,"enemies":"Nemesis","floor":48,"turns":3},{"damage":36,"enemies":"Donu and Deca","floor":50,"turns":4}],"seed_played":"-787159617506664282","potions_obtained":[{"floor":1.0,"key":"Block Potion"},{"floor":5.0,"key":"Block Potion"},{"floor":6.0,"key":"Regen Potion"},{"floor":14.0,"key":"Fruit Juice"},{"floor":19.0,"key":"Fire Potion"},{"floor":23.0,"key":"Swift Potion"},{"floor":45,"key":"Strength Potion"},{"floor":46,"key":"PowerPotion"},{"floor":48,"key":"Weak Potion"}],"is_trial":false,"path_per_floor":["M","?","$","M","M","M","M","M","T","?","M","$","?","M","R","B",null,"M","M","?","$","?","E","M","R","T","?","R","E","?","M","R","B",null,"M","$","M","?","?","R","?","R","T","$","E","?","M","E","R","B",null],"character_chosen":"THE_SILENT","items_purchased":["Flash of Steel","Burst","Adrenaline","Oddly Smooth Stone","OrangePellets","Du-Vu Doll","Blood Vial","Bag of Preparation","Lee\u0027s Waffle","Ice Cream","Toy Ornithopter"],"campfire_rested":0,"item_purchase_floors":[3,12,12,12,21,21,21,36,36,44,44],"current_hp_per_floor":[63,63,63,63,62,60,57,46,46,46,45,45,45,38,38,68,75,74,61,61,61,61,45,33,33,33,33,33,27,11,13,13,9,60,54,84,84,84,73,73,73,73,73,73,80,80,80,53,53,24],"gold":332,"neow_bonus":"TEN_PERCENT_HP_BONUS","is_daily":false,"chose_seed":false,"campfire_upgraded":6,"win_rate":0.0,"timestamp":1613316227,"path_taken":["M","?","?","M","?","M","M","M","T","?","M","$","?","M","R","BOSS","M","M","?","$","?","E","M","R","T","?","R","E","?","M","R","BOSS","M","$","M","?","?","R","?","R","T","?","E","?","?","E","R","BOSS"],"items_purchased_type":["Card","Card","Card","Relic","Relic","Relic","Relic","Relic","Relic","Relic","Relic"],"build_version":"2020-12-22","purchased_purges":4,"victory":true,"max_hp_per_floor":[72,72,72,72,72,72,72,72,72,72,72,72,72,72,72,77,77,77,77,77,77,77,77,77,77,77,77,77,77,77,77,77,77,77,77,84,84,84,84,84,80,80,80,80,80,80,80,80,80,80],"card_choices":[{"not_picked":["Sucker Punch","Deflect"],"picked":"Skewer","floor":1.0},{"not_picked":["Terror","Accuracy"],"picked":"Dagger Spray","floor":4.0},{"not_picked":["Flying Knee","Flechettes","Choke"],"picked":"SKIP","floor":5.0},{"not_picked":["Outmaneuver","Slice"],"picked":"Noxious Fumes","floor":6.0},{"not_picked":["Flying Knee","Cloak And Dagger"],"picked":"Catalyst","floor":7.0},{"not_picked":["Terror","Backstab"],"picked":"Bouncing Flask","floor":8.0},{"not_picked":["Reflex","Slice","Infinite Blades"],"picked":"SKIP","floor":11.0},{"not_picked":["Cloak And Dagger","Quick Slash"],"picked":"Deadly Poison","floor":14.0},{"not_picked":["Storm of Steel","Unload"],"picked":"Corpse Explosion","floor":16.0},{"not_picked":["PiercingWail","Flying Knee"],"picked":"Poisoned Stab","floor":18.0},{"not_picked":["Underhanded Strike","Slice","Dodge and Roll"],"picked":"SKIP","floor":19.0},{"not_picked":["Flying Knee","Noxious Fumes","Underhanded Strike"],"picked":"SKIP","floor":23.0},{"not_picked":["Footwork","Leg Sweep","Infinite Blades"],"picked":"SKIP","floor":24.0},{"not_picked":["Riddle With Holes","Bane","A Thousand Cuts"],"picked":"SKIP","floor":29.0},{"not_picked":["Cloak And Dagger","Outmaneuver","Setup"],"picked":"SKIP","floor":31},{"not_picked":["Glass Knife","Die Die Die"],"picked":"Burst","floor":33},{"not_picked":["Slice","Tactician","Flying Knee"],"picked":"SKIP","floor":35},{"not_picked":["Slice","Dagger Spray","Outmaneuver"],"picked":"SKIP","floor":37},{"not_picked":["Bane","Caltrops"],"picked":"Tactician+1","floor":39},{"not_picked":["PiercingWail+1","Dagger Spray","Reflex"],"picked":"SKIP","floor":45},{"not_picked":["All Out Attack","Deflect","Setup+1"],"picked":"SKIP","floor":47},{"not_picked":["Sucker Punch","Outmaneuver+1","Well Laid Plans"],"picked":"SKIP","floor":48}],"player_experience":504827,"relics_obtained":[{"floor":9.0,"key":"CeramicFish"},{"floor":23.0,"key":"Ancient Tea Set"},{"floor":26.0,"key":"Bag of Marbles"},{"floor":29.0,"key":"Whetstone"},{"floor":30,"key":"Nilry\u0027s Codex"},{"floor":39,"key":"Shovel"},{"floor":43,"key":"White Beast Statue"},{"floor":45,"key":"Bronze Scales"},{"floor":48,"key":"Thread and Needle"},{"floor":49,"key":"Pen Nib"}],"event_choices":[{"cards_removed":["Skewer"],"damage_healed":0.0,"max_hp_gain":0.0,"max_hp_loss":0.0,"gold_gain":0.0,"event_name":"WeMeetAgain","player_choice":"Gave Card","floor":2.0,"gold_loss":0.0,"damage_taken":0.0,"relics_obtained":["Torii"]},{"damage_healed":0.0,"max_hp_gain":0.0,"max_hp_loss":0.0,"gold_gain":0.0,"cards_transformed":["Strike_G"],"event_name":"Living Wall","player_choice":"Change","floor":10.0,"gold_loss":0.0,"damage_taken":0.0,"cards_obtained":["Tactician"]},{"cards_removed":["Defend_G"],"damage_healed":0.0,"max_hp_gain":0.0,"max_hp_loss":0.0,"gold_gain":0.0,"event_name":"The Cleric","player_choice":"Card Removal","floor":13.0,"gold_loss":50.0,"damage_taken":0.0},{"damage_healed":0.0,"max_hp_gain":0.0,"max_hp_loss":0.0,"gold_gain":0.0,"event_name":"Vampires","player_choice":"Ignored","floor":20.0,"gold_loss":0.0,"damage_taken":0.0},{"damage_healed":0.0,"max_hp_gain":0.0,"max_hp_loss":0.0,"gold_gain":0.0,"event_name":"The Library","player_choice":"Read","floor":22.0,"gold_loss":0.0,"damage_taken":0.0,"cards_obtained":["Acrobatics"]},{"damage_healed":0.0,"max_hp_gain":0.0,"max_hp_loss":0.0,"gold_gain":0.0,"event_name":"Masked Bandits","player_choice":"Paid Fearfully","floor":27.0,"gold_loss":130.0,"damage_taken":0.0},{"damage_healed":0,"gold_gain":0,"player_choice":"Obtained Book","damage_taken":16,"max_hp_gain":0,"max_hp_loss":0,"event_name":"Cursed Tome","floor":30,"gold_loss":0},{"cards_removed":["Strike_G"],"damage_healed":0,"gold_gain":0,"player_choice":"Removed Attack","damage_taken":0,"max_hp_gain":0,"max_hp_loss":0,"event_name":"Falling","floor":38,"gold_loss":0},{"damage_healed":0,"gold_gain":0,"player_choice":"Fight","damage_taken":0,"max_hp_gain":0,"max_hp_loss":0,"event_name":"Mysterious Sphere","floor":39,"gold_loss":0},{"damage_healed":0,"gold_gain":0,"player_choice":"Max HP","damage_taken":0,"max_hp_gain":0,"max_hp_loss":4,"event_name":"Winding Halls","floor":41,"gold_loss":0},{"damage_healed":0,"gold_gain":0,"player_choice":"Got Potions","damage_taken":0,"max_hp_gain":0,"max_hp_loss":0,"event_name":"Lab","floor":46,"gold_loss":0}],"is_beta":false,"boss_relics":[{"not_picked":["Astrolabe","Snecko Eye"],"picked":"Coffee Dripper"},{"not_picked":["Calling Bell","Cursed Key"],"picked":"Runic Pyramid"}],"items_purged_floors":[12,21,36,44],"is_endless":false,"potions_floor_spawned":[1,5,6,7,14,19,23,29,45,47,48],"ascension_level":14}}