{"host":"1lwxixhv2lzh5ag1","time":1613304859,"event":{"mods":["AchievementEnabler","BaseMod","Bestiary","Better Altar","Better Match","Better Note","Better Sensory Stone","Better Silent Start","Better Skull","Better Third Choice","BetterRewards","Colored Map","Colored Powertips","DeckTracker","Displayed Cursed Tome","Downfall","Fox Events","Hubris","Minty Spire (QoL Compilation)","Permanent Neow","Relic Stats","Reliquary","Replay The Spire","Spire Arcade","StSLib","Td1madao Mod","The Blue Laboratory","Uncapped","Waifu the Spire"],"gold_per_floor":[111,128,139,151,151,151,151,184,208,208,208,221,253,265,265,265,265],"floor_reached":16,"language":"ENG","playtime":717,"items_purged":[],"score":112,"play_id":"7c8143f5-a0c4-4d0e-9bb7-f5a1ec181381","local_time":"20210214071419","is_ascension_mode":false,"campfire_choices":[{"floor":6,"key":"REST"},{"floor":11,"key":"REST"},{"floor":15,"key":"REST"}],"circlet_count":0,"master_deck":["Strike_G","Strike_G","Strike_G","Strike_G","Defend_G","Defend_G","Defend_G","Defend_G","Survivor","Neutralize","ReplayTheSpireMod:Scrap Shanks","Blade Dance","Dagger Spray","Acrobatics","Sucker Punch","Crippling Poison","Backstab","Deadly Poison"],"relics":["Ring of the Snake","hubris:Towel","reliquary:TuningFork","Snack Pack","Bronze Scales","Juzu Bracelet"],"acts_visited":["Exordium"],"potions_floor_usage":[8,16,16],"damage_taken":[{"damage":4,"enemies":"Cultist","floor":1,"turns":5},{"damage":6,"enemies":"2 Louse","floor":2,"turns":3},{"damage":0,"enemies":"Small Slimes","floor":3,"turns":3},{"damage":2,"enemies":"Looter","floor":4,"turns":3},{"damage":10,"enemies":"Gremlin Nob","floor":8,"turns":5},{"damage":0,"enemies":"Blue Slaver","floor":12,"turns":3},{"damage":25,"enemies":"3 Sentries","floor":13,"turns":8},{"damage":24,"enemies":"Exordium Thugs","floor":14,"turns":3},{"damage":58,"enemies":"Slime Boss","floor":16,"turns":9}],"seed_played":"5473343945309395920","potions_obtained":[{"floor":0,"key":"blueLaboratory:StoneskinPotion"},{"floor":0,"key":"Swift Potion"},{"floor":0,"key":"blueLaboratory:ImpenetrablePotion"},{"floor":1,"key":"blueLaboratory:NinjaPotion"},{"floor":2,"key":"blueLaboratory:SuffocatingSmog"},{"floor":13,"key":"blueLaboratory:BubblePotion"}],"is_trial":false,"path_per_floor":["M","M","M","M","?","R","?","E","T","?","R","M","E","M","R","B"],"character_chosen":"THE_SILENT","items_purchased":[],"campfire_rested":3,"item_purchase_floors":[],"current_hp_per_floor":[66,60,60,58,58,70,58,48,48,48,69,70,49,31,52,0,0],"gold":265,"neow_bonus":"THREE_SMALL_POTIONS","is_daily":false,"chose_seed":false,"campfire_upgraded":0,"win_rate":0.0,"timestamp":1613304859,"path_taken":["M","M","?","M","?","R","?","E","T","?","R","M","E","M","R","BOSS"],"items_purchased_type":[],"build_version":"2020-12-22","purchased_purges":0,"victory":false,"max_hp_per_floor":[70,70,70,70,70,70,70,70,70,70,70,70,70,70,70,70,70],"relic_stats":{"counters":[9,42],"Bronze Scales":[59],"Juzu Bracelet":0,"obtain_stats":[{"Bronze Scales":9,"reliquary:TuningFork":7,"Snack Pack":8,"Juzu Bracelet":13,"hubris:Towel":5,"Ring of the Snake":0},{"Bronze Scales":5,"reliquary:TuningFork":4,"Snack Pack":5,"Juzu Bracelet":7,"hubris:Towel":4,"Ring of the Snake":0},{"Bronze Scales":19,"reliquary:TuningFork":14,"Snack Pack":19,"Juzu Bracelet":30,"hubris:Towel":14,"Ring of the Snake":0}],"Ring of the Snake":[45]},"card_choices":[{"not_picked":["Predator","Hidden Blade"],"picked":"ReplayTheSpireMod:Scrap Shanks","floor":1},{"not_picked":["Sucker Punch","Deadly Poison"],"picked":"Blade Dance","floor":2},{"not_picked":["hubris:Counter","Flying Knee"],"picked":"Dagger Spray","floor":3},{"not_picked":["Underhanded Strike","hubris:SlightOfHand"],"picked":"Acrobatics","floor":4},{"not_picked":["Expertise","hubris:SlightOfHand"],"picked":"Sucker Punch","floor":8},{"not_picked":["Quick Slash","Underhanded Strike"],"picked":"Crippling Poison","floor":12},{"not_picked":["Prepared","Dash"],"picked":"Backstab","floor":13},{"not_picked":["hubris:SlightOfHand","Flechettes"],"picked":"Deadly Poison","floor":14}],"player_experience":21763,"relics_obtained":[{"floor":8,"key":"Snack Pack"},{"floor":9,"key":"Bronze Scales"},{"floor":13,"key":"Juzu Bracelet"}],"event_choices":[{"damage_healed":0,"gold_gain":0,"player_choice":"Relic ","damage_taken":12,"max_hp_gain":0,"max_hp_loss":0,"event_name":"betterThird:BetterScrap","floor":7,"gold_loss":0,"cards_obtained":["Replay:Hum"]},{"damage_healed":0,"gold_gain":0,"player_choice":"Ignored","damage_taken":208,"max_hp_gain":0,"max_hp_loss":0,"event_name":"betterThird:BetterSerpent","floor":10,"gold_loss":0}],"is_beta":false,"boss_relics":[],"items_purged_floors":[],"is_endless":false,"potions_floor_spawned":[1,2,3,13],"killed_by":"Slime Boss","ascension_level":0}}