{"host":"1e3ivg30op4goso1","time":1613335079,"event":{"mods":["AchievementEnabler","Ascension Unlocker","BaseMod","Colored Map","Minty Spire (QoL Compilation)","Permanent Neow","Quick Restart","Relic Filter","StSLib","SuperFastMode"],"gold_per_floor":[115,139,47,47,47,47,57,69,96,111,111,111,128,140,140,140,140],"floor_reached":16,"language":"ENG","playtime":376,"items_purged":[],"score":184,"play_id":"199cbd5b-75aa-4fad-b763-309566c51c76","local_time":"20210214153759","is_ascension_mode":true,"campfire_choices":[{"data":"Madness","floor":6,"key":"SMITH"},{"data":"Streamline","floor":15,"key":"SMITH"}],"circlet_count":0,"master_deck":["AscendersBane","Strike_B","Strike_B","Strike_B","Strike_B","Defend_B","Defend_B","Defend_B","Defend_B","Streamline+1","Madness+1","Sweeping Beam"],"relics":["Coffee Dripper","Blood Vial","Potion Belt"],"acts_visited":["Exordium"],"potions_floor_usage":[16],"damage_taken":[{"damage":0,"enemies":"Cultist","floor":1,"turns":3},{"damage":3,"enemies":"2 Louse","floor":7,"turns":2},{"damage":9,"enemies":"Jaw Worm","floor":8,"turns":3},{"damage":16,"enemies":"Exordium Wildlife","floor":10,"turns":4},{"damage":4,"enemies":"Large Slime","floor":13,"turns":4},{"damage":8,"enemies":"Exordium Thugs","floor":14,"turns":5},{"damage":40,"enemies":"The Guardian","floor":16,"turns":6}],"seed_played":"-7375364827165187235","potions_obtained":[{"floor":7,"key":"Energy Potion"},{"floor":8,"key":"Swift Potion"}],"is_trial":false,"path_per_floor":["M","T","$","?","?","R","M","M","T","M","?","$","M","M","R","B"],"character_chosen":"DEFECT","items_purchased":["Madness"],"campfire_rested":0,"item_purchase_floors":[3],"current_hp_per_floor":[64,64,64,64,64,64,63,56,56,42,42,42,40,34,34,0,0],"gold":140,"neow_bonus":"BOSS_RELIC","is_daily":false,"chose_seed":false,"campfire_upgraded":2,"win_rate":0.0,"timestamp":1613335079,"path_taken":["M","?","$","?","?","R","M","?","T","M","?","?","M","M","R","BOSS"],"items_purchased_type":["Card"],"build_version":"2020-12-22","purchased_purges":0,"victory":false,"max_hp_per_floor":[71,71,71,71,71,71,71,71,71,71,71,71,71,71,71,71,71],"card_choices":[{"not_picked":["Consume","Barrage"],"picked":"Streamline","floor":1},{"not_picked":["Steam","Conserve Battery","Static Discharge"],"picked":"SKIP","floor":7},{"not_picked":["Redo","Cold Snap"],"picked":"Sweeping Beam","floor":8},{"not_picked":["Darkness","Sweeping Beam","Tempest"],"picked":"SKIP","floor":10},{"not_picked":["Sweeping Beam","Cold Snap","Chill"],"picked":"SKIP","floor":13},{"not_picked":["Barrage","Undo","Chaos"],"picked":"SKIP","floor":14}],"player_experience":3615,"relics_obtained":[{"floor":2,"key":"Blood Vial"},{"floor":9,"key":"Potion Belt"}],"event_choices":[{"cards_removed":["Dualcast"],"damage_healed":0,"gold_gain":0,"player_choice":"Forget","damage_taken":0,"max_hp_gain":0,"max_hp_loss":0,"event_name":"Living Wall","floor":4,"gold_loss":0},{"damage_healed":0,"gold_gain":0,"player_choice":"Leave","damage_taken":0,"max_hp_gain":0,"max_hp_loss":0,"event_name":"The Cleric","floor":5,"gold_loss":0},{"cards_removed":["Zap"],"damage_healed":0,"gold_gain":0,"player_choice":"Purged","damage_taken":0,"max_hp_gain":0,"max_hp_loss":0,"event_name":"Purifier","floor":11,"gold_loss":0}],"is_beta":false,"boss_relics":[],"items_purged_floors":[],"is_endless":false,"potions_floor_spawned":[7,8],"killed_by":"The Guardian","ascension_level":20}}