{"host":"0mk07bycsqo1qk03","time":1613316772,"event":{"mods":["BaseMod","Downfall","Hermit","Hubris","Minty Spire (QoL Compilation)","Reliquary","Replay The Spire","StSLib","The Cursed"],"gold_per_floor":[109,109,109,59,71,96,106,134,134,59,69,69,69,113,113,196,205,230,230,239,233,233,233],"floor_reached":22,"language":"ENG","playtime":785,"items_purged":["Replay:Hysterical Blindness"],"score":471,"play_id":"35d7d8df-3654-47c1-9b76-27d2cea58d53","local_time":"20210214163252","is_ascension_mode":true,"campfire_choices":[{"floor":13,"key":"REST"},{"data":"DevaForm","floor":15,"key":"SMITH"}],"circlet_count":0,"master_deck":["AscendersBane","Strike_P+1","Strike_P","Strike_P+1","Defend_P","Defend_P","Defend_P","Eruption","Vigilance","Consecrate","Prostrate","Evaluate","Protect","DevaForm+1","Evaluate+1","Replay:BluntJabs","ConjureBlade","CurseOfTheBell","Prostrate+1","RitualDagger","SandsOfTime"],"relics":["Cursed Key","reliquary:PrincelyHelmet","reliquary:RosewoodLute","StrikeDummy","CeramicFish","Calling Bell","reliquary:PartyBalloon","reliquary:Firecrackers","hubris:64BitClover"],"acts_visited":["Exordium","TheCity"],"potions_floor_usage":[8,16,16],"damage_taken":[{"damage":0,"enemies":"Cultist","floor":1,"turns":3},{"damage":2,"enemies":"Jaw Worm","floor":5,"turns":3},{"damage":35,"enemies":"3 Sentries","floor":6,"turns":10},{"damage":0,"enemies":"Small Slimes","floor":7,"turns":4},{"damage":0,"enemies":"Lagavulin","floor":8,"turns":6},{"damage":0,"enemies":"2 Fungi Beasts","floor":11,"turns":4},{"damage":4,"enemies":"3 Sentries","floor":14,"turns":9},{"damage":0,"enemies":"The Guardian","floor":16,"turns":9},{"damage":11,"enemies":"3 Byrds","floor":18,"turns":6},{"damage":12,"enemies":"2 Thieves","floor":21,"turns":4},{"damage":15,"enemies":"Snecko","floor":22,"turns":3}],"seed_played":"2886493865045559989","potions_obtained":[{"floor":5,"key":"PowerPotion"},{"floor":11,"key":"Venom Potion"},{"floor":14,"key":"SkillPotion"},{"floor":16,"key":"hexamod:SoulburnPotion"},{"floor":18,"key":"DuplicationPotion"}],"is_trial":false,"path_per_floor":["M","?","?","?","M","E","M","E","T","$","M","?","R","E","R","B",null,"M","?","?","M","M"],"character_chosen":"WATCHER","items_purchased":[],"campfire_rested":1,"item_purchase_floors":[],"current_hp_per_floor":[61,47,40,40,38,3,3,3,3,3,3,3,23,19,19,19,56,45,33,27,15,0,0],"gold":233,"neow_bonus":"BOSS_RELIC","is_daily":false,"chose_seed":false,"campfire_upgraded":1,"win_rate":0.0,"timestamp":1613316772,"path_taken":["M","?","?","?","M","E","M","E","T","$","M","?","R","E","R","BOSS","M","?","?","M","M"],"items_purchased_type":[],"build_version":"2020-12-22","purchased_purges":1,"victory":false,"max_hp_per_floor":[68,68,68,68,68,68,68,68,68,68,68,68,68,68,68,68,68,68,73,73,73,73,73],"card_choices":[{"not_picked":["SashWhip","Replay:ManipulateFuture"],"picked":"Consecrate","floor":1},{"not_picked":["CrushJoints","PathToVictory"],"picked":"Prostrate","floor":5},{"not_picked":["Halt","Replay:BluntJabs"],"picked":"Evaluate","floor":6},{"not_picked":["Consecrate","Replay:ManipulateFuture"],"picked":"Protect","floor":7},{"not_picked":["ClearTheMind","Collect"],"picked":"DevaForm","floor":8},{"not_picked":["Replay:Vibes","EmptyFist"],"picked":"Evaluate","floor":11},{"not_picked":["Halt","JustLucky"],"picked":"Replay:BluntJabs","floor":14},{"not_picked":["Replay:LoomingThreat","DeusExMachina"],"picked":"ConjureBlade","floor":16},{"not_picked":["ThirdEye","EmptyFist"],"picked":"Prostrate+1","floor":18},{"not_picked":["FlurryOfBlows","Nirvana"],"picked":"SandsOfTime","floor":21}],"player_experience":1050746,"relics_obtained":[{"floor":6,"key":"reliquary:PrincelyHelmet"},{"floor":8,"key":"reliquary:RosewoodLute"},{"floor":9,"key":"StrikeDummy"},{"floor":14,"key":"CeramicFish"},{"floor":17,"key":"reliquary:PartyBalloon"},{"floor":17,"key":"reliquary:Firecrackers"},{"floor":17,"key":"hubris:64BitClover"}],"event_choices":[{"damage_healed":0,"gold_gain":0,"player_choice":"Entered Light","damage_taken":14,"max_hp_gain":0,"max_hp_loss":0,"event_name":"Shining Light","floor":2,"gold_loss":0,"cards_upgraded":["Strike_P","Strike_P"]},{"cards_removed":["Strike_P"],"damage_healed":0,"gold_gain":0,"player_choice":"Card Removal","damage_taken":7,"max_hp_gain":0,"max_hp_loss":0,"event_name":"Golden Wing","floor":3,"gold_loss":0},{"cards_removed":["Defend_P"],"damage_healed":0,"gold_gain":0,"player_choice":"Card Removal","damage_taken":0,"max_hp_gain":0,"max_hp_loss":0,"event_name":"The Cleric","floor":4,"gold_loss":50},{"damage_healed":0,"gold_gain":0,"player_choice":"Shed Blood","damage_taken":17,"max_hp_gain":5,"max_hp_loss":0,"event_name":"Forgotten Altar","floor":19,"gold_loss":0},{"damage_healed":0,"gold_gain":0,"player_choice":"Joined the Cult","damage_taken":6,"max_hp_gain":0,"max_hp_loss":0,"event_name":"Nest","floor":20,"gold_loss":0,"cards_obtained":["RitualDagger"]}],"is_beta":false,"boss_relics":[{"not_picked":["reliquary:Craggleroot","Velvet Choker"],"picked":"Calling Bell"}],"items_purged_floors":[10],"is_endless":false,"potions_floor_spawned":[5,11,14,16,18],"killed_by":"Snecko","ascension_level":14}}