{"host":"eeb412nj2w7f9cz8","time":1613277146,"event":{"mods":["ATMod(°¢èªMod)","Act Like it!","BaseMod","Minty Spire (QoL Compilation)","StSLib"],"gold_per_floor":[119,137,137,150,150,150,179,193,193,232,197,15,15,15,15,40,40],"floor_reached":16,"language":"ZHS","playtime":1324,"items_purged":[],"score":100,"play_id":"fa2ca7f6-ec76-4b4f-aaa6-2fe4e4d5605f","local_time":"20210214123226","is_ascension_mode":false,"campfire_choices":[{"data":"Concentrate","floor":6.0,"key":"SMITH"},{"data":"Neutralize","floor":13.0,"key":"SMITH"},{"data":"Prepared","floor":15.0,"key":"SMITH"}],"circlet_count":0,"master_deck":["Strike_G","Strike_G","Strike_G","Strike_G","Strike_G","Defend_G","Defend_G","Defend_G","Defend_G","Defend_G","Survivor","Neutralize+1","AT_KingSlayer+1","Prepared+1","Dagger Throw","Concentrate+1","Underhanded Strike","Backstab"],"relics":["Ring of the Snake","AT_ATBox","AT_BladeRuinedKing","Sundial","AT_MibuBalloonWealth","HandDrill"],"acts_visited":["Exordium"],"potions_floor_usage":[],"damage_taken":[{"damage":2.0,"enemies":"Jaw Worm","floor":1.0,"turns":7.0},{"damage":0.0,"enemies":"2 Louse","floor":2.0,"turns":4.0},{"damage":2.0,"enemies":"Small Slimes","floor":4.0,"turns":4.0},{"damage":35.0,"enemies":"Gremlin Nob","floor":7.0,"turns":5.0},{"damage":15.0,"enemies":"Gremlin Gang","floor":8.0,"turns":4.0},{"damage":0.0,"enemies":"Looter","floor":10.0,"turns":3.0},{"damage":22,"enemies":"Slime Boss","floor":16,"turns":7}],"seed_played":"9218017391088074660","potions_obtained":[{"floor":2.0,"key":"LiquidMemories"},{"floor":4.0,"key":"Ancient Potion"},{"floor":7.0,"key":"SteroidPotion"}],"is_trial":false,"path_per_floor":["M","M","?","M","?","R","E","M","T","M","?","$","R","$","R","B"],"character_chosen":"THE_SILENT","items_purchased":["Backstab","HandDrill"],"campfire_rested":0,"item_purchase_floors":[12,12],"current_hp_per_floor":[75,75,75,73,61,61,26,11,11,11,30,30,30,30,30,8,8],"gold":40,"neow_bonus":"TEN_PERCENT_HP_BONUS","is_daily":false,"chose_seed":false,"campfire_upgraded":3,"win_rate":0.0,"timestamp":1613277146,"path_taken":["M","M","?","M","?","R","E","M","T","M","?","?","R","$","R","BOSS"],"items_purchased_type":["Card","Relic"],"build_version":"2020-12-22","purchased_purges":0,"victory":false,"max_hp_per_floor":[77,77,77,77,77,77,77,77,77,77,77,77,77,77,77,77,77],"card_choices":[{"not_picked":["Bane","Dodge and Roll"],"picked":"Prepared","floor":1.0},{"not_picked":["Bane","Skewer"],"picked":"Dagger Throw","floor":2.0},{"not_picked":["All Out Attack","Acrobatics"],"picked":"Concentrate","floor":4.0},{"not_picked":["Poisoned Stab","Malaise"],"picked":"Underhanded Strike","floor":7.0},{"not_picked":["Underhanded Strike","Flying Knee","Accuracy"],"picked":"SKIP","floor":8.0},{"not_picked":["Cloak And Dagger","Flechettes","Masterful Stab"],"picked":"SKIP","floor":10.0}],"player_experience":93014,"relics_obtained":[{"floor":7.0,"key":"Sundial"},{"floor":9.0,"key":"AT_MibuBalloonWealth"}],"event_choices":[{"damage_healed":0.0,"max_hp_gain":0.0,"max_hp_loss":0.0,"gold_gain":0.0,"event_name":"Living Wall","player_choice":"Grow","floor":3.0,"gold_loss":0.0,"damage_taken":0.0,"cards_upgraded":["AT_KingSlayer"]},{"damage_healed":0.0,"max_hp_gain":0.0,"max_hp_loss":0.0,"gold_gain":0.0,"event_name":"Scrap Ooze","player_choice":"Success","floor":5.0,"gold_loss":0.0,"damage_taken":12.0,"relics_obtained":["AT_BladeRuinedKing"]},{"damage_healed":19.0,"max_hp_gain":0.0,"max_hp_loss":0.0,"gold_gain":0.0,"event_name":"The Cleric","player_choice":"Healed","floor":11.0,"gold_loss":35.0,"damage_taken":0.0}],"is_beta":false,"boss_relics":[],"items_purged_floors":[],"is_endless":false,"potions_floor_spawned":[2,4,7],"killed_by":"Slime Boss","ascension_level":0}}