{"host":"soyfmymeou4emntr","time":1613283504,"event":{"mods":["BaseMod","Minty Spire (QoL Compilation)","Permanent Neow","Relic Sorter","Relic Stats","StSLib"],"gold_per_floor":[110,110,124,124,145,145,184,184,261,261,62,100,121,161,161,254,254,267,267,267,267,282,311,311,311,311,343,358,393,393,427,427,507,507,527,552,578,590,608,645,702,745,745,745,784,784,798,1123,1123,1123,1123],"floor_reached":50,"language":"ENG","playtime":5137,"items_purged":[],"score":1402,"play_id":"5dbaba6b-10dd-4909-8808-dc5abca0fcca","local_time":"20210213231824","is_ascension_mode":true,"campfire_choices":[{"data":"Armaments","floor":6.0,"key":"SMITH"},{"floor":8.0,"key":"REST"},{"data":"Flame Barrier","floor":15.0,"key":"SMITH"},{"data":"Bloodletting","floor":24.0,"key":"SMITH"},{"data":"Juggernaut","floor":30.0,"key":"SMITH"},{"data":"Shockwave","floor":32.0,"key":"SMITH"},{"floor":46.0,"key":"RECALL"},{"data":"Bloodletting","floor":49.0,"key":"SMITH"}],"circlet_count":0,"master_deck":["AscendersBane","Defend_R","Defend_R","Bash","Cleave","Armaments+1","Shockwave+1","Bloodletting+1","Carnage","Flame Barrier+1","Pommel Strike","Barricade","Shrug It Off","Juggernaut+1","Bite","Bite","Bite","Bite","Bite","Metallicize+1","Inflame+1","Fire Breathing","Pommel Strike","Immolate","Reaper","Feel No Pain+1","Dark Embrace","Uppercut","Bloodletting+1","Injury","Entrench+1","Barricade"],"relics":["Burning Blood","Oddly Smooth Stone","Bloody Idol","Centennial Puzzle","Letter Opener","Lantern","Smiling Mask","Snecko Eye","Tiny Chest","Meat on the Bone","Pear","CeramicFish","Happy Flower","Cursed Key","FossilizedHelix","StrikeDummy","Mercury Hourglass","Old Coin"],"acts_visited":["Exordium","TheCity","TheBeyond"],"potions_floor_usage":[50],"damage_taken":[{"damage":0.0,"enemies":"Cultist","floor":1.0,"turns":4.0},{"damage":2.0,"enemies":"Small Slimes","floor":3.0,"turns":4.0},{"damage":0.0,"enemies":"2 Louse","floor":5.0,"turns":3.0},{"damage":33.0,"enemies":"3 Sentries","floor":7.0,"turns":7.0},{"damage":14.0,"enemies":"Lagavulin","floor":12.0,"turns":4.0},{"damage":0.0,"enemies":"Looter","floor":13.0,"turns":3.0},{"damage":11.0,"enemies":"3 Sentries","floor":14.0,"turns":6.0},{"damage":24.0,"enemies":"The Guardian","floor":16.0,"turns":16.0},{"damage":14.0,"enemies":"Shell Parasite","floor":18.0,"turns":4.0},{"damage":3.0,"enemies":"Chosen","floor":22.0,"turns":5.0},{"damage":35.0,"enemies":"Slavers","floor":23.0,"turns":7.0},{"damage":4.0,"enemies":"Book of Stabbing","floor":27.0,"turns":4.0},{"damage":10.0,"enemies":"Shelled Parasite and Fungi","floor":28.0,"turns":4.0},{"damage":43.0,"enemies":"Slavers","floor":29.0,"turns":4.0},{"damage":17.0,"enemies":"Book of Stabbing","floor":31.0,"turns":4.0},{"damage":0.0,"enemies":"Automaton","floor":33.0,"turns":11.0},{"damage":12.0,"enemies":"Orb Walker","floor":35.0,"turns":3.0},{"damage":11.0,"enemies":"3 Darklings","floor":36.0,"turns":3.0},{"damage":32.0,"enemies":"Sphere and 2 Shapes","floor":37.0,"turns":5.0},{"damage":21.0,"enemies":"Maw","floor":38.0,"turns":8.0},{"damage":41.0,"enemies":"3 Darklings","floor":39.0,"turns":5.0},{"damage":20.0,"enemies":"Nemesis","floor":40.0,"turns":7.0},{"damage":50.0,"enemies":"Giant Head","floor":42.0,"turns":8.0},{"damage":14.0,"enemies":"Nemesis","floor":45.0,"turns":7.0},{"damage":0.0,"enemies":"Sphere and 2 Shapes","floor":47.0,"turns":3.0},{"damage":3.0,"enemies":"Mind Bloom Boss Battle","floor":48.0,"turns":8.0},{"damage":93,"enemies":"Awakened One","floor":50,"turns":6}],"seed_played":"5552574335103755640","potions_obtained":[{"floor":3.0,"key":"SneckoOil"},{"floor":7.0,"key":"Fire Potion"},{"floor":16.0,"key":"Fire Potion"},{"floor":27.0,"key":"DuplicationPotion"},{"floor":29.0,"key":"DistilledChaos"},{"floor":37.0,"key":"EntropicBrew"},{"floor":39.0,"key":"SpeedPotion"},{"floor":45.0,"key":"Strength Potion"}],"is_trial":false,"path_per_floor":["M","?","M","?","M","R","E","R","T","?","$","E","M","E","R","B",null,"M","?","?","?","M","E","R","?","T","E","M","E","R","E","R","B",null,"M","M","M","M","M","E","T","E","T","T","E","R","M","?","R","B"],"character_chosen":"IRONCLAD","items_purchased":["Lantern","Flame Barrier"],"campfire_rested":1,"item_purchase_floors":[11,11],"current_hp_per_floor":[74,79,80,72,72,72,45,66,66,66,66,58,66,63,63,47,66,60,60,60,60,72,56,56,56,56,82,82,53,53,59,59,82,82,82,82,77,82,71,72,82,64,64,64,75,75,82,82,82,0,0],"gold":1123,"neow_bonus":"RANDOM_COMMON_RELIC","is_daily":false,"chose_seed":false,"campfire_upgraded":6,"win_rate":0.0,"timestamp":1613283504,"path_taken":["M","?","M","?","M","R","E","R","T","?","$","E","?","E","R","BOSS","M","?","?","?","M","E","R","?","T","E","?","E","R","E","R","BOSS","M","M","M","M","M","E","?","E","T","?","E","R","M","?","R","BOSS"],"items_purchased_type":["Relic","Card"],"build_version":"2020-12-22","purchased_purges":0,"victory":false,"max_hp_per_floor":[75,80,80,72,72,72,72,72,72,72,72,72,72,72,72,72,72,72,72,72,72,72,72,72,72,72,82,82,82,82,82,82,82,82,82,82,82,82,82,82,82,82,82,82,82,82,82,82,82,82,82],"relic_stats":{"Happy Flower":[24],"counters":[27,153],"CeramicFish":81,"Letter Opener":[132],"Smiling Mask":0,"Cursed Key":1,"Burning Blood":119,"Mercury Hourglass":[63],"Centennial Puzzle":[60],"Bloody Idol":84,"Snecko Eye":[183,181,198,223],"Tiny Chest":1,"obtain_stats":[{"Lantern":11,"Pear":27,"Happy Flower":31,"Golden Idol":4,"CeramicFish":29,"Oddly Smooth Stone":0,"Letter Opener":9,"Smiling Mask":14,"Cursed Key":34,"Burning Blood":0,"Mercury Hourglass":45,"Old Coin":48,"Blood Vial":12,"Centennial Puzzle":7,"Bloody Idol":20,"Snecko Eye":17,"Tiny Chest":23,"StrikeDummy":42,"FossilizedHelix":40,"Meat on the Bone":26},{"Lantern":4,"Pear":12,"Happy Flower":15,"Golden Idol":2,"CeramicFish":14,"Oddly Smooth Stone":0,"Letter Opener":4,"Smiling Mask":7,"Cursed Key":16,"Burning Blood":0,"Mercury Hourglass":24,"Old Coin":26,"Blood Vial":5,"Centennial Puzzle":4,"Bloody Idol":9,"Snecko Eye":8,"Tiny Chest":11,"StrikeDummy":23,"FossilizedHelix":22,"Meat on the Bone":11},{"Lantern":18,"Pear":67,"Happy Flower":79,"Golden Idol":8,"CeramicFish":75,"Oddly Smooth Stone":0,"Letter Opener":18,"Smiling Mask":31,"Cursed Key":90,"Burning Blood":0,"Mercury Hourglass":136,"Old Coin":147,"Blood Vial":22,"Centennial Puzzle":18,"Bloody Idol":51,"Snecko Eye":47,"Tiny Chest":63,"StrikeDummy":129,"FossilizedHelix":121,"Meat on the Bone":63}],"Meat on the Bone":0},"card_choices":[{"not_picked":["Wild Strike","Flex"],"picked":"Cleave","floor":1.0},{"not_picked":["Body Slam","Havoc"],"picked":"Armaments","floor":3.0},{"not_picked":["Power Through","Rage"],"picked":"Shockwave","floor":5.0},{"not_picked":["Pummel","Wild Strike"],"picked":"Bloodletting","floor":7.0},{"not_picked":["Thunderclap","Headbutt"],"picked":"Pommel Strike","floor":12.0},{"not_picked":["Perfected Strike","Havoc"],"picked":"Barricade","floor":13.0},{"not_picked":["Warcry","Intimidate"],"picked":"Shrug It Off","floor":14.0},{"not_picked":["Berserk","Demon Form"],"picked":"Juggernaut","floor":16.0},{"not_picked":["Pommel Strike","Heavy Blade+1","Battle Trance"],"picked":"SKIP","floor":18.0},{"not_picked":["Shrug It Off","Iron Wave"],"picked":"Metallicize+1","floor":22.0},{"not_picked":["Evolve","Clash"],"picked":"Inflame+1","floor":23.0},{"not_picked":["Iron Wave","Twin Strike","True Grit"],"picked":"SKIP","floor":27.0},{"not_picked":["Iron Wave","Shrug It Off","Heavy Blade"],"picked":"SKIP","floor":28.0},{"not_picked":["Iron Wave","Shrug It Off","Heavy Blade"],"picked":"SKIP","floor":28.0},{"not_picked":["Headbutt+1","Intimidate+1","Sword Boomerang+1"],"picked":"SKIP","floor":29.0},{"not_picked":["Flex","Cleave"],"picked":"Immolate","floor":31.0},{"not_picked":["Berserk","Fiend Fire"],"picked":"Reaper","floor":33.0},{"not_picked":["Shockwave","True Grit"],"picked":"Feel No Pain+1","floor":35.0},{"not_picked":["Flame Barrier","Sentinel"],"picked":"Dark Embrace","floor":36.0},{"not_picked":["Thunderclap+1","Sentinel"],"picked":"Uppercut","floor":37.0},{"not_picked":["Anger","Combust","Rampage"],"picked":"SKIP","floor":38.0},{"not_picked":["Perfected Strike","Burning Pact","Twin Strike"],"picked":"SKIP","floor":39.0},{"not_picked":["Flex","Rampage+1"],"picked":"Bloodletting","floor":40.0},{"not_picked":["Battle Trance","True Grit"],"picked":"Entrench+1","floor":42.0},{"not_picked":["Intimidate","Havoc"],"picked":"Barricade","floor":45.0},{"not_picked":["Warcry","Heavy Blade","Twin Strike"],"picked":"SKIP","floor":47.0}],"player_experience":3297325,"relics_obtained":[{"floor":7.0,"key":"Centennial Puzzle"},{"floor":9.0,"key":"Letter Opener"},{"floor":12.0,"key":"Blood Vial"},{"floor":14.0,"key":"Smiling Mask"},{"floor":23.0,"key":"Tiny Chest"},{"floor":26.0,"key":"Meat on the Bone"},{"floor":27.0,"key":"Pear"},{"floor":29.0,"key":"CeramicFish"},{"floor":31.0,"key":"Happy Flower"},{"floor":40.0,"key":"FossilizedHelix"},{"floor":42.0,"key":"StrikeDummy"},{"floor":45.0,"key":"Mercury Hourglass"},{"floor":48.0,"key":"Old Coin"}],"event_choices":[{"damage_healed":0.0,"max_hp_gain":5.0,"max_hp_loss":0.0,"gold_gain":0.0,"event_name":"Big Fish","player_choice":"Donut","floor":2.0,"gold_loss":0.0,"damage_taken":0.0},{"damage_healed":0.0,"max_hp_gain":0.0,"max_hp_loss":8.0,"gold_gain":0.0,"event_name":"Golden Idol","player_choice":"Lose Max HP","floor":4.0,"gold_loss":0.0,"damage_taken":0.0,"relics_obtained":["Golden Idol"]},{"damage_healed":0.0,"max_hp_gain":0.0,"max_hp_loss":0.0,"gold_gain":0.0,"cards_transformed":["Strike_R"],"event_name":"Transmorgrifier","player_choice":"Transformed","floor":10.0,"gold_loss":0.0,"damage_taken":0.0,"cards_obtained":["Carnage"]},{"damage_healed":0.0,"max_hp_gain":0.0,"max_hp_loss":0.0,"gold_gain":0.0,"event_name":"Ghosts","player_choice":"Ignored","floor":19.0,"gold_loss":0.0,"damage_taken":0.0},{"damage_healed":0.0,"max_hp_gain":0.0,"max_hp_loss":0.0,"gold_gain":0.0,"event_name":"Forgotten Altar","player_choice":"Gave Idol","floor":20.0,"relics_lost":["Golden Idol"],"gold_loss":0.0,"damage_taken":0.0,"relics_obtained":["Bloody Idol"]},{"damage_healed":0.0,"max_hp_gain":0.0,"max_hp_loss":0.0,"gold_gain":0.0,"event_name":"Vampires","player_choice":"Became a vampire (Vial)","floor":21.0,"relics_lost":["Blood Vial"],"gold_loss":0.0,"damage_taken":0.0,"cards_obtained":["Bite","Bite","Bite","Bite","Bite"]},{"damage_healed":0.0,"max_hp_gain":0.0,"max_hp_loss":0.0,"gold_gain":0.0,"cards_transformed":["Defend_R","Defend_R"],"event_name":"Drug Dealer","player_choice":"Became Test Subject","floor":25.0,"gold_loss":0.0,"damage_taken":0.0,"cards_obtained":["Fire Breathing","Pommel Strike"]},{"damage_healed":0.0,"max_hp_gain":0.0,"max_hp_loss":0.0,"gold_gain":0.0,"event_name":"MindBloom","player_choice":"Fight","floor":48.0,"gold_loss":0.0,"damage_taken":0.0}],"is_beta":false,"boss_relics":[{"not_picked":["Black Star","Black Blood"],"picked":"Snecko Eye"},{"not_picked":["Sozu","Tiny House"],"picked":"Cursed Key"}],"items_purged_floors":[],"is_endless":false,"potions_floor_spawned":[3,7,13,16,18,27,28,29,31,37,39,42,45,48],"killed_by":"Awakened One","ascension_level":20}}