{"host":"diogo","time":1613311442,"event":{"mods":["BaseMod","Minty Spire (QoL Compilation)","StSLib","SuperFastMode"],"gold_per_floor":[132,142,142,142,195,266,278,317,329,391,353,406,473,497,509,616,628,659,4,43,43,53,53,110,110,110,139,139,339,349,409,409,511,511,522,872,452,392,407,433,433,465,465,478,507,522,569,35,35,35],"floor_reached":51,"language":"ENG","playtime":4246,"items_purged":["Strike_G","Mind Blast","Strike_G"],"score":1240,"play_id":"8c62e7d1-20af-4df5-91ff-6e0bdbe42909","local_time":"20210214150402","daily_mods":["Allstar","Purple Cards","Elite Swarm"],"is_ascension_mode":true,"campfire_choices":[{"data":"Malaise","floor":7,"key":"SMITH"},{"data":"Envenom","floor":15,"key":"SMITH"},{"data":"Apotheosis","floor":23,"key":"SMITH"},{"floor":25,"key":"REST"},{"data":"Secret Technique","floor":28,"key":"SMITH"},{"floor":32,"key":"REST"},{"floor":41,"key":"REST"},{"floor":49,"key":"REST"}],"circlet_count":0,"master_deck":["Strike_G","Strike_G","Defend_G","Defend_G","Defend_G","Survivor","Neutralize","Bandage Up","Enlightenment","HandOfGreed","Secret Technique+1","Consecrate","SandsOfTime","Malaise+1","DeusExMachina","Envenom+1","Unload","Night Terror","Deflect+1","Apotheosis+1","SpiritShield","Adrenaline","Poisoned Stab","Die Die Die+1","Alpha","Footwork","PiercingWail+1","Alpha","Ragnarok+1","Catalyst+1","Wish","PiercingWail+1","Vault","Well Laid Plans"],"relics":["Ring of the Snake","MawBank","TungstenRod","Gremlin Horn","Bottled Lightning","Odd Mushroom","The Specimen","SlaversCollar","PreservedInsect","Sling","Prayer Wheel","Meat on the Bone","Boot","Molten Egg 2","Fusion Hammer","Old Coin","Bottled Tornado","Happy Flower","Paper Crane","Singing Bowl","Tingsha","HandDrill"],"acts_visited":["Exordium","TheCity","TheBeyond"],"potions_floor_usage":[6,12,14,16,18,22,31,40,50,50],"damage_taken":[{"damage":4,"enemies":"Jaw Worm","floor":1,"turns":2},{"damage":5,"enemies":"Cultist","floor":2,"turns":4},{"damage":0,"enemies":"2 Louse","floor":5,"turns":4},{"damage":7,"enemies":"3 Sentries","floor":6,"turns":8},{"damage":14,"enemies":"Gremlin Nob","floor":8,"turns":5},{"damage":7,"enemies":"Lagavulin","floor":10,"turns":7},{"damage":8,"enemies":"The Mushroom Lair","floor":12,"turns":4},{"damage":17,"enemies":"3 Sentries","floor":13,"turns":7},{"damage":0,"enemies":"Large Slime","floor":14,"turns":4},{"damage":31,"enemies":"Slime Boss","floor":16,"turns":12},{"damage":29,"enemies":"Spheric Guardian","floor":18,"turns":5},{"damage":5,"enemies":"Shell Parasite","floor":20,"turns":5},{"damage":34,"enemies":"Cultist and Chosen","floor":22,"turns":10},{"damage":7,"enemies":"Slavers","floor":24,"turns":4},{"damage":3,"enemies":"Book of Stabbing","floor":27,"turns":5},{"damage":10,"enemies":"Shelled Parasite and Fungi","floor":30,"turns":7},{"damage":0,"enemies":"Slavers","floor":31,"turns":3},{"damage":29,"enemies":"Automaton","floor":33,"turns":9},{"damage":0,"enemies":"Orb Walker","floor":35,"turns":2},{"damage":0,"enemies":"Mind Bloom Boss Battle","floor":36,"turns":7},{"damage":8,"enemies":"3 Shapes","floor":39,"turns":5},{"damage":14,"enemies":"Giant Head","floor":40,"turns":8},{"damage":3,"enemies":"Nemesis","floor":42,"turns":5},{"damage":0,"enemies":"Jaw Worm Horde","floor":44,"turns":2},{"damage":4,"enemies":"Giant Head","floor":45,"turns":7},{"damage":0,"enemies":"3 Darklings","floor":46,"turns":2},{"damage":24,"enemies":"Maw","floor":47,"turns":6},{"damage":21,"enemies":"Time Eater","floor":50,"turns":2}],"seed_played":"-1142962818140342430","potions_obtained":[{"floor":2,"key":"Explosive Potion"},{"floor":6,"key":"GamblersBrew"},{"floor":8,"key":"BlessingOfTheForge"},{"floor":10,"key":"EssenceOfSteel"},{"floor":14,"key":"Fruit Juice"},{"floor":20,"key":"Ancient Potion"},{"floor":24,"key":"LiquidMemories"},{"floor":33,"key":"Poison Potion"},{"floor":44,"key":"Fire Potion"},{"floor":47,"key":"SkillPotion"}],"is_trial":true,"path_per_floor":["M","M","?","?","M","E","R","E","T","E","?","?","E","M","R","B",null,"M","$","M","?","M","R","E","R","T","E","R","?","M","E","R","B",null,"M","?","$","?","M","E","R","E","T","M","E","M","M","$","R","B",null],"character_chosen":"THE_SILENT","items_purchased":["PreservedInsect","Apotheosis","Sling","SpeedPotion","PowerPotion","Footwork","Bottled Tornado","Poison Potion","Vault","Well Laid Plans","HandDrill"],"campfire_rested":4,"item_purchase_floors":[19,19,19,19,19,37,37,48,48,48,48],"current_hp_per_floor":[63,62,67,67,71,68,68,58,58,55,55,51,38,47,47,20,65,40,40,41,67,39,39,32,56,56,59,59,59,55,61,80,57,74,74,80,80,80,72,64,80,79,79,81,78,86,64,64,88,67],"gold":35,"neow_bonus":"","is_daily":false,"chose_seed":false,"campfire_upgraded":4,"win_rate":0.0,"timestamp":1613311442,"path_taken":["M","M","?","?","M","E","R","E","T","E","?","?","E","M","R","BOSS","M","$","M","?","M","R","E","R","T","E","R","?","?","E","R","BOSS","M","?","$","?","M","E","R","E","T","M","E","M","?","$","R","BOSS"],"items_purchased_type":["Relic","Card","Relic","Potion","Potion","Card","Relic","Potion","Card","Card","Relic"],"build_version":"2020-12-18","purchased_purges":3,"victory":true,"max_hp_per_floor":[70,70,75,75,75,75,75,75,75,75,75,75,75,80,80,80,80,80,80,80,80,80,80,80,80,80,80,80,80,80,80,80,80,80,80,80,80,80,80,80,80,80,80,82,82,86,88,88,88,88],"card_choices":[{"not_picked":["Weave","WheelKick"],"picked":"Consecrate","floor":1},{"not_picked":["Crescendo","Expertise"],"picked":"SandsOfTime","floor":2},{"not_picked":["Poisoned Stab","Terror","Evaluate"],"picked":"SKIP","floor":5},{"not_picked":["Night Terror","Bullet Time"],"picked":"Malaise","floor":6},{"not_picked":["Die Die Die","Brilliance"],"picked":"DeusExMachina","floor":8},{"not_picked":["Omniscience","Establishment"],"picked":"Envenom","floor":10},{"not_picked":["Malaise","A Thousand Cuts"],"picked":"Unload","floor":13},{"not_picked":["Halt","JustLucky","Flechettes"],"picked":"SKIP","floor":14},{"not_picked":["Blasphemy","Wish"],"picked":"Night Terror","floor":16},{"not_picked":["CrushJoints","Acrobatics"],"picked":"Deflect+1","floor":18},{"not_picked":["BowlingBash","Setup+1","Prostrate"],"picked":"SKIP","floor":20},{"not_picked":["FlyingSleeves","Swivel","Distraction"],"picked":"SKIP","floor":22},{"not_picked":["A Thousand Cuts","Malaise"],"picked":"SpiritShield","floor":24},{"not_picked":["Malaise","LessonLearned"],"picked":"Adrenaline","floor":27},{"not_picked":["Dagger Spray+1","Quick Slash"],"picked":"Poisoned Stab","floor":30},{"not_picked":["FlurryOfBlows+1","FlyingSleeves","Expertise"],"picked":"SKIP","floor":30},{"not_picked":["Establishment","SpiritShield"],"picked":"Die Die Die+1","floor":31},{"not_picked":["Brilliance+1","Venomology"],"picked":"Alpha","floor":33},{"not_picked":["Caltrops","Quick Slash+1","Skewer+1"],"picked":"SKIP","floor":35},{"not_picked":["Setup","Tactician+1","Concentrate"],"picked":"SKIP","floor":35},{"not_picked":["Quick Slash+1","FearNoEvil+1"],"picked":"PiercingWail+1","floor":39},{"not_picked":["EmptyFist+1","Tantrum+1","Halt"],"picked":"SKIP","floor":39},{"not_picked":["Vault","ConjureBlade"],"picked":"Alpha","floor":40},{"not_picked":["ConjureBlade","Glass Knife+1"],"picked":"Ragnarok+1","floor":42},{"not_picked":["Flying Knee+1","FlyingSleeves+1","Outmaneuver"],"picked":"Singing Bowl","floor":44},{"not_picked":["Deadly Poison+1","Tactician"],"picked":"Catalyst+1","floor":44},{"not_picked":["Phantasmal Killer","Vault"],"picked":"Wish","floor":45},{"not_picked":["PathToVictory","JustLucky+1","SashWhip+1"],"picked":"Singing Bowl","floor":46},{"not_picked":["Acrobatics+1","Backflip","Dagger Spray+1"],"picked":"Singing Bowl","floor":46},{"not_picked":["Deadly Poison+1","Tactician"],"picked":"PiercingWail+1","floor":47},{"not_picked":["Deflect","Prepared+1","DeceiveReality"],"picked":"Singing Bowl","floor":47}],"player_experience":381985,"relics_obtained":[{"floor":6,"key":"MawBank"},{"floor":8,"key":"TungstenRod"},{"floor":9,"key":"Gremlin Horn"},{"floor":10,"key":"Bottled Lightning"},{"floor":12,"key":"Odd Mushroom"},{"floor":13,"key":"The Specimen"},{"floor":24,"key":"Prayer Wheel"},{"floor":26,"key":"Meat on the Bone"},{"floor":27,"key":"Boot"},{"floor":31,"key":"Molten Egg 2"},{"floor":36,"key":"Old Coin"},{"floor":40,"key":"Happy Flower"},{"floor":42,"key":"Paper Crane"},{"floor":43,"key":"Singing Bowl"},{"floor":45,"key":"Tingsha"}],"event_choices":[{"damage_healed":0,"gold_gain":0,"player_choice":"Donut","damage_taken":0,"max_hp_gain":5,"max_hp_loss":0,"event_name":"Big Fish","floor":3,"gold_loss":0},{"cards_removed":["Strike_G"],"damage_healed":0,"gold_gain":0,"player_choice":"Forget","damage_taken":0,"max_hp_gain":0,"max_hp_loss":0,"event_name":"Living Wall","floor":4,"gold_loss":0},{"cards_removed":["Defend_G"],"damage_healed":0,"gold_gain":0,"player_choice":"Card Removal","damage_taken":0,"max_hp_gain":0,"max_hp_loss":0,"event_name":"The Cleric","floor":11,"gold_loss":50},{"damage_healed":0,"gold_gain":0,"player_choice":"Fought Mushrooms","damage_taken":0,"max_hp_gain":0,"max_hp_loss":0,"event_name":"Mushrooms","floor":12,"gold_loss":0},{"damage_healed":26,"gold_gain":0,"player_choice":"Heal","damage_taken":0,"max_hp_gain":0,"max_hp_loss":0,"event_name":"The Library","floor":21,"gold_loss":0},{"damage_healed":0,"gold_gain":200,"player_choice":"Gold","damage_taken":0,"max_hp_gain":0,"max_hp_loss":0,"event_name":"Wheel of Change","floor":29,"gold_loss":0},{"damage_healed":0,"gold_gain":0,"player_choice":"Fight","damage_taken":0,"max_hp_gain":0,"max_hp_loss":0,"event_name":"MindBloom","floor":36,"gold_loss":0},{"cards_removed":["Defend_G"],"damage_healed":0,"gold_gain":0,"player_choice":"Single Remove","damage_taken":0,"max_hp_gain":0,"max_hp_loss":0,"event_name":"Designer","floor":38,"gold_loss":60}],"is_beta":true,"boss_relics":[{"not_picked":["Astrolabe","Runic Pyramid"],"picked":"SlaversCollar"},{"not_picked":["Runic Dome","Calling Bell"],"picked":"Fusion Hammer"}],"items_purged_floors":[19,37,48],"is_endless":false,"potions_floor_spawned":[2,6,8,10,14,20,24,33,36,44,45,47],"ascension_level":9}}