{"host":"wbn3xdfsa5pc2kse","time":1613323988,"event":{"mods":["AchievementEnabler","BaseMod","Bestiary","Colored Map","Colored Powertips","Curses Come First","Highlight Path","Minty Spire (QoL Compilation)","Permanent Neow","Rare Cards Sparkle","Relic Stats","StSLib"],"gold_per_floor":[131,143,155,167,193,244,274,319,383,444,456,502,555,583,595,710,749,785,822,194,227,227,227,280,280,280,289,317,345,368,396,396,504,504,524,551,551,591,31,31,31],"floor_reached":40,"language":"ZHT","playtime":1987,"items_purged":["Strike_R","Strike_R"],"score":858,"play_id":"a0221835-6af8-43a6-b56a-68acc5e60bbb","local_time":"20210215013308","is_ascension_mode":true,"campfire_choices":[{"data":"Perfected Strike","floor":11.0,"key":"SMITH"},{"data":"Flame Barrier","floor":15.0,"key":"SMITH"},{"data":"Bash","floor":23,"key":"SMITH"},{"data":"Shrug It Off","floor":25,"key":"SMITH"},{"floor":32,"key":"REST"}],"circlet_count":0,"master_deck":["AscendersBane","Strike_R","Defend_R","Defend_R","Defend_R","Bash+1","Twin Strike+1","Dropkick","Perfected Strike+1","Flame Barrier+1","Shrug It Off+1","Offering+1","Anger+1","Exhume+1","Second Wind+1","Armaments+1","Havoc+1","True Grit+1","Shockwave+1","Flame Barrier+1","Bloodletting+1","RitualDagger+1","Flex+1","Shrug It Off+1","Blood for Blood+1","Pummel+1","Double Tap+1","Warcry+1","Heavy Blade+1","Rupture"],"relics":["Burning Blood","MawBank","Kunai","Golden Idol","FaceOfCleric","Red Skull","Self Forming Clay","CeramicFish","Toxic Egg 2","Whetstone","Astrolabe","Juzu Bracelet","Molten Egg 2","Toy Ornithopter","Potion Belt","Snecko Eye","Peace Pipe","Regal Pillow","Strange Spoon"],"acts_visited":["Exordium","TheCity","TheBeyond"],"potions_floor_usage":[18,24,30,33,40,40],"damage_taken":[{"damage":14.0,"enemies":"Jaw Worm","floor":1.0,"turns":4.0},{"damage":2.0,"enemies":"2 Louse","floor":5.0,"turns":4.0},{"damage":33.0,"enemies":"3 Sentries","floor":6.0,"turns":12.0},{"damage":1.0,"enemies":"Cultist","floor":7.0,"turns":3.0},{"damage":8.0,"enemies":"Gremlin Nob","floor":8.0,"turns":3.0},{"damage":19.0,"enemies":"Lagavulin","floor":10.0,"turns":5.0},{"damage":3.0,"enemies":"Large Slime","floor":12.0,"turns":5.0},{"damage":0.0,"enemies":"Gremlin Nob","floor":13.0,"turns":2.0},{"damage":13.0,"enemies":"3 Louse","floor":14.0,"turns":3.0},{"damage":28.0,"enemies":"The Guardian","floor":16.0,"turns":13.0},{"damage":6,"enemies":"3 Byrds","floor":18,"turns":4},{"damage":9,"enemies":"Chosen","floor":19,"turns":7},{"damage":13,"enemies":"Centurion and Healer","floor":21,"turns":6},{"damage":22,"enemies":"Slavers","floor":24,"turns":6},{"damage":31,"enemies":"Sentry and Sphere","floor":28,"turns":9},{"damage":4,"enemies":"Snake Plant","floor":29,"turns":3},{"damage":7,"enemies":"Cultist and Chosen","floor":30,"turns":4},{"damage":1,"enemies":"Centurion and Healer","floor":31,"turns":7},{"damage":47,"enemies":"Collector","floor":33,"turns":8},{"damage":0,"enemies":"3 Shapes","floor":35,"turns":9},{"damage":16,"enemies":"3 Darklings","floor":36,"turns":7},{"damage":43,"enemies":"Mind Bloom Boss Battle","floor":38,"turns":9},{"damage":47,"enemies":"Nemesis","floor":40,"turns":4}],"seed_played":"2285385877575683361","potions_obtained":[{"floor":1.0,"key":"EssenceOfSteel"},{"floor":6.0,"key":"DistilledChaos"},{"floor":8.0,"key":"LiquidBronze"},{"floor":13.0,"key":"EssenceOfSteel"},{"floor":19,"key":"Ancient Potion"},{"floor":28,"key":"LiquidMemories"},{"floor":30,"key":"PowerPotion"},{"floor":33,"key":"Strength Potion"},{"floor":36,"key":"PowerPotion"}],"is_trial":false,"path_per_floor":["M","?","?","?","M","E","M","E","T","E","R","M","E","M","R","B",null,"M","M","$","M","?","R","E","R","T","?","M","M","M","M","R","B",null,"M","M","?","?","$","E"],"character_chosen":"IRONCLAD","items_purchased":["Juzu Bracelet","Dexterity Potion","Molten Egg 2","Shockwave+1","Regal Pillow","Rupture","Swift Potion","Strange Spoon"],"campfire_rested":1,"item_purchase_floors":[20,20,20,20,39,39,39,39],"current_hp_per_floor":[60,55,55,55,60,34,40,39,39,27,27,31,38,32,32,11,61,62,60,60,54,54,54,39,39,39,33,9,12,17,23,48,13,68,75,66,66,30,30,0,0],"gold":31,"neow_bonus":"RANDOM_COMMON_RELIC","is_daily":false,"chose_seed":false,"campfire_upgraded":4,"win_rate":0.0,"timestamp":1613323988,"path_taken":["M","?","?","?","M","E","?","E","T","E","R","M","E","M","R","BOSS","M","M","$","M","?","R","E","R","T","?","M","M","M","M","R","BOSS","M","M","?","?","$","E"],"items_purchased_type":["Relic","Potion","Relic","Card","Relic","Card","Potion","Relic"],"build_version":"2020-12-22","purchased_purges":2,"victory":false,"max_hp_per_floor":[75,75,68,68,69,70,71,72,72,73,73,74,75,76,76,77,77,78,79,79,80,80,80,81,81,81,81,82,83,84,85,85,86,86,87,88,88,89,89,89,89],"relic_stats":{"Regal Pillow":0,"counters":[23,137],"Golden Idol":136,"Self Forming Clay":[141],"CeramicFish":171,"Astrolabe":["Second Wind","Armaments","Havoc"],"Juzu Bracelet":0,"Whetstone":["Twin Strike","Anger"],"MawBank":240,"Burning Blood":132,"Peace Pipe":0,"Strange Spoon":[6],"FaceOfCleric":21,"Snecko Eye":[64,65,59,55],"Kunai":[20],"obtain_stats":[{"Potion Belt":26,"Regal Pillow":39,"Golden Idol":3,"Self Forming Clay":8,"CeramicFish":9,"Astrolabe":17,"Juzu Bracelet":20,"Whetstone":13,"MawBank":0,"Burning Blood":0,"Peace Pipe":38,"Strange Spoon":39,"FaceOfCleric":4,"Snecko Eye":34,"Molten Egg 2":20,"Kunai":2,"Toxic Egg 2":10,"Red Skull":6,"Toy Ornithopter":24},{"Potion Belt":14,"Regal Pillow":22,"Golden Idol":1,"Self Forming Clay":5,"CeramicFish":5,"Astrolabe":10,"Juzu Bracelet":12,"Whetstone":8,"MawBank":0,"Burning Blood":0,"Peace Pipe":22,"Strange Spoon":22,"FaceOfCleric":1,"Snecko Eye":19,"Molten Egg 2":12,"Kunai":1,"Toxic Egg 2":6,"Red Skull":3,"Toy Ornithopter":14},{"Potion Belt":77,"Regal Pillow":133,"Golden Idol":4,"Self Forming Clay":26,"CeramicFish":26,"Astrolabe":54,"Juzu Bracelet":65,"Whetstone":38,"MawBank":0,"Burning Blood":0,"Peace Pipe":133,"Strange Spoon":133,"FaceOfCleric":4,"Snecko Eye":108,"Molten Egg 2":65,"Kunai":4,"Toxic Egg 2":31,"Red Skull":20,"Toy Ornithopter":77}],"Toy Ornithopter":20},"card_choices":[{"not_picked":["Perfected Strike","Shrug It Off"],"picked":"Twin Strike","floor":1.0},{"not_picked":["Feel No Pain","Sword Boomerang"],"picked":"Dropkick","floor":5.0},{"not_picked":["Shrug It Off","Blood for Blood"],"picked":"Perfected Strike","floor":6.0},{"not_picked":["Clothesline","Thunderclap"],"picked":"Flame Barrier","floor":7.0},{"not_picked":["Twin Strike","Combust"],"picked":"Shrug It Off","floor":8.0},{"not_picked":["Iron Wave","Perfected Strike"],"picked":"Offering+1","floor":10.0},{"not_picked":["Headbutt","Perfected Strike"],"picked":"Anger","floor":12.0},{"not_picked":["Pummel","Body Slam","Clothesline"],"picked":"SKIP","floor":13.0},{"not_picked":["Dropkick","Searing Blow","Cleave"],"picked":"SKIP","floor":14.0},{"not_picked":["Brutality","Fiend Fire"],"picked":"Exhume+1","floor":16.0},{"not_picked":["Armaments+1","Pummel+1"],"picked":"True Grit+1","floor":18},{"not_picked":["Havoc+1","Body Slam","Heavy Blade"],"picked":"SKIP","floor":19},{"not_picked":["Havoc+1","Sever Soul+1"],"picked":"Flame Barrier+1","floor":21},{"not_picked":["Metallicize","Reckless Charge+1"],"picked":"Bloodletting+1","floor":24},{"not_picked":["Shockwave+1","Iron Wave+1"],"picked":"Flex+1","floor":28},{"not_picked":["Havoc+1","Second Wind+1"],"picked":"Shrug It Off+1","floor":29},{"not_picked":["Havoc+1","Warcry+1"],"picked":"Blood for Blood+1","floor":30},{"not_picked":["Inflame","Rampage+1"],"picked":"Pummel+1","floor":31},{"not_picked":["Exhume+1","Immolate+1"],"picked":"Double Tap+1","floor":33},{"not_picked":["Headbutt+1","Iron Wave+1","Havoc+1"],"picked":"SKIP","floor":35},{"not_picked":["Havoc+1","Iron Wave+1"],"picked":"Warcry+1","floor":36},{"not_picked":["Sever Soul+1","Rampage+1"],"picked":"Heavy Blade+1","floor":38}],"player_experience":813808,"relics_obtained":[{"floor":6.0,"key":"Red Skull"},{"floor":8.0,"key":"Self Forming Clay"},{"floor":9.0,"key":"CeramicFish"},{"floor":10.0,"key":"Toxic Egg 2"},{"floor":13.0,"key":"Whetstone"},{"floor":24,"key":"Toy Ornithopter"},{"floor":26,"key":"Potion Belt"},{"floor":38,"key":"Peace Pipe"}],"event_choices":[{"damage_healed":0.0,"max_hp_gain":0.0,"max_hp_loss":0.0,"gold_gain":0.0,"event_name":"Scrap Ooze","player_choice":"Success","floor":2.0,"gold_loss":0.0,"damage_taken":5.0,"relics_obtained":["Kunai"]},{"damage_healed":0.0,"max_hp_gain":0.0,"max_hp_loss":7.0,"gold_gain":0.0,"event_name":"Golden Idol","player_choice":"Lose Max HP","floor":3.0,"gold_loss":0.0,"damage_taken":0.0,"relics_obtained":["Golden Idol"]},{"damage_healed":0.0,"max_hp_gain":0.0,"max_hp_loss":0.0,"gold_gain":0.0,"event_name":"FaceTrader","player_choice":"Trade","floor":4.0,"gold_loss":0.0,"damage_taken":0.0,"relics_obtained":["FaceOfCleric"]},{"damage_healed":0,"gold_gain":0,"player_choice":"Ignored","damage_taken":0,"max_hp_gain":0,"max_hp_loss":0,"event_name":"Ghosts","floor":22,"gold_loss":0},{"damage_healed":0,"gold_gain":0,"player_choice":"Joined the Cult","damage_taken":6,"max_hp_gain":0,"max_hp_loss":0,"event_name":"Nest","floor":27,"gold_loss":0,"cards_obtained":["RitualDagger"]},{"damage_healed":0,"gold_gain":0,"player_choice":"Ignored","damage_taken":0,"max_hp_gain":0,"max_hp_loss":0,"event_name":"Tomb of Lord Red Mask","floor":37,"gold_loss":0},{"damage_healed":0,"gold_gain":0,"player_choice":"Fight","damage_taken":0,"max_hp_gain":0,"max_hp_loss":0,"event_name":"MindBloom","floor":38,"gold_loss":0}],"is_beta":false,"boss_relics":[{"not_picked":["SacredBark","Tiny House"],"picked":"Astrolabe"},{"not_picked":["Mark of Pain","SlaversCollar"],"picked":"Snecko Eye"}],"items_purged_floors":[20,39],"is_endless":false,"potions_floor_spawned":[1,6,8,13,14,19,28,30,33,36],"killed_by":"Nemesis","ascension_level":16}}