{"host":"zlmf7uudqr1sj8t0","time":1613279075,"event":{"mods":["BaseMod","Colored Map","DeckTracker","Highlight Path","Minty Spire (QoL Compilation)","Practice Mode"],"gold_per_floor":[117,192,192,205,205,205,205],"floor_reached":6,"language":"ENG","playtime":337,"items_purged":[],"score":37,"play_id":"9370bb23-1117-4cb8-ad4a-c3fb5c3d55b9","local_time":"20210213210435","is_ascension_mode":true,"campfire_choices":[],"circlet_count":0,"master_deck":["Strike_B","Strike_B","Strike_B","Strike_B","Defend_B","Defend_B","Defend_B","Defend_B","Zap","Dualcast","Enlightenment","Defragment","Injury","Regret"],"relics":["Cracked Core","Golden Idol","Prayer Wheel"],"acts_visited":["Exordium"],"potions_floor_usage":[],"damage_taken":[{"damage":3,"enemies":"2 Louse","floor":1,"turns":4},{"damage":12,"enemies":"Small Slimes","floor":4,"turns":3},{"damage":49,"enemies":"Gremlin Nob","floor":6,"turns":4}],"seed_played":"-8008157100714238629","potions_obtained":[{"floor":4,"key":"SpeedPotion"}],"is_trial":false,"path_per_floor":["M","?","?","M","?","E"],"character_chosen":"DEFECT","items_purchased":[],"campfire_rested":0,"item_purchase_floors":[],"current_hp_per_floor":[72,61,61,49,49,0,0],"gold":205,"neow_bonus":"RANDOM_COLORLESS","is_daily":false,"chose_seed":false,"campfire_upgraded":0,"win_rate":0.0,"timestamp":1613279075,"path_taken":["M","?","?","M","?","E"],"items_purchased_type":[],"build_version":"2020-12-22","purchased_purges":0,"victory":false,"max_hp_per_floor":[75,75,75,75,75,75,75],"card_choices":[{"not_picked":["Deep Breath","Finesse"],"picked":"Enlightenment","floor":0},{"not_picked":["Redo","Beam Cell"],"picked":"Defragment","floor":1},{"not_picked":["Undo","Reinforced Body","Go for the Eyes"],"picked":"SKIP","floor":4}],"player_experience":124004,"relics_obtained":[],"event_choices":[{"damage_healed":0,"gold_gain":75,"player_choice":"Gather Gold","damage_taken":11,"max_hp_gain":0,"max_hp_loss":0,"event_name":"World of Goop","floor":2,"gold_loss":0},{"damage_healed":0,"gold_gain":0,"player_choice":"Take Wound","damage_taken":0,"relics_obtained":["Golden Idol"],"max_hp_gain":0,"max_hp_loss":0,"event_name":"Golden Idol","floor":3,"gold_loss":0,"cards_obtained":["Injury"]},{"damage_healed":0,"gold_gain":0,"player_choice":"Box","damage_taken":0,"relics_obtained":["Prayer Wheel"],"max_hp_gain":0,"max_hp_loss":0,"event_name":"Big Fish","floor":5,"gold_loss":0,"cards_obtained":["Regret"]}],"is_beta":false,"boss_relics":[],"items_purged_floors":[],"is_endless":false,"potions_floor_spawned":[4],"killed_by":"Gremlin Nob","ascension_level":2}}