{"host":"o9lehcdjc4u6j9un","time":1613313918,"event":{"mods":["Aspiration","BaseMod","Better-Laid Plans","Colored Map","Downfall","Gremlin Mod","Hermit","Marisa£®ÏF”Í°°ƒß¿Ì…≥£©","Minty Spire (QoL Compilation)","Reimu£®≤©¿ˆ¡È√Œ£©","Remilia£®¿Ÿ√◊¿Ú—«£©","StSLib","The Alterego","The Hierophant","The Runesmith","The Senshi","The Servant 0.9.4","Yakumo Yukari mod","Youmu£®ªÍ∆«—˝√Œ£©","≤–¡Ù÷ÆŒÔ"],"gold_per_floor":[119,137,152,172,132,132,132],"floor_reached":6,"language":"ZHS","playtime":365,"items_purged":[],"score":38,"play_id":"d89ccf29-f3b7-45f1-ba97-3eb959ace151","local_time":"20210214224518","is_ascension_mode":false,"campfire_choices":[],"circlet_count":0,"master_deck":["Strike_G","Strike_G","Strike_G","Strike_G","Strike_G","Defend_G","Defend_G","Defend_G","Defend_G","Defend_G","Survivor","Neutralize","Poisoned Stab","Deadly Poison"],"relics":["Ring of the Snake","aspiration:DSix","PaintedHorse:ReiMu"],"acts_visited":["Exordium"],"potions_floor_usage":[],"damage_taken":[{"damage":2,"enemies":"Cultist","floor":1,"turns":4},{"damage":2,"enemies":"2 Louse","floor":2,"turns":3},{"damage":0,"enemies":"Small Slimes","floor":3,"turns":3},{"damage":18,"enemies":"Exordium Wildlife","floor":4,"turns":7},{"damage":17,"enemies":"Gremlin Nob","floor":6,"turns":5}],"seed_played":"6687170411237700709","potions_obtained":[{"floor":1,"key":"LiquidBronze"}],"is_trial":false,"path_per_floor":["M","M","M","M","?","E"],"character_chosen":"THE_SILENT","items_purchased":[],"campfire_rested":0,"item_purchase_floors":[],"current_hp_per_floor":[68,66,66,48,48,31,31],"gold":132,"neow_bonus":"DSIX","is_daily":false,"chose_seed":false,"campfire_upgraded":0,"win_rate":0.0,"timestamp":1613313918,"path_taken":["M","?","?","M","?","E"],"items_purchased_type":[],"build_version":"2020-12-22","purchased_purges":0,"victory":false,"max_hp_per_floor":[70,70,70,70,70,70,70],"card_choices":[{"not_picked":["Slice","Quick Slash"],"picked":"Poisoned Stab","floor":1},{"not_picked":["Prepared","Flechettes","All Out Attack"],"picked":"SKIP","floor":2},{"not_picked":["Tools of the Trade","All Out Attack"],"picked":"Deadly Poison","floor":3},{"not_picked":["Calculated Gamble","Dagger Throw","Deflect"],"picked":"SKIP","floor":4}],"player_experience":299683,"relics_obtained":[],"event_choices":[{"damage_healed":0,"gold_gain":0,"player_choice":"»˚«Æ","damage_taken":0,"relics_obtained":["PaintedHorse:ReiMu"],"max_hp_gain":0,"max_hp_loss":0,"event_name":"yidonshenshe","floor":5,"gold_loss":40}],"is_beta":false,"boss_relics":[],"items_purged_floors":[],"is_endless":false,"potions_floor_spawned":[1],"killed_by":"Gremlin Nob","ascension_level":0}}