{"host":"KYO","time":1613278787,"event":{"mods":["ATMod(°¢èªMod)","BaseMod","Minty Spire (QoL Compilation)","Permanent Neow","Shop Mod","StSLib","SuperFastMode","TestMod","[IsaacMod]ÒÔÈö¼âËþ","¡¾ÒÅÎï¿¨ÅÆ¡¿REMEMod"],"gold_per_floor":[13,23,39,59,74,74,74],"floor_reached":6,"language":"ZHS","playtime":253,"items_purged":[],"score":80,"play_id":"1c382f16-412d-4496-a71b-660d79223d3e","local_time":"20210214125947","is_ascension_mode":true,"campfire_choices":[],"circlet_count":0,"master_deck":["AscendersBane","Strike_B","Strike_B","Strike_B","Strike_B","Defend_B","Defend_B","Defend_B","Defend_B","Zap+1","Dualcast+1","Defragment+1","Defragment+1","REME_DataAnalysis","Hologram","Self Repair+1"],"relics":["Cracked Core","HushsDoor","AT_ATBox","REME_ComplimentaryCards","testmod-TestBox","testmod-BloodSacrificeSpiritualization","Chaos","AT_GuinsooRageblade"],"acts_visited":["Exordium"],"potions_floor_usage":[6],"damage_taken":[{"damage":2,"enemies":"Cultist","floor":1,"turns":4},{"damage":15,"enemies":"Small Slimes","floor":2,"turns":3},{"damage":14,"enemies":"Jaw Worm","floor":3,"turns":3},{"damage":14,"enemies":"Looter","floor":4,"turns":3},{"damage":7,"enemies":"2 Fungi Beasts","floor":5,"turns":3},{"damage":7,"enemies":"Lagavulin","floor":6,"turns":3}],"seed_played":"8807737196374455241","potions_obtained":[{"floor":1,"key":"Dexterity Potion"},{"floor":3,"key":"Ancient Potion"}],"is_trial":false,"path_per_floor":["M","M","M","M","M","E"],"character_chosen":"DEFECT","items_purchased":[],"campfire_rested":0,"item_purchase_floors":[],"current_hp_per_floor":[62,47,33,19,12,5,5],"gold":74,"neow_bonus":"ONE_RARE_RELIC","is_daily":false,"chose_seed":false,"campfire_upgraded":0,"win_rate":0.0,"timestamp":1613278787,"path_taken":["M","M","M","?","M","E"],"items_purchased_type":[],"build_version":"2020-12-18","purchased_purges":0,"victory":false,"max_hp_per_floor":[71,71,71,71,71,71,71],"card_choices":[{"not_picked":["AT_WarpDrive","Stack"],"picked":"REME_DataAnalysis","floor":1},{"not_picked":["Gash","Hologram","Aggregate"],"picked":"SKIP","floor":2},{"not_picked":["Streamline","Fusion","Redo"],"picked":"SKIP","floor":3},{"not_picked":["Leap","FTL"],"picked":"Hologram","floor":4},{"not_picked":["Reboot","Ball Lightning"],"picked":"Self Repair","floor":5}],"player_experience":776375,"relics_obtained":[],"event_choices":[],"is_beta":true,"boss_relics":[],"items_purged_floors":[],"is_endless":false,"potions_floor_spawned":[1,3,4,5],"killed_by":"Lagavulin","ascension_level":20}}