{"host":"xp5rvh2jwe2ejyfm","time":1613334773,"event":{"mods":["2.2 Compatiblity","Aspiration","BaseMod","Better Altar","Better Match","Better Note","Better Sensory Stone","Better Skull","BetterRewards","Colored Powertips","Conspire","Downfall","GifTheSpireLib","Gremlin Mod","GungeonMod","Hermit","Hubris","Jorbs\u0027s Wanderer Trilogy","Minty Spire (QoL Compilation)","Potionbrewer","Quick Restart","Replay The Spire","Robot Space Explorer","Shade Mod","Somnambulant","StSLib","The Bug Knight","The Clintock","The Construct","The Cursed","The Disciple","The Forsaken","The Hierophant","The Necromancer","The Runesmith","The Servant 0.9.4","The Valiant","The Witch","TheFirefly","thorton"],"gold_per_floor":[111,63,76,94,113,144,144,163,190,190,205,219,219,219,219,316,316,326,344,141,141,160,186,186,186,186,37,53,53,71,90,90,90,90],"floor_reached":33,"language":"ENG","playtime":1356,"items_purged":[],"score":421,"play_id":"677bb2b5-4490-446c-96ae-2cea0c00d582","local_time":"20210214153253","is_ascension_mode":false,"campfire_choices":[{"floor":7,"key":"RECALL"},{"data":"Shade:PressTheAttack","floor":10,"key":"SMITH"},{"data":"Shade:Bonestorm","floor":13,"key":"SMITH"},{"data":"Shade:AnimateDead","floor":15,"key":"SMITH"},{"floor":24,"key":"REST"},{"floor":32,"key":"REST"}],"circlet_count":0,"master_deck":["Shade:Strike_Shade","Shade:Strike_Shade","Shade:Defend_Shade","Shade:Defend_Shade","Shade:Defend_Shade","Shade:Defend_Shade","Shade:AnimateDead+1","Shade:CarefulCut","Shade:PressTheAttack+1","Shade:WallOfFlesh","Shade:CommandSoldier","Shade:CommandSoldier","Shade:WallOfFlesh","Shade:ScuttlingHand","Shade:AncientSpear","Shade:Bonestorm+1","Shade:Brains","Shade:OpenGraves+1","Shade:Putrefaction","Shade:FreshBones","Shade:Carnophage+1","Shade:Bonestorm","Shade:Trample","Shade:Carnophage","Shade:SkeletonHug+1","Shade:ScuttlingHand","Shade:FingerOfDeath","Shade:RitualOffering","Shade:RavenousHorde","J.A.X.","Shade:Brains","Shade:FreshBones+1","Shade:CloudOfShrapnel"],"relics":["Shade:YorickSkull","DemoMod:ClearGuonStone","conspire:RoyalGoblet","Orrery","DemoMod:PinkGuonStone","Huge Egg","Boot","NlothsMask"],"acts_visited":["Exordium","TheCity"],"potions_floor_usage":[4,6,22,23,33],"damage_taken":[{"damage":0,"enemies":"Jaw Worm","floor":1,"turns":4},{"damage":0,"enemies":"Small Slimes","floor":3,"turns":3},{"damage":0,"enemies":"Cultist","floor":4,"turns":2},{"damage":0,"enemies":"2 Fungi Beasts","floor":5,"turns":4},{"damage":18,"enemies":"3 Sentries","floor":6,"turns":10},{"damage":0,"enemies":"3 Louse","floor":8,"turns":3},{"damage":7,"enemies":"Lots of Slimes","floor":11,"turns":3},{"damage":0,"enemies":"Blue Slaver","floor":12,"turns":3},{"damage":0,"enemies":"Fading Forest","floor":16,"turns":11},{"damage":0,"enemies":"2 Thieves","floor":18,"turns":5},{"damage":8,"enemies":"Shell Parasite","floor":19,"turns":4},{"damage":14,"enemies":"Snecko","floor":22,"turns":4},{"damage":27,"enemies":"Gremlin Leader","floor":23,"turns":8},{"damage":5,"enemies":"Centurion and Healer","floor":28,"turns":6},{"damage":3,"enemies":"conspire:HollyBat","floor":30,"turns":8},{"damage":31,"enemies":"3 Cultists","floor":31,"turns":6},{"damage":26,"enemies":"Pondfish","floor":33,"turns":9}],"seed_played":"-3461379264443629983","potions_obtained":[{"floor":1,"key":"potionbrewer:NoxiousPotion"},{"floor":3,"key":"AttackPotion"},{"floor":11,"key":"potionbrewer:BarricadePotion"},{"floor":12,"key":"Swift Potion"},{"floor":22,"key":"hexamod:SoulburnPotion"},{"floor":30,"key":"potionbrewer:InfectionPotion"}],"is_trial":false,"path_per_floor":["M","$","M","M","M","E","R","M","T","R","M","M","R","?","R","B",null,"M","M","$","?","M","E","R","?","T","$","M","?","M","M","R","B"],"character_chosen":"SHADE","items_purchased":["Shade:WallOfFlesh","Shade:CommandSoldier","Shade:Bonestorm","Orrery","Boot"],"campfire_rested":2,"item_purchase_floors":[0,2,20,20,27],"current_hp_per_floor":[65,65,65,65,65,47,47,47,47,47,40,40,40,40,40,40,65,65,57,57,57,43,23,44,44,44,44,39,39,36,5,26,0,0],"gold":90,"neow_bonus":"","is_daily":false,"chose_seed":false,"campfire_upgraded":3,"win_rate":0.0,"timestamp":1613334773,"path_taken":["M","$","M","M","M","E","R","M","T","R","M","M","R","?","R","BOSS","M","M","$","?","M","E","R","?","T","$","M","?","M","M","R","BOSS"],"items_purchased_type":["Card","Card","Card","Relic","Relic"],"build_version":"2020-12-22","purchased_purges":0,"victory":false,"max_hp_per_floor":[65,65,65,65,65,65,65,65,65,65,65,65,65,65,65,65,65,65,65,65,65,65,72,72,72,72,72,72,72,72,72,72,72,72],"card_choices":[{"not_picked":["Shade:Frenzy","Shade:TouchOfTheGrave"],"picked":"Shade:CommandSoldier","floor":1},{"not_picked":["Shade:FeralStrike","Shade:AncientSpear","Shade:ClawBack"],"picked":"SKIP","floor":3},{"not_picked":["Shade:Trample","Shade:LoseControl"],"picked":"Shade:WallOfFlesh","floor":4},{"not_picked":["Shade:Asphyxiate","Shade:Patience"],"picked":"Shade:ScuttlingHand","floor":5},{"not_picked":["Shade:OminousRitual","Shade:CoffinDance"],"picked":"Shade:AncientSpear","floor":6},{"not_picked":["Shade:CommandSoldier","Shade:RavenousHorde"],"picked":"Shade:Bonestorm","floor":8},{"not_picked":["Shade:SoulPierce","Shade:GreyBargain"],"picked":"Shade:Brains","floor":11},{"not_picked":["Shade:CommandSoldier","Shade:SkeletonHug"],"picked":"Shade:OpenGraves","floor":12},{"not_picked":["Shade:MadHubris","Shade:SoulPierce"],"picked":"Shade:Putrefaction","floor":16},{"not_picked":["Shade:AblativeArmor","Shade:Frenzy"],"picked":"Shade:FreshBones","floor":18},{"not_picked":["Shade:CommandSoldier+1","Shade:SensePrey"],"picked":"Shade:Carnophage+1","floor":19},{"not_picked":["Shade:FeralStrike","Shade:FreshBones"],"picked":"Shade:Trample","floor":20},{"not_picked":["Shade:DarkOfNight","Shade:Premonition+1"],"picked":"Shade:Carnophage","floor":20},{"not_picked":["Shade:Premonition+1","Shade:ExtraLimbs"],"picked":"Shade:SkeletonHug+1","floor":20},{"not_picked":["Shade:AncientSpear","Shade:GreyBargain"],"picked":"Shade:ScuttlingHand","floor":20},{"not_picked":["Shade:Premonition","Shade:FeralStrike"],"picked":"Shade:FingerOfDeath","floor":20},{"not_picked":["Shade:Carnophage","Shade:GreyBargain"],"picked":"Shade:RitualOffering","floor":22},{"not_picked":["Shade:CoffinDance+1","Shade:GreyBargain+1"],"picked":"Shade:RavenousHorde","floor":23},{"not_picked":["Shade:Excise","Shade:FleshOffering"],"picked":"Shade:Brains","floor":28},{"not_picked":["Shade:FleshToFlesh","Shade:SoulToxin"],"picked":"Shade:FreshBones+1","floor":30},{"not_picked":["Shade:DangerousRitual","Shade:FeralStrike"],"picked":"Shade:CloudOfShrapnel","floor":31}],"player_experience":510587,"relics_obtained":[{"floor":6,"key":"DemoMod:ClearGuonStone"},{"floor":23,"key":"DemoMod:PinkGuonStone"},{"floor":26,"key":"Huge Egg"}],"event_choices":[{"damage_healed":0,"gold_gain":0,"player_choice":"Grow","damage_taken":0,"max_hp_gain":0,"max_hp_loss":0,"event_name":"Living Wall","floor":14,"gold_loss":0,"cards_upgraded":["Shade:OpenGraves"]},{"damage_healed":0,"gold_gain":0,"player_choice":"Ignored","damage_taken":0,"max_hp_gain":0,"max_hp_loss":0,"event_name":"betterNote:BetterNote","floor":21,"gold_loss":0,"cards_obtained":["hermit:Headshot"]},{"damage_healed":0,"gold_gain":0,"player_choice":"Obtain J.A.X.","damage_taken":0,"max_hp_gain":0,"max_hp_loss":0,"event_name":"Drug Dealer","floor":25,"gold_loss":0,"cards_obtained":["J.A.X."]},{"damage_healed":0,"gold_gain":0,"player_choice":"Trade","damage_taken":0,"relics_obtained":["NlothsMask"],"max_hp_gain":0,"max_hp_loss":0,"event_name":"FaceTrader","floor":29,"gold_loss":0}],"is_beta":false,"boss_relics":[{"not_picked":["conspire:RunicOctahedron","aspiration:RunesmithSkillbook"],"picked":"conspire:RoyalGoblet"}],"items_purged_floors":[],"is_endless":false,"potions_floor_spawned":[1,3,11,12,22,30],"killed_by":"Pondfish","ascension_level":0}}