{"host":"nb0njn8rev1rbh86","time":1613267009,"event":{"mods":["BaseMod","Colored Map","Colored Powertips","Minty Spire (QoL Compilation)","Reliquary","StSLib","The Marked"],"gold_per_floor":[119,69,69,69,69,98,98,114,164,164,38,38,67,91,91,192,192,211,29,46,145,158,158,168,168,168,168,68,85,85,100,100,199,199,210,85,85,85,101,135,146,146,171,183,198,198,3,14,14,14],"floor_reached":51,"language":"ENG","playtime":2023,"items_purged":["theMarked:Strike","theMarked:Strike","theMarked:Strike","theMarked:Improvise+1"],"score":758,"play_id":"7a64ac06-7d2e-4f13-ada7-5a1ad0f040f7","local_time":"20210214024329","is_ascension_mode":false,"campfire_choices":[{"data":"theMarked:RogueSparks","floor":7,"key":"SMITH"},{"data":"theMarked:ParalyzingBlade","floor":10,"key":"SMITH"},{"data":"theMarked:SoldierOfQuellstein","floor":12,"key":"SMITH"},{"data":"theMarked:Improvise","floor":15,"key":"SMITH"},{"data":"theMarked:EmpowerWeapon","floor":23,"key":"SMITH"},{"data":"theMarked:BindingBlade","floor":25,"key":"SMITH"},{"data":"theMarked:Defy","floor":27,"key":"SMITH"},{"floor":32,"key":"REST"},{"data":"theMarked:WardOff","floor":42,"key":"SMITH"},{"floor":46,"key":"REST"},{"floor":49,"key":"REST"}],"circlet_count":0,"master_deck":["theMarked:Defend","theMarked:Defend+1","theMarked:Defend+1","theMarked:SoldierOfQuellstein+1","theMarked:WardOff","theMarked:RogueSparks+1","theMarked:SwordAndMagic","theMarked:ParalyzingBlade+1","theMarked:EmpowerWeapon+1","theMarked:Static+1","theMarked:Defy+1","theMarked:ChainLightning","theMarked:WardOff+1","theMarked:BindingBlade+1","theMarked:MysticalArsenal+1","theMarked:Heritage+1","theMarked:OneWithTheBlade+1","theMarked:SwordAndMagic"],"relics":["theMarked:ArtifactOfAir","reliquary:FeatherDuster","FossilizedHelix","Akabeko","Lizard Tail","Odd Mushroom","theMarked:SpiritSword","War Paint","Oddly Smooth Stone","Empty Cage","reliquary:PrincelyHelmet","Strawberry"],"acts_visited":["Exordium","TheCity","TheBeyond"],"potions_floor_usage":[6,13,13,14,16,22,22,29,33,40,45,48,50],"damage_taken":[{"damage":3,"enemies":"Small Slimes","floor":1,"turns":4},{"damage":12,"enemies":"3 Sentries","floor":6,"turns":10},{"damage":0,"enemies":"2 Louse","floor":8,"turns":2},{"damage":0,"enemies":"Lagavulin","floor":13,"turns":5},{"damage":0,"enemies":"The Mushroom Lair","floor":14,"turns":3},{"damage":0,"enemies":"Hexaghost","floor":16,"turns":9},{"damage":15,"enemies":"Spheric Guardian","floor":18,"turns":5},{"damage":0,"enemies":"Shell Parasite","floor":20,"turns":4},{"damage":0,"enemies":"3 Cultists","floor":22,"turns":3},{"damage":2,"enemies":"Centurion and Healer","floor":24,"turns":5},{"damage":7,"enemies":"Shelled Parasite and Fungi","floor":29,"turns":5},{"damage":0,"enemies":"Snecko","floor":31,"turns":4},{"damage":5,"enemies":"Automaton","floor":33,"turns":8},{"damage":3,"enemies":"Orb Walker","floor":35,"turns":4},{"damage":0,"enemies":"3 Shapes","floor":39,"turns":5},{"damage":2,"enemies":"Giant Head","floor":40,"turns":7},{"damage":18,"enemies":"3 Darklings","floor":41,"turns":6},{"damage":4,"enemies":"Spire Growth","floor":44,"turns":5},{"damage":19,"enemies":"4 Shapes","floor":45,"turns":5},{"damage":12,"enemies":"Maw","floor":48,"turns":6},{"damage":67,"enemies":"Donu and Deca","floor":50,"turns":10}],"seed_played":"-1639371337491122817","potions_obtained":[{"floor":1,"key":"Energy Potion"},{"floor":8,"key":"Ancient Potion"},{"floor":13,"key":"EntropicBrew"},{"floor":14,"key":"Explosive Potion"},{"floor":20,"key":"ColorlessPotion"},{"floor":22,"key":"GamblersBrew"},{"floor":29,"key":"SneckoOil"},{"floor":31,"key":"SkillPotion"},{"floor":39,"key":"GamblersBrew"},{"floor":41,"key":"LiquidBronze"},{"floor":45,"key":"Fire Potion"},{"floor":48,"key":"SkillPotion"}],"is_trial":false,"path_per_floor":["M","?","?","$","?","E","R","M","T","R","$","R","E","?","R","B",null,"M","$","M","?","M","R","M","R","T","R","$","M","?","M","R","B",null,"M","$","?","$","M","E","M","R","T","M","M","R","$","M","R","B",null],"character_chosen":"THE_DEFAULT","items_purchased":["theMarked:EmpowerWeapon","War Paint","theMarked:WardOff","theMarked:SwordAndMagic"],"campfire_rested":3,"item_purchase_floors":[11,19,19,47],"current_hp_per_floor":[67,67,60,60,60,48,48,48,48,48,48,48,48,48,48,48,70,55,55,55,55,55,55,53,53,53,53,53,46,46,46,67,62,70,67,67,67,67,67,65,47,47,54,50,31,54,54,42,65,38],"gold":14,"neow_bonus":"THREE_CARDS","is_daily":false,"chose_seed":false,"campfire_upgraded":8,"win_rate":0.0,"timestamp":1613267009,"path_taken":["M","?","?","$","?","E","R","?","T","R","?","R","E","?","R","BOSS","M","$","M","?","M","R","M","R","T","R","$","M","?","?","R","BOSS","M","$","?","$","M","E","M","R","T","M","M","R","$","M","R","BOSS"],"items_purchased_type":["Card","Relic","Card","Card"],"build_version":"2020-12-22","purchased_purges":4,"victory":true,"max_hp_per_floor":[70,70,70,70,70,70,70,70,70,70,70,70,70,70,70,70,70,70,70,70,70,70,70,70,70,70,70,70,70,70,70,70,70,70,70,70,70,70,70,70,70,70,77,77,77,77,77,77,77,77],"card_choices":[{"not_picked":["theMarked:TakeCover","theMarked:ResourceFulStrike"],"picked":"theMarked:WardOff","floor":0},{"not_picked":["theMarked:Overcharge","theMarked:ChainLightning"],"picked":"theMarked:RogueSparks","floor":1},{"not_picked":["theMarked:Overthink","theMarked:ShockingTouch"],"picked":"theMarked:SwordAndMagic","floor":6},{"not_picked":["theMarked:ElectricStrings","theMarked:ChainLightning"],"picked":"theMarked:ParalyzingBlade","floor":8},{"not_picked":["theMarked:Friction","theMarked:TunnelVision"],"picked":"theMarked:Static","floor":13},{"not_picked":["theMarked:ChainLightning","theMarked:Panic"],"picked":"theMarked:Improvise","floor":14},{"not_picked":["theMarked:UnarmedFury","theMarked:Levitate"],"picked":"theMarked:Defy","floor":16},{"not_picked":["theMarked:TakeCover","theMarked:AttractMetal"],"picked":"theMarked:ChainLightning","floor":18},{"not_picked":["theMarked:WardOff+1","theMarked:Electrify","theMarked:CreepingChasm"],"picked":"SKIP","floor":20},{"not_picked":["theMarked:HeightenedSenses","theMarked:Improvise","theMarked:ResourceFulStrike"],"picked":"SKIP","floor":22},{"not_picked":["theMarked:Improvise","theMarked:ChainLightning+1"],"picked":"theMarked:BindingBlade","floor":24},{"not_picked":["theMarked:ChainLightning+1","theMarked:Static+1","theMarked:HeightenedSenses+1"],"picked":"SKIP","floor":29},{"not_picked":["theMarked:Electrify","theMarked:WardOff","theMarked:SwordAndMagic"],"picked":"SKIP","floor":31},{"not_picked":["theMarked:Convert+1","theMarked:ElectricStrings"],"picked":"theMarked:MysticalArsenal+1","floor":35},{"not_picked":["theMarked:Aftermath","theMarked:Determination","theMarked:Improvise+1"],"picked":"SKIP","floor":39},{"not_picked":["theMarked:Overcharge+1","theMarked:Panic+1","theMarked:EmpowerWeapon+1"],"picked":"SKIP","floor":40},{"not_picked":["theMarked:TakeCover+1","theMarked:ShockingTouch"],"picked":"theMarked:Heritage+1","floor":41},{"not_picked":["theMarked:Improvise+1","theMarked:WardOff+1","theMarked:RepellingDischarge"],"picked":"SKIP","floor":44},{"not_picked":["theMarked:ResourceFulStrike","theMarked:ChannelForce+1"],"picked":"theMarked:OneWithTheBlade+1","floor":45},{"not_picked":["theMarked:WastefulAttack","theMarked:HeightenedSenses+1","theMarked:Static+1"],"picked":"SKIP","floor":48}],"player_experience":397702,"relics_obtained":[{"floor":6,"key":"FossilizedHelix"},{"floor":9,"key":"Akabeko"},{"floor":13,"key":"Lizard Tail"},{"floor":14,"key":"Odd Mushroom"},{"floor":26,"key":"Oddly Smooth Stone"},{"floor":40,"key":"reliquary:PrincelyHelmet"},{"floor":43,"key":"Strawberry"}],"event_choices":[{"cards_removed":["theMarked:Strike"],"damage_healed":0,"gold_gain":0,"player_choice":"Card Removal","damage_taken":0,"max_hp_gain":0,"max_hp_loss":0,"event_name":"The Cleric","floor":2,"gold_loss":50},{"damage_healed":0,"gold_gain":0,"player_choice":"Success","damage_taken":7,"relics_obtained":["reliquary:FeatherDuster"],"max_hp_gain":0,"max_hp_loss":0,"event_name":"Scrap Ooze","floor":3,"gold_loss":0},{"damage_healed":0,"gold_gain":0,"player_choice":"Ignored","damage_taken":0,"max_hp_gain":0,"max_hp_loss":0,"event_name":"Liars Game","floor":5,"gold_loss":0},{"damage_healed":0,"gold_gain":0,"player_choice":"Fought Mushrooms","damage_taken":0,"max_hp_gain":0,"max_hp_loss":0,"event_name":"Mushrooms","floor":14,"gold_loss":0},{"damage_healed":0,"gold_gain":99,"player_choice":"Stole From Cult","damage_taken":0,"max_hp_gain":0,"max_hp_loss":0,"event_name":"Nest","floor":21,"gold_loss":0},{"damage_healed":0,"gold_gain":0,"player_choice":"Upgraded","damage_taken":0,"max_hp_gain":0,"max_hp_loss":0,"event_name":"Upgrade Shrine","floor":30,"gold_loss":0,"cards_upgraded":["theMarked:Static"]},{"damage_healed":0,"gold_gain":0,"player_choice":"Ignored","damage_taken":0,"max_hp_gain":0,"max_hp_loss":0,"event_name":"NoteForYourself","floor":37,"gold_loss":0}],"is_beta":false,"boss_relics":[{"not_picked":["Runic Dome","Fusion Hammer"],"picked":"theMarked:SpiritSword"},{"not_picked":["theMarked:BronzeBlade","reliquary:WritOfMandamus"],"picked":"Empty Cage"}],"items_purged_floors":[11,28,36,47],"is_endless":false,"potions_floor_spawned":[1,8,13,14,20,22,29,31,39,41,45,48],"ascension_level":0}}