{"host":"kwyq3wo3fj8d4s27","time":1613342115,"event":{"mods":["AchievementEnabler","BaseMod","Colored Map","Highlight Path","Minty Spire (QoL Compilation)","StSLib"],"gold_per_floor":[111,111,123,123,4414,4449,4461,4491,4573,4605,4662,4662,4682,4699,4699,4802,4802,4813,5013,4327,4346,4346,4376,4376,4406,4429,4464,4480,4493,4068,4088,4088,4186,4186,4203,4250,3977,0,5000,5034,5034,5064,5064,5078,4727,4727,4757,4776,4776,4776],"floor_reached":51,"language":"ENG","playtime":2555,"items_purged":["Strike_P","Strike_P","SashWhip","Defend_P","Defend_P"],"score":1285,"play_id":"86406f23-21cb-40e1-a519-512879f02b36","local_time":"20210214143515","is_ascension_mode":true,"campfire_choices":[{"data":"LikeWater","floor":12,"key":"SMITH"},{"data":"PathToVictory","floor":15,"key":"SMITH"},{"data":"LikeWater","floor":24,"key":"SMITH"},{"data":"DeusExMachina","floor":32,"key":"SMITH"},{"data":"Madness","floor":41,"key":"SMITH"},{"floor":46,"key":"DIG"},{"floor":49,"key":"DIG"}],"circlet_count":0,"master_deck":["Defend_P","Defend_P","Vigilance","LikeWater+1","Sanctity","DeusExMachina+1","LikeWater+1","Study+1","PathToVictory+1","DevaForm+1","LikeWater+1","EmptyBody","MasterReality+1","MentalFortress+1","Madness","Madness+1","LikeWater+1","EmptyMind+1"],"relics":["PureWater","NeowsBlessing","Bag of Marbles","Whetstone","ClockworkSouvenir","Letter Opener","Lizard Tail","Frozen Egg 2","Calipers","Regal Pillow","Sozu","Potion Belt","FossilizedHelix","Sling","Orichalcum","Tiny Chest","Oddly Smooth Stone","Pen Nib","Membership Card","Bronze Scales","Ginger","Empty Cage","Girya","Bag of Preparation","Eternal Feather","Red Mask","Art of War","Strawberry","Nunchaku","Shovel","Juzu Bracelet","Bird Faced Urn","Kunai","Toy Ornithopter"],"acts_visited":["Exordium","TheCity","TheBeyond"],"potions_floor_usage":[5],"damage_taken":[{"damage":0,"enemies":"Jaw Worm","floor":1,"turns":1},{"damage":0,"enemies":"Small Slimes","floor":3,"turns":1},{"damage":0,"enemies":"3 Sentries","floor":6,"turns":2},{"damage":0,"enemies":"2 Louse","floor":7,"turns":2},{"damage":33,"enemies":"Gremlin Nob","floor":8,"turns":3},{"damage":0,"enemies":"Lagavulin","floor":10,"turns":4},{"damage":61,"enemies":"Gremlin Nob","floor":11,"turns":4},{"damage":20,"enemies":"Gremlin Gang","floor":13,"turns":4},{"damage":3,"enemies":"Blue Slaver","floor":14,"turns":3},{"damage":16,"enemies":"The Guardian","floor":16,"turns":7},{"damage":42,"enemies":"2 Thieves","floor":18,"turns":3},{"damage":12,"enemies":"3 Byrds","floor":21,"turns":4},{"damage":21,"enemies":"Gremlin Leader","floor":23,"turns":5},{"damage":23,"enemies":"Slavers","floor":25,"turns":7},{"damage":37,"enemies":"Gremlin Leader","floor":27,"turns":5},{"damage":0,"enemies":"Snecko","floor":28,"turns":5},{"damage":0,"enemies":"Chosen and Byrds","floor":29,"turns":7},{"damage":0,"enemies":"Snake Plant","floor":31,"turns":4},{"damage":0,"enemies":"Automaton","floor":33,"turns":11},{"damage":8,"enemies":"3 Darklings","floor":35,"turns":5},{"damage":71,"enemies":"2 Orb Walkers","floor":36,"turns":7},{"damage":0,"enemies":"Giant Head","floor":40,"turns":7},{"damage":7,"enemies":"Nemesis","floor":42,"turns":5},{"damage":0,"enemies":"Orb Walker","floor":44,"turns":4},{"damage":0,"enemies":"Giant Head","floor":47,"turns":6},{"damage":11,"enemies":"Jaw Worm Horde","floor":48,"turns":3},{"damage":0,"enemies":"Donu and Deca","floor":50,"turns":5}],"seed_played":"-5943491828934649890","potions_obtained":[],"is_trial":false,"path_per_floor":["M","?","M","T","$","E","M","E","T","E","?","R","M","M","R","B",null,"M","?","$","M","?","E","R","E","T","E","M","M","$","M","R","B",null,"M","?","$","?","?","E","R","E","T","M","$","R","E","M","R","B",null],"character_chosen":"WATCHER","items_purchased":["Sanctity","Bag of Marbles","Whetstone","ClockworkSouvenir","EntropicBrew","Potion Belt","FossilizedHelix","Sling","Membership Card","Bronze Scales","Ginger","Bag of Preparation","Eternal Feather","LikeWater+1","Shovel","Juzu Bracelet"],"campfire_rested":0,"item_purchase_floors":[5,5,5,5,5,20,20,20,30,30,30,37,37,45,45,45],"current_hp_per_floor":[72,65,65,65,65,65,65,32,32,32,72,72,52,49,49,33,72,72,72,72,60,60,39,39,72,72,35,35,35,35,35,35,35,72,64,61,61,61,52,52,61,61,61,61,61,70,79,70,79,79],"gold":4776,"neow_bonus":"THREE_ENEMY_KILL","is_daily":false,"chose_seed":false,"campfire_upgraded":5,"win_rate":0.0,"timestamp":1613342115,"path_taken":["M","?","M","?","$","E","M","E","T","E","?","R","M","M","R","BOSS","M","?","$","?","?","E","R","E","T","E","M","M","$","M","R","BOSS","M","?","$","?","?","E","R","E","T","M","$","R","E","M","R","BOSS"],"items_purchased_type":["Card","Relic","Relic","Relic","Potion","Relic","Relic","Relic","Relic","Relic","Relic","Relic","Relic","Card","Relic","Relic"],"build_version":"2020-12-22","purchased_purges":5,"victory":true,"max_hp_per_floor":[72,72,72,72,72,72,72,72,72,72,72,72,72,72,72,72,72,72,72,72,72,72,72,72,72,72,72,72,72,72,72,72,72,72,72,72,72,72,72,72,72,79,79,79,79,79,79,79,79,79],"card_choices":[{"not_picked":["ClearTheMind","WreathOfFlame","FlyingSleeves"],"picked":"SKIP","floor":1},{"not_picked":["Nirvana","FlurryOfBlows"],"picked":"LikeWater","floor":3},{"not_picked":["CutThroughFate","Protect","Wallop"],"picked":"SKIP","floor":6},{"not_picked":["Prostrate","FlurryOfBlows"],"picked":"DeusExMachina","floor":7},{"not_picked":["Crescendo","CutThroughFate"],"picked":"LikeWater","floor":8},{"not_picked":["FollowUp","WreathOfFlame","Fasting2+1"],"picked":"SKIP","floor":10},{"not_picked":["FollowUp","Prostrate"],"picked":"Study+1","floor":11},{"not_picked":["Wallop","Pray","JustLucky"],"picked":"SKIP","floor":13},{"not_picked":["Crescendo","Evaluate"],"picked":"PathToVictory","floor":14},{"not_picked":["JustLucky+1","Evaluate","Consecrate"],"picked":"SKIP","floor":18},{"not_picked":["Evaluate","Sanctity","SignatureMove"],"picked":"SKIP","floor":21},{"not_picked":["Halt","JustLucky+1","ConjureBlade"],"picked":"SKIP","floor":23},{"not_picked":["Brilliance","Evaluate"],"picked":"DevaForm+1","floor":25},{"not_picked":["SashWhip+1","ReachHeaven","PathToVictory"],"picked":"SKIP","floor":27},{"not_picked":["Protect","Vengeance"],"picked":"LikeWater+1","floor":28},{"not_picked":["WreathOfFlame+1","FearNoEvil","Swivel"],"picked":"SKIP","floor":29},{"not_picked":["Worship","CutThroughFate"],"picked":"EmptyBody","floor":31},{"not_picked":["Judgement","ConjureBlade"],"picked":"MasterReality+1","floor":33},{"not_picked":["Conclude+1","FlurryOfBlows","SignatureMove"],"picked":"SKIP","floor":35},{"not_picked":["DeceiveReality+1","PathToVictory"],"picked":"MentalFortress+1","floor":36},{"not_picked":["Prostrate+1","BowlingBash+1","CrushJoints+1"],"picked":"SKIP","floor":40},{"not_picked":["Crescendo","ThirdEye+1","TalkToTheHand"],"picked":"SKIP","floor":42},{"not_picked":["FlurryOfBlows+1","Adaptation+1","Weave+1"],"picked":"SKIP","floor":44},{"not_picked":["JustLucky","Perseverance+1"],"picked":"EmptyMind+1","floor":47},{"not_picked":["CrushJoints","JustLucky+1","Crescendo+1"],"picked":"SKIP","floor":48}],"player_experience":29156,"relics_obtained":[{"floor":6,"key":"Letter Opener"},{"floor":8,"key":"Lizard Tail"},{"floor":9,"key":"Frozen Egg 2"},{"floor":10,"key":"Calipers"},{"floor":23,"key":"Orichalcum"},{"floor":25,"key":"Tiny Chest"},{"floor":26,"key":"Oddly Smooth Stone"},{"floor":27,"key":"Pen Nib"},{"floor":36,"key":"Girya"},{"floor":40,"key":"Art of War"},{"floor":42,"key":"Strawberry"},{"floor":43,"key":"Nunchaku"},{"floor":46,"key":"Bird Faced Urn"},{"floor":47,"key":"Kunai"},{"floor":49,"key":"Toy Ornithopter"}],"event_choices":[{"cards_removed":["Strike_P"],"damage_healed":0,"gold_gain":0,"player_choice":"Card Removal","damage_taken":7,"max_hp_gain":0,"max_hp_loss":0,"event_name":"Golden Wing","floor":2,"gold_loss":0},{"damage_healed":0,"gold_gain":0,"player_choice":"Searched \u00272\u0027 times","damage_taken":0,"relics_obtained":["Regal Pillow"],"max_hp_gain":0,"max_hp_loss":0,"event_name":"Dead Adventurer","floor":11,"gold_loss":0},{"damage_healed":0,"gold_gain":200,"player_choice":"Gold","damage_taken":0,"max_hp_gain":0,"max_hp_loss":0,"event_name":"Wheel of Change","floor":19,"gold_loss":0},{"damage_healed":0,"gold_gain":0,"player_choice":"1 cards matched","damage_taken":0,"max_hp_gain":0,"max_hp_loss":0,"event_name":"Match and Keep!","floor":22,"gold_loss":0,"cards_obtained":["SashWhip"]},{"damage_healed":0,"gold_gain":0,"player_choice":"Fight","damage_taken":0,"max_hp_gain":0,"max_hp_loss":0,"event_name":"Mysterious Sphere","floor":36,"gold_loss":0},{"damage_healed":0,"gold_gain":0,"player_choice":"Paid","damage_taken":0,"relics_obtained":["Red Mask"],"max_hp_gain":0,"max_hp_loss":0,"event_name":"Tomb of Lord Red Mask","floor":38,"gold_loss":3977},{"damage_healed":0,"gold_gain":0,"player_choice":"Embrace Madness","damage_taken":9,"max_hp_gain":0,"max_hp_loss":0,"event_name":"Winding Halls","floor":39,"gold_loss":0,"cards_obtained":["Madness","Madness"]}],"is_beta":false,"boss_relics":[{"not_picked":["Velvet Choker","Philosopher\u0027s Stone"],"picked":"Sozu"},{"not_picked":["Calling Bell","VioletLotus"],"picked":"Empty Cage"}],"items_purged_floors":[5,20,30,37,45],"is_endless":false,"potions_floor_spawned":[6,7,11,14,16,18,23,31,33,36,47,48],"ascension_level":2}}