{"host":"d5i1qeb9dejicw1z","time":1613282915,"event":{"mods":["AchievementEnabler","BaseMod","Better Note","BetterRewards","Evolution","Gold Saver","Minty Spire (QoL Compilation)","Permanent Neow","Relic Filter Mod","Reliquary","StSLib"],"gold_per_floor":[699,774,393,413,413,413,432,452,452,236,236,248,264,274,274,369,369,382,398,398,398,415,290,290,290,316,316,316],"floor_reached":27,"language":"ENG","playtime":878,"items_purged":["Strike_R","Defend_R","Infernal Blade"],"score":318,"play_id":"515a8fb5-b921-4ffa-a3c9-77fcc16f6167","local_time":"20210213220835","is_ascension_mode":true,"campfire_choices":[{"data":"Shrug It Off","floor":6,"key":"SMITH"},{"data":"Spot Weakness","floor":11,"key":"SMITH"},{"floor":15,"key":"REST"},{"data":"Metallicize","floor":24,"key":"SMITH"}],"circlet_count":0,"master_deck":["AscendersBane","Strike_R","Strike_R","Strike_R","Strike_R","Defend_R","Defend_R","Defend_R","Shrug It Off+1","Clash","Clash","Spot Weakness+1","Metallicize+1","Shrug It Off","Feed","Clash","Shrug It Off","Echo Form+1","Demon Form"],"relics":["Burning Blood","EVO:Axolotl","ClockworkSouvenir","GremlinMask","reliquary:RedPaperclip","Nunchaku"],"acts_visited":["Exordium","TheCity"],"potions_floor_usage":[5,16,16,18],"damage_taken":[{"damage":5,"enemies":"2 Louse","floor":1,"turns":4},{"damage":5,"enemies":"Small Slimes","floor":4,"turns":4},{"damage":0,"enemies":"Cultist","floor":7,"turns":4},{"damage":13,"enemies":"Blue Slaver","floor":8,"turns":4},{"damage":15,"enemies":"Exordium Thugs","floor":12,"turns":5},{"damage":12,"enemies":"Looter","floor":13,"turns":4},{"damage":11,"enemies":"Red Slaver","floor":14,"turns":2},{"damage":17,"enemies":"Slime Boss","floor":16,"turns":9},{"damage":19,"enemies":"Chosen","floor":18,"turns":7},{"damage":4,"enemies":"Shell Parasite","floor":19,"turns":3},{"damage":5,"enemies":"Snecko","floor":22,"turns":7},{"damage":77,"enemies":"Gremlin Leader","floor":27,"turns":4}],"seed_played":"-5507030624338135775","potions_obtained":[{"floor":4,"key":"EntropicBrew"},{"floor":8,"key":"PowerPotion"},{"floor":16,"key":"DuplicationPotion"}],"is_trial":false,"path_per_floor":["M","?","$","M","?","R","M","M","T","$","R","M","M","M","R","B",null,"M","M","?","?","M","$","R","?","T","E"],"character_chosen":"IRONCLAD","items_purchased":["ClockworkSouvenir","Blood Vial","Clash","Spot Weakness"],"campfire_rested":1,"item_purchase_floors":[3,3,10,10],"current_hp_per_floor":[73,62,62,65,65,65,73,68,68,68,68,61,57,54,78,69,77,64,66,66,66,67,67,67,67,67,0,0],"gold":316,"neow_bonus":"UPGRADE_CARD","is_daily":false,"chose_seed":false,"campfire_upgraded":3,"win_rate":0.0,"timestamp":1613282915,"path_taken":["M","?","$","M","?","R","M","?","T","$","R","M","M","M","R","BOSS","M","M","?","?","?","$","R","?","T","E"],"items_purchased_type":["Relic","Relic","Card","Card"],"build_version":"2020-12-22","purchased_purges":3,"victory":false,"max_hp_per_floor":[80,80,80,80,80,80,80,80,80,80,80,80,80,80,80,80,80,80,80,80,80,80,80,80,80,80,80,80],"card_choices":[{"not_picked":["Warcry","Clothesline","Headbutt"],"picked":"SKIP","floor":1},{"not_picked":["Armaments","Carnage"],"picked":"Shrug It Off","floor":4},{"not_picked":["Reckless Charge","Feel No Pain"],"picked":"Clash","floor":7},{"not_picked":["Wild Strike","Body Slam","True Grit"],"picked":"SKIP","floor":8},{"not_picked":["Shockwave","Pummel"],"picked":"Metallicize","floor":12},{"not_picked":["Flex","Reaper"],"picked":"Shrug It Off","floor":13},{"not_picked":["Seeing Red","Sentinel","Pommel Strike"],"picked":"SKIP","floor":14},{"not_picked":["Corruption","Offering"],"picked":"Feed","floor":16},{"not_picked":["Wild Strike","Headbutt+1"],"picked":"Clash","floor":18},{"not_picked":["Entrench+1","Heavy Blade"],"picked":"Shrug It Off","floor":19},{"not_picked":["Sword Boomerang+1","Shrug It Off","Anger+1"],"picked":"SKIP","floor":22}],"player_experience":1235897,"relics_obtained":[{"floor":9,"key":"Meat on the Bone"},{"floor":26,"key":"Nunchaku"}],"event_choices":[{"damage_healed":0,"gold_gain":75,"player_choice":"Gather Gold","damage_taken":11,"max_hp_gain":0,"max_hp_loss":0,"event_name":"World of Goop","floor":2,"gold_loss":0},{"damage_healed":0,"gold_gain":0,"player_choice":"Trade","damage_taken":0,"relics_obtained":["GremlinMask"],"max_hp_gain":0,"max_hp_loss":0,"event_name":"FaceTrader","floor":5,"gold_loss":0},{"cards_removed":["Echo Form"],"damage_healed":0,"gold_gain":0,"player_choice":"Take \u0026 Give","damage_taken":0,"max_hp_gain":0,"max_hp_loss":0,"event_name":"betterNote:BetterNote","floor":20,"gold_loss":0,"cards_obtained":["Echo Form"]},{"damage_healed":0,"gold_gain":0,"cards_transformed":["Bash"],"player_choice":"Transformed","damage_taken":0,"max_hp_gain":0,"max_hp_loss":0,"event_name":"Transmorgrifier","floor":21,"gold_loss":0,"cards_obtained":["Infernal Blade"]},{"damage_healed":0,"gold_gain":0,"player_choice":"Read","damage_taken":0,"max_hp_gain":0,"max_hp_loss":0,"event_name":"The Library","floor":25,"gold_loss":0,"cards_obtained":["Demon Form"]}],"is_beta":false,"boss_relics":[{"not_picked":["Coffee Dripper","Busted Crown"],"picked":"reliquary:RedPaperclip"}],"items_purged_floors":[3,10,23],"is_endless":false,"potions_floor_spawned":[4,8,16],"killed_by":"Gremlin Leader","ascension_level":11}}