{"host":"m1rjttoroz33xrz1","time":1613333643,"event":{"mods":["BaseMod","Colored Map","Downfall","Hermit","Mad Scientist","Marisa????????","Minty Spire (QoL Compilation)","StSLib","The Construct","The Cursed","The Druid","The Jungle","The Servant 0.9.4"],"gold_per_floor":[99,119,28,178,191,91,91,118,18,41,341,341,341,358,369,473,473,473,484,496,20,20,20,75,75,89,89,99,99,99,132,142,247,247,247,261,271,101,148,148,148,248,282,282,282,300,300,300,318,318],"floor_reached":51,"language":"ENG","playtime":8068,"items_purged":[],"score":741,"play_id":"50305071-314f-4a9d-91ef-3507825724e8","local_time":"20210214151403","is_ascension_mode":false,"campfire_choices":[{"floor":1.0,"key":"RECALL"},{"data":"bronze:Defend","floor":6.0,"key":"SMITH"},{"data":"bronze:GetLatest","floor":9.0,"key":"SMITH"},{"data":"bronze:Replicate","floor":12.0,"key":"SMITH"},{"data":"bronze:HardenedForm","floor":18.0,"key":"SMITH"},{"data":"bronze:Optimize","floor":23.0,"key":"SMITH"},{"floor":25.0,"key":"REST"},{"data":"bronze:Safeguard","floor":30.0,"key":"SMITH"},{"data":"bronze:SpaghettiCode","floor":35.0,"key":"SMITH"},{"data":"bronze:BurnOut","floor":47.0,"key":"SMITH"}],"circlet_count":0,"master_deck":["bronze:Strike+1","bronze:Strike","bronze:Strike+1","bronze:Strike+1","bronze:Defend+1","bronze:Defend","bronze:Defend","bronze:Defend","bronze:Replicate+1","bronze:Goto","bronze:DelayedGuard","bronze:MaxOutput","bronze:Optimize+1","downfall:Icky","bronze:Repair","bronze:GetLatest+1","CurseOfTheBell","CurseOfTheBell","bronze:HardenedForm+1","Swift Strike+1","bronze:CleanCode","bronze:Mutator+1","bronze:Safeguard+1","bronze:ChosenStrike+1","bronze:HardenedForm","bronze:Allocate+1","bronze:Boost+1","bronze:Backtrace","bronze:GetLatest+1","bronze:SpaghettiCode+1","bronze:Fortify+1","bronze:BurnOut+1","bronze:ChildClass+1","Wraith","bronze:Format","bronze:CloningBeam+1","bronze:Shell"],"relics":["bronze:BronzeCore","downfall:HeartBlessingRed","bronze:CableSpool","Dream Catcher","downfall:HeartBlessingGreen","Guardian:PocketSentry","downfall:ExtraCursedBell","Potion Belt","Singing Bowl","Old Coin","SacredBark","ClockworkSouvenir","construct:RocketBooster","Whetstone","Turnip","Nunchaku","bronze:MakeshiftBattery","Ancient Tea Set","Thread and Needle","bronze:SilverBullet","White Beast Statue","Juzu Bracelet","construct:FoamFinger"],"acts_visited":["Exordium","TheCity","TheBeyond"],"potions_floor_usage":[50,50,50,50],"damage_taken":[{"damage":0.0,"enemies":"Cultist","floor":2.0,"turns":4.0},{"damage":0.0,"enemies":"downfall:FleeingMerchant","floor":3.0,"turns":4.0},{"damage":2.0,"enemies":"Jaw Worm","floor":5.0,"turns":6.0},{"damage":2.0,"enemies":"3 Sentries","floor":8.0,"turns":11.0},{"damage":0.0,"enemies":"Small Slimes","floor":14.0,"turns":2.0},{"damage":0.0,"enemies":"2 Fungi Beasts","floor":15.0,"turns":3.0},{"damage":5.0,"enemies":"SI_SHIV_ARCHETYPE","floor":16.0,"turns":10.0},{"damage":6.0,"enemies":"3 Byrds","floor":19.0,"turns":8.0},{"damage":9.0,"enemies":"Centurion and Healer","floor":20.0,"turns":8.0},{"damage":0.0,"enemies":"downfall:FleeingMerchant","floor":21.0,"turns":4.0},{"damage":8.0,"enemies":"Cultist and Chosen","floor":26.0,"turns":5.0},{"damage":0.0,"enemies":"Snecko","floor":28.0,"turns":4.0},{"damage":7.0,"enemies":"Book of Stabbing","floor":31.0,"turns":5.0},{"damage":11.0,"enemies":"Centurion and Healer","floor":32.0,"turns":6.0},{"damage":62.0,"enemies":"DF_ARCHETYPE_CLAW","floor":33.0,"turns":11.0},{"damage":0.0,"enemies":"3 Shapes","floor":36.0,"turns":4.0},{"damage":0.0,"enemies":"Orb Walker","floor":37.0,"turns":2.0},{"damage":0.0,"enemies":"downfall:FleeingMerchant","floor":38.0,"turns":4.0},{"damage":21.0,"enemies":"2 Orb Walkers","floor":39.0,"turns":5.0},{"damage":0.0,"enemies":"downfall:LadyInBlue","floor":42.0,"turns":9.0},{"damage":11.0,"enemies":"Giant Head","floor":43.0,"turns":7.0},{"damage":0.0,"enemies":"3 Darklings","floor":46.0,"turns":3.0},{"damage":0.0,"enemies":"Sphere and 2 Shapes","floor":49.0,"turns":2.0},{"damage":2,"enemies":"WA_ARCHETYPE_DIVINITY","floor":50,"turns":10}],"seed_played":"-8779520770959024579","potions_obtained":[{"floor":5.0,"key":"EssenceOfSteel"},{"floor":8.0,"key":"Explosive Potion"},{"floor":14.0,"key":"bronze:BurnAndBuffPotion"},{"floor":15.0,"key":"SteroidPotion"},{"floor":20.0,"key":"bronze:BurnAndBuffPotion"},{"floor":28.0,"key":"LiquidMemories"},{"floor":37.0,"key":"bronze:CleanCodePotion"},{"floor":39.0,"key":"sneckomod:MuddlingPotion"},{"floor":42.0,"key":"construct:ShiftPotion"},{"floor":42.0,"key":"CultistPotion"},{"floor":42.0,"key":"Strength Potion"},{"floor":42.0,"key":"PowerPotion"},{"floor":43.0,"key":"SpeedPotion"},{"floor":46.0,"key":"DistilledChaos"},{"floor":49.0,"key":"PowerPotion"}],"is_trial":false,"path_per_floor":["R","M","$","?","M","R","T","E","R","T","?","R","?","M","M","B",null,"R","M","M","$","?","R","T","R","M","?","M","T","R","E","M","B",null,"R","M","M","$","?","?","T","?","E","?","?","M","R","?","M","B",null],"character_chosen":"THE_AUTOMATON","items_purchased":["bronze:Optimize","ClockworkSouvenir","construct:RocketBooster","Ancient Tea Set"],"campfire_rested":1,"item_purchase_floors":[3,21,21,38],"current_hp_per_floor":[77,77,77,77,75,75,75,77,77,77,77,77,77,79,79,74,79,79,79,78,79,64,64,64,84,81,81,81,81,81,84,83,31,84,84,86,86,86,75,75,75,84,77,77,77,77,77,77,87,86],"gold":318,"neow_bonus":"TEN_PERCENT_HP_BONUS","is_daily":false,"chose_seed":false,"campfire_upgraded":8,"win_rate":0.0,"timestamp":1613333643,"path_taken":["R","M","$","?","M","R","T","E","R","?","?","R","?","M","M","BOSS","R","M","M","?","?","R","T","R","M","?","?","?","R","E","M","BOSS","R","M","M","$","?","?","T","?","E","?","?","M","R","?","M","BOSS"],"items_purchased_type":["Card","Relic","Relic","Relic"],"build_version":"2020-12-22","purchased_purges":0,"victory":true,"max_hp_per_floor":[77,77,77,77,77,77,77,77,77,77,77,77,77,79,79,79,79,79,79,79,79,84,84,84,84,84,84,84,84,84,84,84,84,84,84,86,86,86,86,86,86,88,88,88,88,88,88,88,88,88],"card_choices":[{"not_picked":["bronze:Frontload","bronze:OilSpill"],"picked":"bronze:DelayedGuard","floor":2.0},{"not_picked":["bronze:Branch","bronze:DigitalCarnage"],"picked":"bronze:MaxOutput","floor":3.0},{"not_picked":["bronze:ForLoop","bronze:BitShift"],"picked":"bronze:Repair","floor":5.0},{"not_picked":["bronze:Shield","bronze:Repulsor"],"picked":"bronze:GetLatest","floor":8.0},{"not_picked":["bronze:Repair","bronze:DelayedGuard","bronze:Invalidate"],"picked":"Singing Bowl","floor":14.0},{"not_picked":["bronze:NullPointer","bronze:Frontload"],"picked":"bronze:CleanCode","floor":15.0},{"not_picked":["bronze:Break","bronze:BurnOut"],"picked":"bronze:Mutator","floor":16.0},{"not_picked":["bronze:DarkDash","bronze:WildBeam"],"picked":"bronze:Safeguard","floor":19.0},{"not_picked":["bronze:Overheat","bronze:Iterate"],"picked":"bronze:ChosenStrike+1","floor":20.0},{"not_picked":["bronze:Overheat","bronze:DelayedSlice"],"picked":"bronze:WhirlingStrike+1","floor":21.0},{"not_picked":["bronze:WildBeam","bronze:DelayedSlice"],"picked":"bronze:HardenedForm","floor":25.0},{"not_picked":["bronze:OilSpill","bronze:DelayedGuard"],"picked":"bronze:Allocate+1","floor":26.0},{"not_picked":["bronze:CutThrough","bronze:Repulsor"],"picked":"bronze:Boost+1","floor":28.0},{"not_picked":["bronze:Repulsor","bronze:BuggyMess+1"],"picked":"bronze:Backtrace","floor":31.0},{"not_picked":["bronze:Deprecate","bronze:DigitalCarnage"],"picked":"bronze:GetLatest","floor":32.0},{"not_picked":["bronze:Virus","bronze:AlphaBuild"],"picked":"bronze:SpaghettiCode","floor":33.0},{"not_picked":["bronze:Turbo","bronze:Iterate+1","bronze:Allocate"],"picked":"Singing Bowl","floor":36.0},{"not_picked":["bronze:BugBarrage+1","bronze:DigitalCarnage+1"],"picked":"bronze:Fortify","floor":37.0},{"not_picked":["bronze:Optimize","bronze:Overheat"],"picked":"bronze:BurnOut","floor":38.0},{"not_picked":["bronze:Invalidate+1","bronze:Overheat+1"],"picked":"bronze:ChildClass+1","floor":39.0},{"not_picked":["bronze:Branch+1","bronze:Shield","bronze:WildBeam"],"picked":"Singing Bowl","floor":42.0},{"not_picked":["bronze:Philosophize","bronze:Virus"],"picked":"bronze:Format","floor":43.0},{"not_picked":["bronze:Overheat","bronze:FineTuning"],"picked":"bronze:CloningBeam+1","floor":46.0},{"not_picked":["bronze:GetLatest","bronze:Repair+1"],"picked":"bronze:Shell","floor":49.0}],"player_experience":1692163,"relics_obtained":[{"floor":7.0,"key":"bronze:CableSpool"},{"floor":8.0,"key":"Dream Catcher"},{"floor":10.0,"key":"Guardian:PocketSentry"},{"floor":11.0,"key":"Potion Belt"},{"floor":11.0,"key":"Singing Bowl"},{"floor":11.0,"key":"Old Coin"},{"floor":24.0,"key":"Whetstone"},{"floor":29.0,"key":"Turnip"},{"floor":31.0,"key":"Nunchaku"},{"floor":39.0,"key":"Thread and Needle"},{"floor":41.0,"key":"bronze:SilverBullet"},{"floor":42.0,"key":"White Beast Statue"},{"floor":43.0,"key":"Juzu Bracelet"},{"floor":48.0,"key":"construct:FoamFinger"}],"event_choices":[{"damage_healed":0.0,"max_hp_gain":0.0,"max_hp_loss":0.0,"gold_gain":0.0,"event_name":"Mysterious Sphere","player_choice":"Fight","floor":39.0,"gold_loss":0.0,"damage_taken":0.0},{"damage_healed":0.0,"max_hp_gain":0.0,"max_hp_loss":0.0,"gold_gain":0.0,"event_name":"OrinTheCat","player_choice":"Ignored","floor":40.0,"gold_loss":0.0,"damage_taken":0.0},{"cards_removed":["bronze:WhirlingStrike"],"damage_healed":0.0,"max_hp_gain":0.0,"max_hp_loss":0.0,"gold_gain":0.0,"event_name":"Falling","player_choice":"Removed Attack","floor":44.0,"gold_loss":0.0,"damage_taken":0.0}],"is_beta":false,"boss_relics":[{"not_picked":["Pandora\u0027s Box","construct:ClawGrip"],"picked":"SacredBark"},{"not_picked":["Snecko Eye","Runic Dome"],"picked":"bronze:MakeshiftBattery"}],"items_purged_floors":[],"is_endless":false,"potions_floor_spawned":[5,8,14,15,20,28,37,39,42,43,46,49],"ascension_level":0}}