{"host":"bp3tm7tvk8nf4kb2","time":1613267721,"event":{"mods":["2.2 Compatiblity","AchievementEnabler","BaseMod","Bestiary","Better Match","Better Third Choice","BetterRewards","Colored Map","Colored Powertips","Curses Come First","DeckTracker","Downfall","Duelist Mod","Friendly Minions","Googly Eyes","Halation","Highlight Path","Marisa????????","Minty Spire (QoL Compilation)","Morshu Shopkeeper - ENHANCED","Permanent Neow","Quick Restart","Rare Cards Sparkle","Reorder Act Four","Replay The Spire","Shop Mod","Spicy Shops","StSLib","The Animator","TheBandit","Waifu the Spire","Wide Potions","everything is the same but u backflip on backflip"],"gold_per_floor":[32,107,160,160,196,247,247,247,274,27,27,60,100,25,25,122,122,157,157,157],"floor_reached":19,"language":"ENG","playtime":1126,"items_purged":["Defend_G"],"score":175,"play_id":"84e216f6-b3ec-4039-9939-dc653c6dbeb7","local_time":"20210213175521","is_ascension_mode":false,"campfire_choices":[{"floor":7,"key":"REST"},{"floor":11,"key":"REST"},{"floor":15,"key":"DIG"}],"circlet_count":0,"master_deck":["Strike_G","Strike_G","Strike_G","Strike_G","Strike_G","Defend_G","Defend_G","Defend_G","Defend_G","Survivor","Neutralize","HandOfGreed","Infinite Blades","Infinite Blades","Replay:Poison Smokescreen","Dodge and Roll","Bouncing Flask","Dodge and Roll","Burst","Blur"],"relics":["Ring of the Snake","Orichalcum","Blue Doll","Ring of Peace","Ring of Hypnosis","Blood Vial","Meat on the Bone","Tiny Chest","Mercury Hourglass","ReplayTheSpireMod:Onyx Gauntlets"],"acts_visited":["Exordium","TheCity"],"potions_floor_usage":[6,16],"damage_taken":[{"damage":0.0,"enemies":"Small Slimes","floor":1.0,"turns":2.0},{"damage":0.0,"enemies":"2 Louse","floor":3.0,"turns":4.0},{"damage":6,"enemies":"Jaw Worm","floor":5,"turns":3},{"damage":13,"enemies":"Lagavulin","floor":6,"turns":6},{"damage":4,"enemies":"Replay:BlueRogue","floor":12,"turns":7},{"damage":5,"enemies":"Exordium Thugs","floor":13,"turns":5},{"damage":13,"enemies":"Hexaghost","floor":16,"turns":8},{"damage":3,"enemies":"2 Thieves","floor":18,"turns":5},{"damage":4,"enemies":"3 Byrds","floor":19,"turns":2}],"seed_played":"9053127327655095756","potions_obtained":[{"floor":5,"key":"Poison Potion"},{"floor":6,"key":"BlessingOfTheForge"},{"floor":13,"key":"BlessingOfTheForge"},{"floor":18,"key":"Languid Potion"}],"is_trial":false,"path_per_floor":["M","?","M","?","M","E","R","?","T","$","R","E","M","$","R_BF","B",null,"M","M"],"character_chosen":"THE_SILENT","items_purchased":["Meat on the Bone"],"campfire_rested":2,"item_purchase_floors":[10],"current_hp_per_floor":[70,59,59,52,46,33,54,54,54,54,70,66,63,63,63,52,70,67,65,65],"gold":157,"neow_bonus":"RANDOM_COLORLESS_2","is_daily":false,"chose_seed":false,"campfire_upgraded":0,"win_rate":0.0,"timestamp":1613267721,"path_taken":["M","?","M","?","M","E","R","?","T","?","R","E","?","$","R_BF","BOSS","M","M"],"items_purchased_type":["Relic"],"build_version":"2020-12-22","purchased_purges":1,"victory":false,"max_hp_per_floor":[70,70,70,70,70,70,70,70,70,70,70,70,70,70,70,70,70,70,70,70],"card_choices":[{"not_picked":["ReplayUltimateDefense","The Bomb"],"picked":"HandOfGreed","floor":0.0},{"not_picked":["ReplayTheSpireMod:Exploit Weakness","PiercingWail"],"picked":"Infinite Blades","floor":1.0},{"not_picked":["Quick Slash","Footwork"],"picked":"Infinite Blades","floor":3.0},{"not_picked":["Outmaneuver","Caltrops"],"picked":"Replay:Poison Smokescreen","floor":5},{"not_picked":["Dagger Throw","Quick Slash"],"picked":"Dodge and Roll","floor":6},{"not_picked":["Dagger Spray","Adrenaline"],"picked":"Bouncing Flask","floor":12},{"not_picked":["Dagger Spray","Quick Slash"],"picked":"Dodge and Roll","floor":13},{"not_picked":["Tools of the Trade","Night Terror"],"picked":"Burst","floor":16},{"not_picked":["Sucker Punch","Quick Slash"],"picked":"Blur","floor":18}],"player_experience":39078,"relics_obtained":[{"floor":6,"key":"Blue Doll"},{"floor":8,"key":"Ring of Peace"},{"floor":8,"key":"Ring of Hypnosis"},{"floor":9,"key":"Blood Vial"},{"floor":12,"key":"Tiny Chest"},{"floor":15,"key":"Mercury Hourglass"}],"event_choices":[{"damage_healed":0.0,"max_hp_gain":0.0,"max_hp_loss":0.0,"gold_gain":75.0,"event_name":"betterThird:BetterGoop","player_choice":"Gold","floor":2.0,"gold_loss":0.0,"damage_taken":11.0},{"damage_healed":0.0,"max_hp_gain":0.0,"max_hp_loss":0.0,"gold_gain":0.0,"event_name":"betterThird:BetterScrap","player_choice":"Relic ","floor":4.0,"gold_loss":0.0,"damage_taken":7.0,"cards_obtained":["EmptyMind"]}],"is_beta":false,"boss_relics":[{"not_picked":["Snecko Scales","Replay:Bronze Core"],"picked":"ReplayTheSpireMod:Onyx Gauntlets"}],"items_purged_floors":[14],"is_endless":false,"potions_floor_spawned":[5,6,13,18],"killed_by":"3 Byrds","ascension_level":0}}