{"host":"xp5rvh2jwe2ejyfm","time":1613319643,"event":{"mods":["2.2 Compatiblity","Aspiration","BaseMod","Better Altar","Better Match","Better Note","Better Sensory Stone","Better Skull","BetterRewards","Colored Powertips","Conspire","Downfall","GifTheSpireLib","Gremlin Mod","GungeonMod","Hermit","Hubris","Jorbs\u0027s Wanderer Trilogy","Minty Spire (QoL Compilation)","Potionbrewer","Quick Restart","Replay The Spire","Robot Space Explorer","Shade Mod","Somnambulant","StSLib","The Bug Knight","The Clintock","The Construct","The Cursed","The Disciple","The Forsaken","The Hierophant","The Necromancer","The Runesmith","The Servant 0.9.4","The Valiant","The Witch","TheFirefly","thorton"],"gold_per_floor":[109,109,23,41,54,54,72,137,437,437,437],"floor_reached":10,"language":"ENG","playtime":283,"items_purged":[],"score":58,"play_id":"f7f5b5ae-73ff-4dcd-9079-6e0d9f81f7c8","local_time":"20210214112043","is_ascension_mode":false,"campfire_choices":[{"floor":6,"key":"RECALL"}],"circlet_count":0,"master_deck":["TheCursedMod:Strike_TheCursed","TheCursedMod:Strike_TheCursed","TheCursedMod:Strike_TheCursed","TheCursedMod:Strike_TheCursed","TheCursedMod:Defend_TheCursed","TheCursedMod:Defend_TheCursed","TheCursedMod:Defend_TheCursed","TheCursedMod:Defend_TheCursed","TheCursedMod:CursedWand","TheCursedMod:CleanUpWorkshop","TheCursedMod:Dregs","TheCursedMod:OutForBlood","TheCursedMod:Torture","Regret","Dramatic Entrance","TheCursedMod:CircleOfCorruption","TheCursedMod:CircleOfFlame","TheCursedMod:CursedStaff","TheCursedMod:CursedBlade"],"relics":["TheCursedMod:BlackMagic101","aspiration:HummingbirdHeart","Old Coin"],"acts_visited":["Exordium"],"potions_floor_usage":[5,10],"damage_taken":[{"damage":9,"enemies":"2 Louse","floor":1,"turns":4},{"damage":3,"enemies":"Small Slimes","floor":4,"turns":3},{"damage":5,"enemies":"Jaw Worm","floor":5,"turns":4},{"damage":9,"enemies":"Blue Slaver","floor":7,"turns":3},{"damage":34,"enemies":"Lagavulin Event","floor":8,"turns":5},{"damage":17,"enemies":"Gremlin Nob","floor":10,"turns":3}],"seed_played":"-7732426689698696536","potions_obtained":[{"floor":1,"key":"potionbrewer:BoundlessPotion"},{"floor":4,"key":"Block Potion"},{"floor":8,"key":"sneckomod:MuddlingPotion"}],"is_trial":false,"path_per_floor":["M","?","$","M","M","R","M","?","T","E"],"character_chosen":"THE_CURSED","items_purchased":["Dramatic Entrance"],"campfire_rested":0,"item_purchase_floors":[3],"current_hp_per_floor":[66,66,66,63,58,58,49,15,15,0,0],"gold":437,"neow_bonus":"ONE_RANDOM_RARE_CARD","is_daily":false,"chose_seed":false,"campfire_upgraded":0,"win_rate":0.0,"timestamp":1613319643,"path_taken":["M","?","$","M","M","R","M","?","T","E"],"items_purchased_type":["Card"],"build_version":"2020-12-22","purchased_purges":0,"victory":false,"max_hp_per_floor":[75,75,75,75,75,75,75,75,75,75,75],"card_choices":[{"not_picked":["TheCursedMod:RapidMovement","TheCursedMod:LuckyCharm"],"picked":"TheCursedMod:Torture","floor":1},{"not_picked":["TheCursedMod:CursedShiv","TheCursedMod:SoulCrush"],"picked":"TheCursedMod:CircleOfCorruption","floor":4},{"not_picked":["TheCursedMod:WearCloak","TheCursedMod:SurpriseAttack"],"picked":"TheCursedMod:CircleOfFlame","floor":5},{"not_picked":["TheCursedMod:SaltUponWound","TheCursedMod:CursedArmor"],"picked":"TheCursedMod:CursedStaff","floor":7},{"not_picked":["TheCursedMod:WearCloak","TheCursedMod:Torture"],"picked":"TheCursedMod:CursedBlade","floor":8}],"player_experience":505455,"relics_obtained":[{"floor":9,"key":"Old Coin"}],"event_choices":[{"damage_healed":0,"gold_gain":0,"player_choice":"Box","damage_taken":0,"relics_obtained":["aspiration:HummingbirdHeart"],"max_hp_gain":0,"max_hp_loss":0,"event_name":"Big Fish","floor":2,"gold_loss":0,"cards_obtained":["Regret"]},{"damage_healed":0,"gold_gain":30,"player_choice":"Searched \u00272\u0027 times","damage_taken":0,"max_hp_gain":0,"max_hp_loss":0,"event_name":"Dead Adventurer","floor":8,"gold_loss":0}],"is_beta":false,"boss_relics":[],"items_purged_floors":[],"is_endless":false,"potions_floor_spawned":[1,4,8],"killed_by":"Gremlin Nob","ascension_level":0}}