{"host":"tia00321x3ndnwo4","time":1613320648,"event":{"mods":["2.2 Compatiblity","BaseMod","Bestiary","Colored Map","Colored Powertips","Curses Come First","Downfall","Highlight Path","Minty Spire (QoL Compilation)","Relic Stats","Slay the Relics Exporter","StSLib","SuperFastMode"],"gold_per_floor":[99,114,124,137,147,167,193,66,76,61,61,71,71,88,98,98,98,98],"floor_reached":16,"language":"ENG","playtime":481,"items_purged":["bronze:Strike"],"score":103,"play_id":"b62b03c9-7e47-454e-8c03-86e477bdfede","local_time":"20210214083728","is_ascension_mode":true,"campfire_choices":[{"data":"bronze:RecursiveStrike","floor":1,"key":"SMITH"},{"data":"bronze:Branch","floor":11,"key":"SMITH"},{"data":"bronze:Repair","floor":13,"key":"SMITH"}],"circlet_count":0,"master_deck":["bronze:Strike","bronze:Strike","bronze:Strike","bronze:Defend","bronze:Defend","bronze:Defend","bronze:Defend","bronze:Replicate","bronze:Goto","bronze:RecursiveStrike+1","bronze:ClassDefault","bronze:Fortify","bronze:Flail","bronze:WhirlingStrike","bronze:WhirlingStrike","bronze:Branch+1","bronze:ChosenStrike","bronze:GetLatest","bronze:TinkerersToolbox","bronze:Repair+1","bronze:Turbo","bronze:GetLatest"],"relics":["bronze:BronzeCore","Dream Catcher"],"acts_visited":["Exordium"],"potions_floor_usage":[12,16,16,16],"damage_taken":[{"damage":0,"enemies":"Cultist","floor":2,"turns":3},{"damage":3,"enemies":"Small Slimes","floor":3,"turns":3},{"damage":0,"enemies":"2 Louse","floor":4,"turns":2},{"damage":11,"enemies":"Exordium Wildlife","floor":5,"turns":4},{"damage":4,"enemies":"Gremlin Gang","floor":6,"turns":2},{"damage":3,"enemies":"downfall:FleeingMerchant","floor":8,"turns":4},{"damage":8,"enemies":"Large Slime","floor":9,"turns":3},{"damage":7,"enemies":"downfall:FleeingMerchant","floor":10,"turns":4},{"damage":0,"enemies":"Exordium Thugs","floor":12,"turns":2},{"damage":0,"enemies":"Lots of Slimes","floor":14,"turns":1},{"damage":0,"enemies":"Exordium Wildlife","floor":15,"turns":1},{"damage":38,"enemies":"WA_ARCHETYPE_RETAIN","floor":16,"turns":5}],"seed_played":"2411608576866156177","potions_obtained":[{"floor":3,"key":"ColorlessPotion"},{"floor":4,"key":"bronze:FreeFunctionsPotion"},{"floor":5,"key":"Fire Potion"},{"floor":6,"key":"Ancient Potion"},{"floor":12,"key":"bronze:FreeFunctionsPotion"}],"is_trial":false,"path_per_floor":["R","M","M","M","M","M","T","$","M","$","R","M","R","M","M","B"],"character_chosen":"THE_AUTOMATON","items_purchased":["bronze:ChosenStrike"],"campfire_rested":0,"item_purchase_floors":[8],"current_hp_per_floor":[63,63,60,60,49,45,45,42,34,27,27,27,27,27,27,0,0,0],"gold":98,"neow_bonus":"THREE_RARE_CARDS","is_daily":false,"chose_seed":false,"campfire_upgraded":3,"win_rate":0.0,"timestamp":1613320648,"path_taken":["R","M","M","M","M","M","T","$","M","?","R","M","R","?","M","BOSS"],"items_purchased_type":["Card"],"build_version":"2020-12-22","purchased_purges":1,"victory":false,"max_hp_per_floor":[63,63,63,63,63,63,63,63,63,63,63,63,63,63,63,63,63,63],"relic_stats":{"Dream Catcher":0,"counters":[12,34],"obtain_stats":[{"Dream Catcher":7,"bronze:BronzeCore":0},{"Dream Catcher":5,"bronze:BronzeCore":0},{"Dream Catcher":14,"bronze:BronzeCore":0}]},"card_choices":[{"not_picked":["bronze:FindAndReplace","bronze:ThunderWave"],"picked":"bronze:RecursiveStrike","floor":0},{"not_picked":["bronze:DelayedSlice","bronze:BugBarrage"],"picked":"bronze:ClassDefault","floor":2},{"not_picked":["bronze:BugBarrage","bronze:ClassDefault"],"picked":"bronze:Fortify","floor":3},{"not_picked":["bronze:WildBeam","bronze:BitShift"],"picked":"bronze:Flail","floor":4},{"not_picked":["bronze:CutThrough","bronze:Frontload"],"picked":"bronze:WhirlingStrike","floor":5},{"not_picked":["bronze:CutThrough","bronze:BronzeArmor"],"picked":"bronze:WhirlingStrike","floor":6},{"not_picked":["bronze:Terminator","bronze:OilSpill"],"picked":"bronze:Branch","floor":8},{"not_picked":["bronze:Overheat","bronze:Overload"],"picked":"bronze:GetLatest","floor":9},{"not_picked":["bronze:ForceShield","bronze:Invalidate"],"picked":"bronze:TinkerersToolbox","floor":10},{"not_picked":["bronze:Backtrace","bronze:Refactor"],"picked":"bronze:Repair","floor":12},{"not_picked":["bronze:Repulsor","bronze:Shield"],"picked":"bronze:Turbo","floor":14},{"not_picked":["bronze:InfiniteBeams","bronze:Philosophize"],"picked":"bronze:GetLatest","floor":15}],"player_experience":205991,"relics_obtained":[{"floor":7,"key":"Dream Catcher"}],"event_choices":[],"is_beta":false,"boss_relics":[],"items_purged_floors":[8],"is_endless":false,"potions_floor_spawned":[3,4,5,6,9,12],"killed_by":"WA_ARCHETYPE_RETAIN","ascension_level":1}}