{"host":"8iprjuzow65cevwy","time":1613336582,"event":{"mods":["BaseMod","Colored Map","Highlight Path","Minty Spire (QoL Compilation)","Permanent Neow"],"gold_per_floor":[110,110,122,142,152,152,184,196,222,249,261,261,276,54,54,155,155,140,140,140,140,140,140,140,140,140,140,140,140,140,140,140,140,140],"floor_reached":33,"language":"ENG","playtime":1349,"items_purged":["Defend_R"],"score":377,"play_id":"89ff68e4-85b8-42e4-a669-f150a6d3ab03","local_time":"20210214220302","is_ascension_mode":true,"campfire_choices":[{"data":"Clash","floor":6,"key":"SMITH"},{"floor":15,"key":"REST"},{"data":"RitualDagger","floor":23,"key":"SMITH"},{"floor":25,"key":"REST"},{"floor":32,"key":"REST"}],"circlet_count":0,"master_deck":["Strike_R","Strike_R","Strike_R","Strike_R","Strike_R","Defend_R","Defend_R","Bash","Clash+1","Warcry","Thunderclap","Perfected Strike","Hemokinesis","Perfected Strike","Clash","Infernal Blade+1","RitualDagger+1","Metallicize","Perfected Strike+1","Pommel Strike+1","Iron Wave+1"],"relics":["Philosopher\u0027s Stone","Lantern","Akabeko","Potion Belt","Orichalcum","Ectoplasm","Dream Catcher","Omamori","Enchiridion"],"acts_visited":["Exordium","TheCity"],"potions_floor_usage":[7,16,16,22,27,33],"damage_taken":[{"damage":0.0,"enemies":"Cultist","floor":1.0,"turns":3.0},{"damage":2.0,"enemies":"Small Slimes","floor":3.0,"turns":3.0},{"damage":4,"enemies":"2 Louse","floor":4,"turns":2},{"damage":2,"enemies":"2 Fungi Beasts","floor":5,"turns":3},{"damage":15,"enemies":"Lagavulin","floor":7,"turns":5},{"damage":3,"enemies":"Exordium Wildlife","floor":8,"turns":3},{"damage":15,"enemies":"3 Sentries","floor":10,"turns":4},{"damage":2,"enemies":"Blue Slaver","floor":11,"turns":2},{"damage":0,"enemies":"Large Slime","floor":13,"turns":1},{"damage":34,"enemies":"Hexaghost","floor":16,"turns":4},{"damage":9,"enemies":"2 Thieves","floor":18,"turns":2},{"damage":10,"enemies":"Chosen","floor":22,"turns":2},{"damage":15,"enemies":"Slavers","floor":27,"turns":3},{"damage":9,"enemies":"Centurion and Healer","floor":28,"turns":3},{"damage":2,"enemies":"Snake Plant","floor":29,"turns":2},{"damage":0,"enemies":"Snecko","floor":31,"turns":3},{"damage":91,"enemies":"Automaton","floor":33,"turns":6}],"seed_played":"8336027169697733000","potions_obtained":[{"floor":2.0,"key":"HeartOfIron"},{"floor":2.0,"key":"LiquidBronze"},{"floor":2.0,"key":"FearPotion"},{"floor":8,"key":"GamblersBrew"},{"floor":10,"key":"AttackPotion"},{"floor":22,"key":"Fruit Juice"},{"floor":31,"key":"Regen Potion"}],"is_trial":false,"path_per_floor":["M","?","M","M","M","R","E","M","T","E","M","?","M","$","R","B",null,"M","?","?","?","M","R","?","R","T","E","M","M","?","M","R","B"],"character_chosen":"IRONCLAD","items_purchased":["Orichalcum"],"campfire_rested":3,"item_purchase_floors":[14],"current_hp_per_floor":[72,72,70,66,64,64,49,46,46,31,29,29,29,29,53,19,65,56,50,50,35,30,30,30,57,57,42,33,31,15,15,42,0,0],"gold":140,"neow_bonus":"BOSS_RELIC","is_daily":false,"chose_seed":false,"campfire_upgraded":2,"win_rate":0.0,"timestamp":1613336582,"path_taken":["M","?","?","M","M","R","E","M","T","E","M","?","M","$","R","BOSS","M","?","?","?","?","R","?","R","T","E","M","M","?","M","R","BOSS"],"items_purchased_type":["Relic"],"build_version":"2020-12-22","purchased_purges":1,"victory":false,"max_hp_per_floor":[80,80,80,80,80,80,80,80,80,80,80,80,80,80,80,80,80,80,80,80,85,90,90,90,90,90,90,90,90,90,90,90,90,90],"card_choices":[{"not_picked":["Armaments","Shrug It Off"],"picked":"Clash","floor":1.0},{"not_picked":["Dropkick","Perfected Strike"],"picked":"Warcry","floor":3},{"not_picked":["Perfected Strike","Power Through","Shrug It Off"],"picked":"SKIP","floor":4},{"not_picked":["Second Wind","Burning Pact"],"picked":"Thunderclap","floor":5},{"not_picked":["Twin Strike","Entrench"],"picked":"Perfected Strike","floor":7},{"not_picked":["Wild Strike","Fire Breathing"],"picked":"Hemokinesis","floor":8},{"not_picked":["Armaments","Blood for Blood"],"picked":"Perfected Strike","floor":10},{"not_picked":["Searing Blow","Wild Strike"],"picked":"Clash","floor":11},{"not_picked":["Burning Pact","Immolate","Pummel"],"picked":"SKIP","floor":13},{"not_picked":["Heavy Blade","Cleave+1"],"picked":"Infernal Blade+1","floor":18},{"not_picked":["Warcry","Power Through"],"picked":"Perfected Strike+1","floor":22},{"not_picked":["Perfected Strike","Havoc","Combust"],"picked":"SKIP","floor":27},{"not_picked":["Disarm","Limit Break"],"picked":"Pommel Strike+1","floor":28},{"not_picked":["Sword Boomerang+1","Rampage"],"picked":"Iron Wave+1","floor":29},{"not_picked":["Pommel Strike","Cleave","Sword Boomerang"],"picked":"SKIP","floor":31}],"player_experience":340099,"relics_obtained":[{"floor":7,"key":"Lantern"},{"floor":9,"key":"Akabeko"},{"floor":10,"key":"Potion Belt"},{"floor":26,"key":"Dream Catcher"},{"floor":27,"key":"Omamori"},{"floor":30,"key":"Enchiridion"}],"event_choices":[{"damage_healed":0.0,"max_hp_gain":0.0,"max_hp_loss":0.0,"gold_gain":0.0,"event_name":"Lab","player_choice":"Got Potions","floor":2.0,"gold_loss":0.0,"damage_taken":0.0},{"cards_removed":["Defend_R"],"damage_healed":0,"gold_gain":0,"player_choice":"Forget","damage_taken":0,"max_hp_gain":0,"max_hp_loss":0,"event_name":"Living Wall","floor":12,"gold_loss":0},{"damage_healed":0,"gold_gain":0,"player_choice":"Joined the Cult","damage_taken":6,"max_hp_gain":0,"max_hp_loss":0,"event_name":"Nest","floor":19,"gold_loss":0,"cards_obtained":["RitualDagger"]},{"damage_healed":0,"gold_gain":0,"player_choice":"Read","damage_taken":0,"max_hp_gain":0,"max_hp_loss":0,"event_name":"The Library","floor":20,"gold_loss":0,"cards_obtained":["Metallicize"]},{"damage_healed":0,"gold_gain":0,"player_choice":"Shed Blood","damage_taken":20,"max_hp_gain":5,"max_hp_loss":0,"event_name":"Forgotten Altar","floor":21,"gold_loss":0},{"damage_healed":0,"gold_gain":0,"player_choice":"Ignored","damage_taken":0,"max_hp_gain":0,"max_hp_loss":0,"event_name":"The Mausoleum","floor":24,"gold_loss":0},{"damage_healed":0,"gold_gain":0,"player_choice":"Obtained Book","damage_taken":16,"max_hp_gain":0,"max_hp_loss":0,"event_name":"Cursed Tome","floor":30,"gold_loss":0}],"is_beta":false,"boss_relics":[{"not_picked":["Coffee Dripper","Mark of Pain"],"picked":"Ectoplasm"}],"items_purged_floors":[14],"is_endless":false,"potions_floor_spawned":[4,5,8,10,22,31],"killed_by":"Automaton","ascension_level":7}}