{"host":"27c1zwn2rxlukojz","time":1613344650,"event":{"mods":["BaseMod","Filter the Spire","Minty Spire (QoL Compilation)","Relic Stats","StSLib"],"gold_per_floor":[115,115,190,190,206,234,260,19,19,19,19],"floor_reached":10,"language":"DEU","playtime":284,"items_purged":[],"score":112,"play_id":"2d3301a4-3999-4c5f-ae5e-15db74b15dc2","local_time":"20210215001730","is_ascension_mode":true,"campfire_choices":[],"circlet_count":0,"master_deck":["AscendersBane","Strike_G","Strike_G","Strike_G","Defend_G","Defend_G+1","Defend_G","Defend_G","Survivor","Neutralize+1","Bane+1","Sucker Punch+1","Predator+1","Regret","Noxious Fumes","Escape Plan","Blade Dance","Deadly Poison","Footwork"],"relics":["Astrolabe","Pear","Bronze Scales","Odd Mushroom","TwistedFunnel","The Courier"],"acts_visited":["Exordium"],"potions_floor_usage":[],"damage_taken":[{"damage":0,"enemies":"Cultist","floor":1,"turns":3},{"damage":1,"enemies":"Jaw Worm","floor":5,"turns":3},{"damage":21,"enemies":"Gremlin Nob","floor":6,"turns":4},{"damage":13,"enemies":"The Mushroom Lair","floor":7,"turns":4},{"damage":26,"enemies":"3 Sentries","floor":10,"turns":4}],"seed_played":"-2903677960564456769","potions_obtained":[{"floor":5,"key":"FairyPotion"}],"is_trial":false,"path_per_floor":["M","?","?","?","M","E","?","$","T","E"],"character_chosen":"THE_SILENT","items_purchased":["TwistedFunnel","Deadly Poison","Footwork"],"campfire_rested":0,"item_purchase_floors":[8,8,8],"current_hp_per_floor":[59,69,58,35,34,13,22,22,22,0,0],"gold":19,"neow_bonus":"BOSS_RELIC","is_daily":false,"chose_seed":false,"campfire_upgraded":0,"win_rate":0.0,"timestamp":1613344650,"path_taken":["M","?","?","?","?","E","?","$","T","E"],"items_purchased_type":["Relic","Card","Card"],"build_version":"2020-12-22","purchased_purges":0,"victory":false,"max_hp_per_floor":[66,76,76,76,76,76,76,76,76,76,76],"relic_stats":{"counters":[5,18],"Astrolabe":["Bane","Sucker Punch","Predator"],"Bronze Scales":[32],"obtain_stats":[{"TwistedFunnel":8,"Pear":2,"Astrolabe":0,"Bronze Scales":6,"The Courier":9,"Odd Mushroom":7,"Ring of the Snake":0},{"TwistedFunnel":4,"Pear":1,"Astrolabe":0,"Bronze Scales":3,"The Courier":4,"Odd Mushroom":4,"Ring of the Snake":0},{"TwistedFunnel":14,"Pear":3,"Astrolabe":0,"Bronze Scales":10,"The Courier":14,"Odd Mushroom":14,"Ring of the Snake":0}]},"card_choices":[{"not_picked":["Poisoned Stab","Flying Knee","Dagger Spray"],"picked":"SKIP","floor":1},{"not_picked":["Poisoned Stab","Underhanded Strike"],"picked":"Noxious Fumes","floor":5},{"not_picked":["Unload","Quick Slash"],"picked":"Escape Plan","floor":6},{"not_picked":["Concentrate","Predator"],"picked":"Blade Dance","floor":7}],"player_experience":3980172,"relics_obtained":[{"floor":6,"key":"Bronze Scales"},{"floor":7,"key":"Odd Mushroom"},{"floor":9,"key":"The Courier"}],"event_choices":[{"damage_healed":0,"gold_gain":0,"player_choice":"Box","damage_taken":0,"relics_obtained":["Pear"],"max_hp_gain":0,"max_hp_loss":0,"event_name":"Big Fish","floor":2,"gold_loss":0,"cards_obtained":["Regret"]},{"damage_healed":0,"gold_gain":75,"player_choice":"Gather Gold","damage_taken":11,"max_hp_gain":0,"max_hp_loss":0,"event_name":"World of Goop","floor":3,"gold_loss":0},{"damage_healed":0,"gold_gain":0,"player_choice":"Entered Light","damage_taken":23,"max_hp_gain":0,"max_hp_loss":0,"event_name":"Shining Light","floor":4,"gold_loss":0,"cards_upgraded":["Defend_G","Neutralize"]},{"damage_healed":0,"gold_gain":0,"player_choice":"Fought Mushrooms","damage_taken":0,"max_hp_gain":0,"max_hp_loss":0,"event_name":"Mushrooms","floor":7,"gold_loss":0}],"is_beta":false,"boss_relics":[],"items_purged_floors":[],"is_endless":false,"potions_floor_spawned":[5],"killed_by":"3 Sentries","ascension_level":15}}