{"host":"0mhttqdumuceah7q","time":1613307101,"event":{"mods":["AchievementEnabler","BaseMod","Colored Map","DeckTracker","Minty Spire (QoL Compilation)","Permanent Neow"],"gold_per_floor":[119,119,119,44,62,92,92,118,118,118,132,132,160,170,170,271,271,281,32,42,42,59,75,102,102,102,122,147,147,164,164,164],"floor_reached":31,"language":"KOR","playtime":1414,"items_purged":["Defend_P","Defend_P"],"score":327,"play_id":"86834c63-493f-4a5f-8ca0-40be3731b446","local_time":"20210214215141","is_ascension_mode":true,"campfire_choices":[{"floor":7.0,"key":"REST"},{"floor":10.0,"key":"REST"},{"data":"Adaptation","floor":15,"key":"SMITH"},{"floor":25,"key":"REST"}],"circlet_count":0,"master_deck":["Strike_P","Strike_P+1","Strike_P+1","Strike_P","Defend_P+1","Eruption+1","Vigilance+1","LessonLearned+1","SashWhip","Vengeance","FollowUp","Adaptation+1","EmptyFist","BowlingBash","Deep Breath+1","Crescendo+1","CrushJoints+1","ConjureBlade","Halt","BowlingBash+1","InnerPeace+1","BattleHymn","CrushJoints+1","EmptyMind","CutThroughFate+1","Swivel+1","Sanctity","Meditate"],"relics":["PureWater","Lantern","Darkstone Periapt","Bag of Preparation","Dream Catcher","Ancient Tea Set","Black Star","Tiny Chest","Question Card","Ornamental Fan","Gremlin Horn","Regal Pillow","Blood Vial"],"acts_visited":["Exordium","TheCity"],"potions_floor_usage":[16,27,28,30,30],"damage_taken":[{"damage":2.0,"enemies":"2 Louse","floor":1.0,"turns":2.0},{"damage":0.0,"enemies":"Jaw Worm","floor":3.0,"turns":2.0},{"damage":0.0,"enemies":"Cultist","floor":5.0,"turns":2.0},{"damage":36.0,"enemies":"Lagavulin","floor":6.0,"turns":4.0},{"damage":1.0,"enemies":"3 Sentries","floor":8.0,"turns":3.0},{"damage":0.0,"enemies":"Lots of Slimes","floor":11.0,"turns":3.0},{"damage":10,"enemies":"Gremlin Nob","floor":13,"turns":3},{"damage":0,"enemies":"Exordium Wildlife","floor":14,"turns":2},{"damage":19,"enemies":"Hexaghost","floor":16,"turns":4},{"damage":29,"enemies":"Shell Parasite","floor":18,"turns":4},{"damage":11,"enemies":"Spheric Guardian","floor":20,"turns":3},{"damage":1,"enemies":"Centurion and Healer","floor":22,"turns":4},{"damage":36,"enemies":"Snecko","floor":23,"turns":3},{"damage":8,"enemies":"Slavers","floor":24,"turns":3},{"damage":0,"enemies":"Cultist and Chosen","floor":27,"turns":3},{"damage":2,"enemies":"Book of Stabbing","floor":28,"turns":3},{"damage":13,"enemies":"Snake Plant","floor":30,"turns":2},{"damage":27,"enemies":"Slavers","floor":31,"turns":3}],"seed_played":"-6485886122608436684","potions_obtained":[{"floor":6.0,"key":"SneckoOil"},{"floor":14,"key":"Ambrosia"},{"floor":16,"key":"FairyPotion"},{"floor":18,"key":"Dexterity Potion"},{"floor":20,"key":"Ancient Potion"},{"floor":24,"key":"ColorlessPotion"},{"floor":28,"key":"Regen Potion"}],"is_trial":false,"path_per_floor":["M","?","M","$","M","E","R","E","T","R","M","?","E","M","R","B",null,"M","$","M","$","M","M","E","R","T","M","E","?","M","E"],"character_chosen":"WATCHER","items_purchased":["Tiny Chest"],"campfire_rested":3,"item_purchase_floors":[19],"current_hp_per_floor":[49,42,42,42,42,6,27,26,26,47,47,47,37,37,37,18,72,43,43,32,32,31,21,13,34,34,34,32,32,26,1,1],"gold":164,"neow_bonus":"THREE_RARE_CARDS","is_daily":false,"chose_seed":false,"campfire_upgraded":1,"win_rate":0.0,"timestamp":1613307101,"path_taken":["M","?","M","$","M","E","R","E","T","R","M","?","E","M","R","BOSS","M","?","M","$","?","M","E","R","T","M","E","?","?","E"],"items_purchased_type":["Relic"],"build_version":"2020-12-22","purchased_purges":2,"victory":false,"max_hp_per_floor":[72,72,72,72,72,72,72,72,72,72,72,72,72,72,72,72,72,72,72,72,72,72,72,72,72,72,72,72,72,72,72,72],"card_choices":[{"not_picked":["Establishment","Blasphemy"],"picked":"LessonLearned","floor":0.0},{"not_picked":["Evaluate","LikeWater"],"picked":"SashWhip","floor":1.0},{"not_picked":["Evaluate","Indignation","JustLucky"],"picked":"SKIP","floor":3.0},{"not_picked":["DeceiveReality","Nirvana"],"picked":"Vengeance","floor":5.0},{"not_picked":["JustLucky","Halt"],"picked":"FollowUp","floor":6.0},{"not_picked":["SpiritShield","Worship"],"picked":"Adaptation","floor":8.0},{"not_picked":["Fasting2","FlurryOfBlows"],"picked":"EmptyFist","floor":10.0},{"not_picked":["EmptyFist","LikeWater"],"picked":"BowlingBash","floor":11.0},{"not_picked":["Meditate","Halt"],"picked":"Crescendo","floor":13},{"not_picked":["Fasting2","Crescendo"],"picked":"CrushJoints","floor":14},{"not_picked":["SpiritShield","Ragnarok"],"picked":"ConjureBlade","floor":16},{"not_picked":["FlyingSleeves","CarveReality"],"picked":"Halt","floor":18},{"not_picked":["WheelKick","CrushJoints"],"picked":"BowlingBash+1","floor":20},{"not_picked":["Adaptation","Wireheading"],"picked":"InnerPeace+1","floor":22},{"not_picked":["Vengeance","Nirvana"],"picked":"BattleHymn","floor":23},{"not_picked":["Adaptation+1","ThirdEye"],"picked":"CrushJoints+1","floor":24},{"not_picked":["WindmillStrike","ReachHeaven","WheelKick"],"picked":"EmptyMind","floor":25},{"not_picked":["WaveOfTheHand+1","Halt+1","JustLucky"],"picked":"CutThroughFate+1","floor":27},{"not_picked":["Worship+1","ClearTheMind","ForeignInfluence"],"picked":"Swivel+1","floor":28},{"not_picked":["Indignation","CrushJoints","PathToVictory+1"],"picked":"Meditate","floor":30}],"player_experience":81967,"relics_obtained":[{"floor":6.0,"key":"Darkstone Periapt"},{"floor":8.0,"key":"Bag of Preparation"},{"floor":9.0,"key":"Dream Catcher"},{"floor":13,"key":"Ancient Tea Set"},{"floor":24,"key":"Question Card"},{"floor":24,"key":"Ornamental Fan"},{"floor":26,"key":"Gremlin Horn"},{"floor":28,"key":"Regal Pillow"},{"floor":28,"key":"Blood Vial"}],"event_choices":[{"damage_healed":0.0,"max_hp_gain":0.0,"max_hp_loss":0.0,"gold_gain":0.0,"event_name":"Scrap Ooze","player_choice":"Success","floor":2.0,"gold_loss":0.0,"damage_taken":7.0,"relics_obtained":["Lantern"]},{"damage_healed":0,"gold_gain":0,"player_choice":"1 cards matched","damage_taken":0,"max_hp_gain":0,"max_hp_loss":0,"event_name":"Match and Keep!","floor":12,"gold_loss":0,"cards_obtained":["Deep Breath"]},{"damage_healed":0,"gold_gain":0,"cards_transformed":["Defend_P"],"player_choice":"Transformed","damage_taken":0,"max_hp_gain":0,"max_hp_loss":0,"event_name":"Transmorgrifier","floor":29,"gold_loss":0,"cards_obtained":["Sanctity"]}],"is_beta":false,"boss_relics":[{"not_picked":["Runic Dome","Velvet Choker"],"picked":"Black Star"}],"items_purged_floors":[4,19],"is_endless":false,"potions_floor_spawned":[6,14,16,18,20,24,28],"killed_by":"Slavers","ascension_level":2}}