{"host":"36t3qd3wjvajtu1z","time":1613264147,"event":{"mods":["2.2 Compatiblity","AchievementEnabler","BaseMod","Bestiary","Block Reminder","Colored Powertips","Curses Come First","Highlight Path","Minty Spire (QoL Compilation)","Permanent Neow","Quick Restart","Random Character Button","Rare Cards Sparkle","Relic Stats","Slay-I","StSLib","Unknown Chances"],"gold_per_floor":[116,129,129,143,43,87,87,129,129,129,45,86,9,22,22,107,107,124,145,165,18,18,18],"floor_reached":22,"language":"ENG","playtime":1035,"items_purged":["Shame","Strike_R"],"score":408,"play_id":"534c9bb6-32cb-43d8-ae78-fa75515aa70f","local_time":"20210213165547","is_ascension_mode":true,"campfire_choices":[{"floor":7,"key":"REST"},{"floor":10,"key":"REST"},{"data":"Uppercut","floor":15,"key":"SMITH"}],"circlet_count":0,"master_deck":["AscendersBane","Strike_R","Strike_R","Strike_R","Defend_R","Defend_R","Defend_R","Defend_R","Bash","Sever Soul","Twin Strike","Metallicize","Blood for Blood","Cleave","Reckless Charge","Evolve","Dark Embrace","True Grit","Uppercut+1","Juggernaut","Thunderclap","Trip"],"relics":["Burning Blood","Champion Belt","CeramicFish","Ornamental Fan","Smiling Mask","Red Skull","Black Star"],"acts_visited":["Exordium","TheCity"],"potions_floor_usage":[6,12,16,16],"damage_taken":[{"damage":9.0,"enemies":"Jaw Worm","floor":1.0,"turns":5.0},{"damage":9.0,"enemies":"Cultist","floor":2.0,"turns":4.0},{"damage":8.0,"enemies":"Small Slimes","floor":4.0,"turns":4.0},{"damage":46,"enemies":"Gremlin Nob","floor":6,"turns":5},{"damage":35,"enemies":"3 Sentries","floor":8,"turns":8},{"damage":8,"enemies":"Gremlin Nob","floor":12,"turns":3},{"damage":7,"enemies":"3 Louse","floor":14,"turns":4},{"damage":24,"enemies":"Slime Boss","floor":16,"turns":7},{"damage":7,"enemies":"Chosen","floor":18,"turns":5},{"damage":34,"enemies":"3 Byrds","floor":19,"turns":6},{"damage":19,"enemies":"Cultist and Chosen","floor":20,"turns":7},{"damage":9,"enemies":"Snake Plant","floor":22,"turns":3}],"seed_played":"-6280374853147800881","potions_obtained":[{"floor":1.0,"key":"LiquidBronze"},{"floor":8,"key":"GamblersBrew"},{"floor":12,"key":"PowerPotion"},{"floor":20,"key":"Ancient Potion"}],"is_trial":false,"path_per_floor":["M","M","?","M","$","E","R","E","T","R","$","E","$","M","R","B",null,"M","M","M","$","M"],"character_chosen":"IRONCLAD","items_purchased":["Cleave","Dark Embrace","Fire Potion","Uppercut","Trip"],"campfire_rested":2,"item_purchase_floors":[5,11,11,13,21],"current_hp_per_floor":[65,62,62,60,60,20,42,13,13,35,35,33,33,32,32,14,60,59,31,18,18,9,9],"gold":18,"neow_bonus":"ONE_RARE_RELIC","is_daily":false,"chose_seed":false,"campfire_upgraded":1,"win_rate":0.0,"timestamp":1613264147,"path_taken":["M","M","?","M","$","E","R","E","T","R","$","E","?","?","R","BOSS","M","M","M","$","M"],"items_purchased_type":["Card","Card","Potion","Card","Card"],"build_version":"2020-12-22","purchased_purges":2,"victory":false,"max_hp_per_floor":[75,75,75,75,75,75,75,75,75,75,75,75,75,75,75,75,75,75,75,75,75,75,75],"relic_stats":{"counters":[12,61],"Ornamental Fan":[24],"CeramicFish":72,"Black Star":0,"Champion Belt":[18],"Smiling Mask":50,"obtain_stats":[{"Ornamental Fan":8,"CeramicFish":6,"Black Star":17,"Champion Belt":0,"Smiling Mask":9,"Burning Blood":0,"Red Skull":12},{"Ornamental Fan":5,"CeramicFish":4,"Black Star":8,"Champion Belt":0,"Smiling Mask":5,"Burning Blood":0,"Red Skull":6},{"Ornamental Fan":26,"CeramicFish":18,"Black Star":40,"Champion Belt":0,"Smiling Mask":26,"Burning Blood":0,"Red Skull":29}],"Burning Blood":66},"card_choices":[{"not_picked":["Havoc","Disarm"],"picked":"Sever Soul","floor":1.0},{"not_picked":["Flex","Shrug It Off"],"picked":"Twin Strike","floor":2.0},{"not_picked":["Clothesline","Bloodletting"],"picked":"Blood for Blood","floor":4.0},{"not_picked":["Bludgeon","Rupture"],"picked":"Reckless Charge","floor":6},{"not_picked":["Disarm","Cleave"],"picked":"Evolve","floor":8},{"not_picked":["Clothesline","Cleave"],"picked":"True Grit","floor":12},{"not_picked":["Body Slam","Ghostly Armor","True Grit"],"picked":"SKIP","floor":14},{"not_picked":["Demon Form","Exhume"],"picked":"Juggernaut","floor":16},{"not_picked":["Pommel Strike","Blood for Blood","Infernal Blade"],"picked":"SKIP","floor":18},{"not_picked":["Combust","Headbutt"],"picked":"Thunderclap","floor":19},{"not_picked":["Evolve","Shockwave","Thunderclap"],"picked":"SKIP","floor":20}],"player_experience":514301,"relics_obtained":[{"floor":6,"key":"CeramicFish"},{"floor":8,"key":"Ornamental Fan"},{"floor":9,"key":"Smiling Mask"},{"floor":12,"key":"Red Skull"}],"event_choices":[{"damage_healed":0.0,"max_hp_gain":0.0,"max_hp_loss":0.0,"gold_gain":0.0,"cards_transformed":["Strike_R"],"event_name":"Transmorgrifier","player_choice":"Transformed","floor":3.0,"gold_loss":0.0,"damage_taken":0.0,"cards_obtained":["Metallicize"]}],"is_beta":false,"boss_relics":[{"not_picked":["Tiny House","Ectoplasm"],"picked":"Black Star"}],"items_purged_floors":[5,21],"is_endless":false,"potions_floor_spawned":[1,8,12,20],"killed_by":"Snake Plant","ascension_level":20}}