{"host":"qrt7o4dq2qslzw13","time":1613304368,"event":{"mods":["AchievementEnabler","BaseMod","Colored Map","Colored Powertips","Minty Spire (QoL Compilation)","Quick Restart","StSLib","SuperFastMode"],"gold_per_floor":[118,118,118,268,268,268,283,283,283,283,283,283,323,346,346,346,346],"floor_reached":16,"language":"ENG","playtime":131,"items_purged":[],"score":242,"play_id":"6990a97e-2e1b-466e-9a26-3a262de0027a","local_time":"20210214070608","is_ascension_mode":true,"campfire_choices":[{"floor":6.0,"key":"REST"},{"data":"Thunderclap","floor":8.0,"key":"SMITH"},{"data":"Bash","floor":10.0,"key":"SMITH"},{"data":"Pummel","floor":11.0,"key":"SMITH"},{"floor":12.0,"key":"REST"},{"data":"Barricade","floor":15.0,"key":"SMITH"}],"circlet_count":0,"master_deck":["AscendersBane","Strike_R","Strike_R","Strike_R","Strike_R","Strike_R+1","Defend_R","Defend_R","Defend_R+1","Defend_R","Bash+1","Thunderclap+1","Doubt","Pummel+1","Sever Soul","Barricade+1"],"relics":["Burning Blood","NeowsBlessing","Golden Idol","Question Card","WingedGreaves","Calipers"],"acts_visited":["Exordium"],"potions_floor_usage":[16],"damage_taken":[{"damage":0.0,"enemies":"Small Slimes","floor":1.0,"turns":1.0},{"damage":0.0,"enemies":"Jaw Worm","floor":7.0,"turns":1.0},{"damage":0.0,"enemies":"3 Sentries","floor":13.0,"turns":2.0},{"damage":0.0,"enemies":"2 Louse","floor":14.0,"turns":2.0},{"damage":79,"enemies":"Hexaghost","floor":16,"turns":9}],"seed_played":"-4804448080166874673","potions_obtained":[{"floor":13.0,"key":"SpeedPotion"}],"is_trial":false,"path_per_floor":["M","?","?","?","T","R","M","R","T","R","R","R","E","M","R","B"],"character_chosen":"IRONCLAD","items_purchased":[],"campfire_rested":2,"item_purchase_floors":[],"current_hp_per_floor":[74,48,25,25,25,47,53,53,53,53,53,75,75,75,75,0,0],"gold":346,"neow_bonus":"THREE_ENEMY_KILL","is_daily":false,"chose_seed":false,"campfire_upgraded":4,"win_rate":0.0,"timestamp":1613304368,"path_taken":["M","?","?","?","?","R","M","R","T","R","R","R","E","M","R","BOSS"],"items_purchased_type":[],"build_version":"2020-12-22","purchased_purges":0,"victory":false,"max_hp_per_floor":[75,75,75,75,75,75,75,75,75,75,75,75,75,75,75,75,75],"card_choices":[{"not_picked":["Sword Boomerang","Perfected Strike"],"picked":"Thunderclap","floor":1.0},{"not_picked":["Body Slam","Headbutt","Clash"],"picked":"Pummel","floor":7.0},{"not_picked":["Perfected Strike","Clash","Clothesline"],"picked":"Sever Soul","floor":13.0},{"not_picked":["Clash","Anger","Battle Trance"],"picked":"Barricade","floor":14.0}],"player_experience":637837,"relics_obtained":[{"floor":5.0,"key":"Question Card"},{"floor":9.0,"key":"WingedGreaves"},{"floor":13.0,"key":"Calipers"}],"event_choices":[{"damage_healed":0.0,"max_hp_gain":0.0,"max_hp_loss":0.0,"gold_gain":0.0,"event_name":"Golden Idol","player_choice":"Take Damage","floor":2.0,"gold_loss":0.0,"damage_taken":26.0,"relics_obtained":["Golden Idol"]},{"damage_healed":0.0,"max_hp_gain":0.0,"max_hp_loss":0.0,"gold_gain":0.0,"event_name":"Shining Light","player_choice":"Entered Light","floor":3.0,"gold_loss":0.0,"damage_taken":23.0,"cards_upgraded":["Defend_R","Strike_R"]},{"damage_healed":0.0,"max_hp_gain":0.0,"max_hp_loss":0.0,"gold_gain":150.0,"event_name":"Liars Game","player_choice":"AGREE","floor":4.0,"gold_loss":0.0,"damage_taken":0.0,"cards_obtained":["Doubt"]}],"is_beta":false,"boss_relics":[],"items_purged_floors":[],"is_endless":false,"potions_floor_spawned":[13],"killed_by":"Hexaghost","ascension_level":20}}