{"host":"36t3qd3wjvajtu1z","time":1613262549,"event":{"mods":["2.2 Compatiblity","AchievementEnabler","BaseMod","Bestiary","Block Reminder","Colored Powertips","Curses Come First","Highlight Path","Minty Spire (QoL Compilation)","Permanent Neow","Quick Restart","Random Character Button","Rare Cards Sparkle","Relic Stats","Slay-I","StSLib","Unknown Chances"],"gold_per_floor":[112,0,17,17,37,37,53,53,79,79,79,97,136,167,179,282,294,330,232,268,280,280],"floor_reached":21,"language":"ENG","playtime":1167,"items_purged":["Strike_R"],"score":362,"play_id":"e3cccfce-e7e1-4fd6-92c2-08d71abb071c","local_time":"20210213162909","is_ascension_mode":true,"campfire_choices":[{"data":"Uppercut","floor":6,"key":"SMITH"},{"data":"Metallicize","floor":8,"key":"SMITH"},{"data":"Fire Breathing","floor":10,"key":"SMITH"},{"data":"Hemokinesis","floor":15,"key":"SMITH"}],"circlet_count":0,"master_deck":["AscendersBane","Strike_R","Strike_R","Strike_R","Defend_R","Defend_R","Defend_R","Defend_R","Bash","Hemokinesis+1","Uppercut+1","Metallicize+1","Fire Breathing+1","Reckless Charge","Feed+1","Sever Soul"],"relics":["Burning Blood","Art of War","Golden Idol","Strawberry","MawBank","Black Star"],"acts_visited":["Exordium","TheCity"],"potions_floor_usage":[7,13,16,16,20],"damage_taken":[{"damage":2,"enemies":"Cultist","floor":1,"turns":4},{"damage":12,"enemies":"Small Slimes","floor":3,"turns":4},{"damage":0,"enemies":"Jaw Worm","floor":5,"turns":4},{"damage":10,"enemies":"Large Slime","floor":7,"turns":6},{"damage":3,"enemies":"Gremlin Gang","floor":12,"turns":4},{"damage":24,"enemies":"Lagavulin","floor":13,"turns":7},{"damage":3,"enemies":"Looter","floor":14,"turns":3},{"damage":33,"enemies":"Hexaghost","floor":16,"turns":8},{"damage":30,"enemies":"Chosen","floor":18,"turns":5},{"damage":36,"enemies":"3 Byrds","floor":20,"turns":4},{"damage":11,"enemies":"Snake Plant","floor":21,"turns":1}],"seed_played":"-3450739469756647214","potions_obtained":[{"floor":1,"key":"Block Potion"},{"floor":5,"key":"LiquidMemories"},{"floor":12,"key":"EssenceOfSteel"},{"floor":14,"key":"PowerPotion"},{"floor":16,"key":"LiquidBronze"}],"is_trial":false,"path_per_floor":["M","$","M","?","M","R","M","R","T","R","$","M","E","M","R","B",null,"M","?","M","M"],"character_chosen":"IRONCLAD","items_purchased":["Uppercut"],"campfire_rested":0,"item_purchase_floors":[2],"current_hp_per_floor":[72,72,66,40,46,46,42,42,49,49,49,52,34,37,37,10,64,40,40,10,0,0],"gold":280,"neow_bonus":"RANDOM_COMMON_RELIC","is_daily":false,"chose_seed":false,"campfire_upgraded":4,"win_rate":0.0,"timestamp":1613262549,"path_taken":["M","?","M","?","M","R","M","R","T","R","?","M","E","M","R","BOSS","M","?","M","M"],"items_purchased_type":["Card"],"build_version":"2020-12-22","purchased_purges":1,"victory":false,"max_hp_per_floor":[75,75,75,75,75,75,75,75,82,82,82,82,82,82,82,82,82,82,82,82,82,82],"relic_stats":{"counters":[11,50],"Golden Idol":51,"Art of War":[6],"Black Star":0,"MawBank":96,"obtain_stats":[{"Golden Idol":4,"Strawberry":9,"Art of War":0,"Black Star":17,"MawBank":13,"Burning Blood":0},{"Golden Idol":2,"Strawberry":4,"Art of War":0,"Black Star":8,"MawBank":6,"Burning Blood":0},{"Golden Idol":8,"Strawberry":18,"Art of War":0,"Black Star":40,"MawBank":29,"Burning Blood":0}],"Burning Blood":60},"card_choices":[{"not_picked":["Burning Pact","Thunderclap"],"picked":"Hemokinesis","floor":1},{"not_picked":["Cleave","Armaments"],"picked":"Metallicize","floor":3},{"not_picked":["Flame Barrier","Twin Strike"],"picked":"Fire Breathing","floor":5},{"not_picked":["Seeing Red","Heavy Blade"],"picked":"Reckless Charge","floor":7},{"not_picked":["Perfected Strike","Wild Strike","Warcry"],"picked":"SKIP","floor":12},{"not_picked":["Body Slam","Blood for Blood","Cleave"],"picked":"SKIP","floor":13},{"not_picked":["Havoc","Cleave","Anger"],"picked":"SKIP","floor":14},{"not_picked":["Exhume","Offering"],"picked":"Feed","floor":16},{"not_picked":["Pommel Strike","Clothesline"],"picked":"Sever Soul","floor":18},{"not_picked":["Sword Boomerang","Shockwave","Cleave"],"picked":"SKIP","floor":20}],"player_experience":514301,"relics_obtained":[{"floor":9,"key":"Strawberry"},{"floor":13,"key":"MawBank"}],"event_choices":[{"damage_healed":0,"gold_gain":0,"player_choice":"Take Damage","damage_taken":26,"relics_obtained":["Golden Idol"],"max_hp_gain":0,"max_hp_loss":0,"event_name":"Golden Idol","floor":4,"gold_loss":0},{"cards_removed":["Strike_R"],"damage_healed":0,"gold_gain":0,"player_choice":"Upgrade and Remove","damage_taken":0,"max_hp_gain":0,"max_hp_loss":0,"event_name":"Designer","floor":19,"gold_loss":110,"cards_upgraded":["Feed"]}],"is_beta":false,"boss_relics":[{"not_picked":["Tiny House","Runic Dome"],"picked":"Black Star"}],"items_purged_floors":[2],"is_endless":false,"potions_floor_spawned":[1,5,12,14,16],"killed_by":"Snake Plant","ascension_level":20}}