{"host":"sc0o2qwpf9j16a4i","time":1613326194,"event":{"mods":["AchievementEnabler","BaseMod","BetterRewards","Block Reminder","Colored Map","Colored Powertips","Custom Start","Highlight Path","Minty Spire (QoL Compilation)","Relic Stats"],"gold_per_floor":[369,369,13,27,27,27,27],"floor_reached":6,"language":"ENG","playtime":147,"items_purged":[],"score":68,"play_id":"5192c8ac-4f23-4c79-a58f-4e791309d002","local_time":"20210214200954","is_ascension_mode":true,"campfire_choices":[],"circlet_count":0,"master_deck":["AscendersBane","Strike_R","Strike_R","Strike_R","Strike_R","Strike_R","Defend_R","Defend_R","Defend_R","Defend_R","Bash+1","Whirlwind","Feel No Pain","Pummel"],"relics":["Burning Blood","Oddly Smooth Stone"],"acts_visited":["Exordium"],"potions_floor_usage":[6],"damage_taken":[{"damage":11.0,"enemies":"Jaw Worm","floor":1.0,"turns":5.0},{"damage":1.0,"enemies":"2 Louse","floor":4.0,"turns":2.0},{"damage":57,"enemies":"Lagavulin","floor":6,"turns":7}],"seed_played":"-3786928611621858661","potions_obtained":[],"is_trial":false,"path_per_floor":["M","?","$","M","?","E"],"character_chosen":"IRONCLAD","items_purchased":["Feel No Pain","Oddly Smooth Stone","Fruit Juice"],"campfire_rested":0,"item_purchase_floors":[3,3,3],"current_hp_per_floor":[45,45,45,50,50,0,0],"gold":27,"neow_bonus":"TWO_FIFTY_GOLD","is_daily":false,"chose_seed":false,"campfire_upgraded":0,"win_rate":0.0,"timestamp":1613326194,"path_taken":["M","?","$","M","?","E"],"items_purchased_type":["Card","Relic","Potion"],"build_version":"2020-12-22","purchased_purges":0,"victory":false,"max_hp_per_floor":[75,75,75,75,75,80,80],"relic_stats":{"counters":[3,14],"obtain_stats":[{"Oddly Smooth Stone":3,"Burning Blood":0},{"Oddly Smooth Stone":1,"Burning Blood":0},{"Oddly Smooth Stone":5,"Burning Blood":0}],"Burning Blood":12},"card_choices":[{"not_picked":["Flex","Perfected Strike"],"picked":"Whirlwind","floor":1.0},{"not_picked":["Perfected Strike","Iron Wave"],"picked":"Pummel","floor":4.0}],"player_experience":1429161,"relics_obtained":[],"event_choices":[{"damage_healed":0.0,"max_hp_gain":0.0,"max_hp_loss":0.0,"gold_gain":0.0,"event_name":"Living Wall","player_choice":"Grow","floor":2.0,"gold_loss":0.0,"damage_taken":0.0,"cards_upgraded":["Bash"]},{"damage_healed":0.0,"max_hp_gain":0.0,"max_hp_loss":0.0,"gold_gain":0.0,"event_name":"Liars Game","player_choice":"Ignored","floor":5.0,"gold_loss":0.0,"damage_taken":0.0}],"is_beta":false,"boss_relics":[],"items_purged_floors":[],"is_endless":false,"potions_floor_spawned":[],"killed_by":"Lagavulin","ascension_level":20}}