{"host":"nsc6ozq3atyrdr3m","time":1613338080,"event":{"mods":["BaseMod","Colored Map","Minty Spire (QoL Compilation)"],"gold_per_floor":[19,19,29,29,204,57,132,132,132,132,147,165,95,108,108,231,231,245,205,205,230,230,230],"floor_reached":22,"language":"FRA","playtime":477,"items_purged":["Doubt"],"score":209,"play_id":"09ce546a-1b8b-493e-b985-383372c75023","local_time":"20210214222800","is_ascension_mode":true,"campfire_choices":[{"data":"Defragment","floor":8,"key":"SMITH"},{"data":"Skim","floor":10,"key":"SMITH"},{"data":"Creative AI","floor":15,"key":"SMITH"}],"circlet_count":0,"master_deck":["Strike_B","Strike_B","Defend_B","Defend_B","Defend_B","Defend_B","Zap","Dualcast","Skim+1","Cold Snap","Defragment+1","Creative AI+1","Steam","Storm","Conserve Battery","Rainbow","Heatsinks","Storm","Storm"],"relics":["FrozenCore","Golden Idol","InkBottle"],"acts_visited":["Exordium","TheCity"],"potions_floor_usage":[16],"damage_taken":[{"damage":0,"enemies":"2 Louse","floor":1,"turns":2},{"damage":3,"enemies":"Jaw Worm","floor":3,"turns":5},{"damage":1,"enemies":"Small Slimes","floor":11,"turns":3},{"damage":22,"enemies":"3 Louse","floor":12,"turns":3},{"damage":4,"enemies":"Red Slaver","floor":14,"turns":4},{"damage":17,"enemies":"Slime Boss","floor":16,"turns":6},{"damage":8,"enemies":"Spheric Guardian","floor":18,"turns":5},{"damage":33,"enemies":"2 Thieves","floor":21,"turns":4},{"damage":10,"enemies":"Cultist and Chosen","floor":22,"turns":3}],"seed_played":"8599228087980267361","potions_obtained":[{"floor":3,"key":"FairyPotion"},{"floor":11,"key":"SpeedPotion"},{"floor":14,"key":"FocusPotion"}],"is_trial":false,"path_per_floor":["M","$","M","?","?","$","?","R","T","R","M","M","$","M","R","B",null,"M","$","?","M","M"],"character_chosen":"DEFECT","items_purchased":["Defragment","Storm","Storm"],"campfire_rested":0,"item_purchase_floors":[6,13,19],"current_hp_per_floor":[75,75,72,69,69,69,58,58,58,58,57,35,35,31,31,14,69,61,61,61,28,18,18],"gold":230,"neow_bonus":"REMOVE_TWO","is_daily":false,"chose_seed":false,"campfire_upgraded":3,"win_rate":0.0,"timestamp":1613338080,"path_taken":["M","$","M","?","?","$","?","R","T","R","M","M","?","M","R","BOSS","M","$","?","M","M"],"items_purchased_type":["Card","Card","Card"],"build_version":"2020-12-22","purchased_purges":1,"victory":false,"max_hp_per_floor":[75,75,75,69,69,69,69,69,69,69,69,69,69,69,69,69,69,69,69,69,69,69,69],"card_choices":[{"not_picked":["Sweeping Beam","Rebound"],"picked":"Skim","floor":1},{"not_picked":["Coolheaded","Steam"],"picked":"Cold Snap","floor":3},{"not_picked":["Beam Cell","Gash"],"picked":"Creative AI","floor":11},{"not_picked":["Undo","Barrage"],"picked":"Steam","floor":12},{"not_picked":["Cold Snap","Coolheaded"],"picked":"Conserve Battery","floor":14},{"not_picked":["Hyperbeam","Creative AI"],"picked":"Rainbow","floor":16},{"not_picked":["Cold Snap+1","FTL"],"picked":"Heatsinks","floor":18},{"not_picked":["Gash+1","Skim"],"picked":"Storm","floor":21}],"player_experience":418264,"relics_obtained":[{"floor":9,"key":"InkBottle"}],"event_choices":[{"damage_healed":0,"gold_gain":0,"player_choice":"Lose Max HP","damage_taken":0,"relics_obtained":["Golden Idol"],"max_hp_gain":0,"max_hp_loss":6,"event_name":"Golden Idol","floor":4,"gold_loss":0},{"damage_healed":0,"gold_gain":175,"player_choice":"AGREE","damage_taken":0,"max_hp_gain":0,"max_hp_loss":0,"event_name":"Liars Game","floor":5,"gold_loss":0,"cards_obtained":["Doubt"]},{"damage_healed":0,"gold_gain":75,"player_choice":"Gather Gold","damage_taken":11,"max_hp_gain":0,"max_hp_loss":0,"event_name":"World of Goop","floor":7,"gold_loss":0},{"damage_healed":0,"gold_gain":0,"player_choice":"Ignored","damage_taken":0,"max_hp_gain":0,"max_hp_loss":0,"event_name":"Ghosts","floor":20,"gold_loss":0}],"is_beta":false,"boss_relics":[{"not_picked":["Ectoplasm","Runic Dome"],"picked":"FrozenCore"}],"items_purged_floors":[6],"is_endless":false,"potions_floor_spawned":[3,11,14,18],"killed_by":"Cultist and Chosen","ascension_level":4}}