{"host":"n5x0e04y88v3omrc","time":1613281528,"event":{"mods":["Aspiration","BaseMod","Colored Powertips","Downfall","Minty Spire (QoL Compilation)","Replay The Spire","Shop Mod","StSLib"],"gold_per_floor":[114,114,114,127,144,144,176,188,188,206,206,225,225,225,225,322,322,339,37,48,78,78,90,90,90,90,90,90],"floor_reached":27,"language":"ZHS","playtime":2359,"items_purged":[],"score":215,"play_id":"779bc61e-075f-449a-b4ab-fc2946e1575d","local_time":"20210214134528","is_ascension_mode":false,"campfire_choices":[{"data":"Tools of the Trade","floor":6,"key":"SMITH"},{"data":"Infinite Blades","floor":11,"key":"SMITH"},{"data":"Underhanded Strike","floor":13,"key":"SMITH"},{"data":"Choke","floor":15,"key":"SMITH"},{"data":"HandOfGreed","floor":24,"key":"SMITH"}],"circlet_count":0,"master_deck":["Strike_G","Strike_G","Strike_G","Strike_G","Defend_G","Defend_G","Defend_G","Defend_G","Survivor","Neutralize","Slice","Finesse","Choke+1","Tools of the Trade+1","Infinite Blades+1","Underhanded Strike+1","Blade Dance","Slice","Injury","Burst+1","Deflect+1","HandOfGreed+1","Flash of Steel","Underhanded Strike","Deadly Poison+1","ReplayTheSpireMod:Scrap Shanks","Poisoned Stab"],"relics":["aspiration:Nostalgia","m_HexaRing","Sizzling Blood","Meat on the Bone","Sundial","Toxic Egg 2","MerchantsRug","aspiration:FrozenJewel"],"acts_visited":["Exordium","TheCity"],"potions_floor_usage":[7,8,27,27],"damage_taken":[{"damage":5,"enemies":"2 Louse","floor":1,"turns":3},{"damage":3,"enemies":"Small Slimes","floor":4,"turns":3},{"damage":4,"enemies":"Cultist","floor":5,"turns":4},{"damage":40,"enemies":"Gremlin Nob","floor":7,"turns":5},{"damage":6,"enemies":"2 Fungi Beasts","floor":8,"turns":4},{"damage":12,"enemies":"3 Louse","floor":10,"turns":4},{"damage":6,"enemies":"Exordium Wildlife","floor":12,"turns":4},{"damage":41,"enemies":"Fading Forest","floor":16,"turns":11},{"damage":19,"enemies":"Spheric Guardian","floor":18,"turns":4},{"damage":3,"enemies":"Chosen","floor":20,"turns":4},{"damage":21,"enemies":"Centurion and Healer","floor":21,"turns":5},{"damage":34,"enemies":"Snake Plant","floor":23,"turns":7},{"damage":32,"enemies":"3 Cultists","floor":27,"turns":4}],"seed_played":"3557536513411876309","potions_obtained":[{"floor":4,"key":"ColorlessPotion"},{"floor":7,"key":"Fruit Juice"},{"floor":12,"key":"Milkshake"},{"floor":16,"key":"SpeedPotion"},{"floor":21,"key":"Slimebound:ThreeZeroPotion"}],"is_trial":false,"path_per_floor":["M","?","?","M","M","R","E","M","T","M","R","M","R","?","R","B",null,"M","$","M","M","?","M","R","?","T","M"],"character_chosen":"THE_SILENT","items_purchased":["MerchantsRug","HandOfGreed","Flash of Steel"],"campfire_rested":0,"item_purchase_floors":[19,19,19],"current_hp_per_floor":[65,69,69,70,70,70,34,49,49,53,53,51,51,51,51,36,79,64,64,65,48,48,30,30,30,30,0,0],"gold":90,"neow_bonus":"NOSTALGIA","is_daily":false,"chose_seed":false,"campfire_upgraded":5,"win_rate":0.0,"timestamp":1613281528,"path_taken":["M","?","?","M","M","R","E","M","T","?","R","M","R","?","R","BOSS","M","$","M","M","?","M","R","?","T","M"],"items_purchased_type":["Relic","Card","Card"],"build_version":"2020-12-22","purchased_purges":0,"victory":false,"max_hp_per_floor":[70,74,74,74,74,74,74,79,79,79,79,79,79,79,79,79,79,79,79,79,79,79,79,79,79,79,79,79],"card_choices":[{"not_picked":["Sneak Up","Acrobatics"],"picked":"Slice","floor":1},{"not_picked":["PiercingWail","Draining Mist","Leg Sweep"],"picked":"SKIP","floor":4},{"not_picked":["PiercingWail","Skewer"],"picked":"Tools of the Trade","floor":5},{"not_picked":["Crippling Poison","Endless Agony"],"picked":"Infinite Blades","floor":7},{"not_picked":["hexamod:Firestarter","Prepared"],"picked":"Underhanded Strike","floor":8},{"not_picked":["ReplayTheSpireMod:Exploit Weakness","hexamod:Firestarter"],"picked":"Blade Dance","floor":10},{"not_picked":["hexamod:Firestarter","Poisoned Stab"],"picked":"Slice","floor":12},{"not_picked":["After Image","Replay:Bag of Tricks+1"],"picked":"Burst+1","floor":16},{"not_picked":["Deadly Poison+1","ReplayTheSpireMod:Speed Training+1"],"picked":"Deflect+1","floor":18},{"not_picked":["Prepared+1","Acrobatics+1","Leg Sweep+1"],"picked":"SKIP","floor":20},{"not_picked":["Flying Knee","Quick Slash"],"picked":"Underhanded Strike","floor":21},{"not_picked":["Deflect+1","Quick Slash"],"picked":"Deadly Poison+1","floor":23}],"player_experience":36209,"relics_obtained":[{"floor":7,"key":"Meat on the Bone"},{"floor":9,"key":"Sundial"},{"floor":26,"key":"aspiration:FrozenJewel"}],"event_choices":[{"damage_healed":0,"gold_gain":0,"player_choice":"2 cards matched","damage_taken":0,"max_hp_gain":0,"max_hp_loss":0,"event_name":"Match and Keep!","floor":3,"gold_loss":0,"cards_obtained":["Finesse","Choke"]},{"damage_healed":0,"gold_gain":0,"player_choice":"Ignored","damage_taken":0,"max_hp_gain":0,"max_hp_loss":0,"event_name":"Ghosts","floor":22,"gold_loss":0},{"damage_healed":0,"gold_gain":0,"cards_transformed":["Strike_G","Defend_G"],"player_choice":"Became Test Subject","damage_taken":0,"max_hp_gain":0,"max_hp_loss":0,"event_name":"Drug Dealer","floor":25,"gold_loss":0,"cards_obtained":["ReplayTheSpireMod:Scrap Shanks","Poisoned Stab"]}],"is_beta":false,"boss_relics":[{"not_picked":["ReplayTheSpireMod:DimensionalGlitch","Ectoplasm"],"picked":"Runic Dome"}],"items_purged_floors":[],"is_endless":false,"potions_floor_spawned":[4,7,12,16,21],"killed_by":"3 Cultists","ascension_level":0}}