{"host":"pqs17sqrgflf4eqa","time":1613344414,"event":{"mods":["AchievementEnabler","BaseMod","Bestiary","Better Altar","Better Match","Better Skull","Block Reminder","Bossed Relics","Colored Map","Colored Powertips","Curses Come First","Dark Map","DeckTracker","Defective Defect","Displayed Cursed Tome","Emptier Cage","Googly Eyes","Highlight Path","Minty Spire (QoL Compilation)","Quick Restart","Slay-I","StSLib","SuperFastMode","Synergy Search","Thieving Mod","Transform Curses","everything is the same but u backflip on backflip","slay the spire mod where everything is the same but ironclad has a cowboy hat"],"gold_per_floor":[118,138,138,93,93,128,147,180,180,180,214,228,55,68,68,164,164,183,403,413,65,82,82,110,110,137,162,162,162],"floor_reached":28,"language":"ENG","playtime":621,"items_purged":["Strike_G","Regret"],"score":359,"play_id":"2fe07b8a-49ed-4872-8cb4-1c5114af887d","local_time":"20210214181334","is_ascension_mode":true,"campfire_choices":[{"data":"Corpse Explosion","floor":10,"key":"SMITH"},{"data":"Survivor","floor":15,"key":"SMITH"},{"floor":23,"key":"REST"},{"floor":25,"key":"REST"}],"circlet_count":0,"master_deck":["Strike_G","Strike_G","Strike_G","Strike_G","Defend_G","Defend_G","Defend_G","Defend_G","Defend_G","Survivor+1","Neutralize","Corpse Explosion+1","Poisoned Stab","Noxious Fumes","Deadly Poison","Dagger Spray","Terror","Backflip","Deadly Poison","Bouncing Flask","PiercingWail","Footwork","Catalyst","Dagger Spray+1","Adrenaline","Venomology"],"relics":["Ring of the Snake","Sling","Eternal Feather","Singing Bowl","Oddly Smooth Stone","HornCleat","Mummified Hand","Letter Opener","Empty Cage","Toy Ornithopter","Ancient Tea Set","Pen Nib","Bag of Preparation","Kunai"],"acts_visited":["Exordium","TheCity"],"potions_floor_usage":[5,6,6,6,12,14,16,16,22,22,22],"damage_taken":[{"damage":0,"enemies":"Small Slimes","floor":1,"turns":3},{"damage":6,"enemies":"Cultist","floor":2,"turns":3},{"damage":20,"enemies":"Lagavulin","floor":6,"turns":3},{"damage":0,"enemies":"2 Louse","floor":7,"turns":2},{"damage":9,"enemies":"3 Sentries","floor":8,"turns":3},{"damage":16,"enemies":"Gremlin Nob","floor":11,"turns":4},{"damage":0,"enemies":"Gremlin Gang","floor":12,"turns":1},{"damage":12,"enemies":"2 Fungi Beasts","floor":14,"turns":3},{"damage":29,"enemies":"Slime Boss","floor":16,"turns":8},{"damage":14,"enemies":"Spheric Guardian","floor":18,"turns":5},{"damage":6,"enemies":"Shell Parasite","floor":20,"turns":4},{"damage":0,"enemies":"Snecko","floor":22,"turns":3},{"damage":46,"enemies":"Book of Stabbing","floor":24,"turns":5},{"damage":29,"enemies":"Slavers","floor":27,"turns":2},{"damage":17,"enemies":"Centurion and Healer","floor":28,"turns":3}],"seed_played":"563881811871587749","potions_obtained":[{"floor":3,"key":"SteroidPotion"},{"floor":3,"key":"ThievingMod:ThievingPotion"},{"floor":3,"key":"LiquidBronze"},{"floor":7,"key":"Weak Potion"},{"floor":8,"key":"Strength Potion"},{"floor":11,"key":"SkillPotion"},{"floor":12,"key":"FairyPotion"},{"floor":14,"key":"CunningPotion"},{"floor":20,"key":"GamblersBrew"}],"is_trial":false,"path_per_floor":["M","M","?","$","$","E","M","E","T","R","E","M","$","M","R","B",null,"M","?","M","$","M","R","E","R","T","E","M"],"character_chosen":"THE_SILENT","items_purchased":["Deadly Poison","Poison Potion","PiercingWail","Poison Potion","Poison Potion","Ancient Tea Set"],"campfire_rested":2,"item_purchase_floors":[4,13,13,21,21,21],"current_hp_per_floor":[63,57,57,57,57,37,37,30,30,39,23,23,3,16,31,4,51,37,8,4,4,19,51,5,40,40,11,0,0],"gold":162,"neow_bonus":"THREE_RARE_CARDS","is_daily":false,"chose_seed":false,"campfire_upgraded":2,"win_rate":0.0,"timestamp":1613344414,"path_taken":["M","M","?","?","$","E","M","E","T","R","E","M","$","M","R","BOSS","M","?","M","$","?","R","E","R","T","E","M"],"items_purchased_type":["Card","Potion","Card","Potion","Potion","Relic"],"build_version":"2020-12-22","purchased_purges":2,"victory":false,"max_hp_per_floor":[63,63,63,63,63,63,63,65,65,65,65,65,65,65,65,67,67,67,67,69,69,69,69,69,69,69,69,69,69],"card_choices":[{"not_picked":["Tools of the Trade","Glass Knife"],"picked":"Corpse Explosion","floor":0},{"not_picked":["Underhanded Strike","Bane"],"picked":"Poisoned Stab","floor":1},{"not_picked":["Dodge and Roll","Eviscerate"],"picked":"Noxious Fumes","floor":2},{"not_picked":["Calculated Gamble","Deflect"],"picked":"Terror","floor":6},{"not_picked":["Riddle With Holes","Underhanded Strike"],"picked":"Backflip","floor":7},{"not_picked":["Dagger Throw","Quick Slash","Choke"],"picked":"Singing Bowl","floor":8},{"not_picked":["Infinite Blades","Flechettes"],"picked":"Deadly Poison","floor":11},{"not_picked":["Deflect","Unload"],"picked":"Bouncing Flask","floor":12},{"not_picked":["Bane","Cloak And Dagger"],"picked":"Footwork","floor":14},{"not_picked":["Corpse Explosion","Tools of the Trade","Bullet Time"],"picked":"Singing Bowl","floor":16},{"not_picked":["Calculated Gamble","Quick Slash"],"picked":"Catalyst","floor":18},{"not_picked":["Crippling Poison","Blur","Predator"],"picked":"Singing Bowl","floor":20},{"not_picked":["Blade Dance+1","Quick Slash"],"picked":"Dagger Spray+1","floor":22},{"not_picked":["Setup+1","All Out Attack"],"picked":"Adrenaline","floor":24},{"not_picked":["Bane","Masterful Stab+1"],"picked":"Venomology","floor":27}],"player_experience":209194,"relics_obtained":[{"floor":6,"key":"Oddly Smooth Stone"},{"floor":8,"key":"HornCleat"},{"floor":9,"key":"Mummified Hand"},{"floor":11,"key":"Letter Opener"},{"floor":24,"key":"Pen Nib"},{"floor":26,"key":"Bag of Preparation"},{"floor":27,"key":"Kunai"}],"event_choices":[{"damage_healed":0,"gold_gain":0,"player_choice":"Got Potions","damage_taken":0,"max_hp_gain":0,"max_hp_loss":0,"event_name":"Lab","floor":3,"gold_loss":0},{"damage_healed":0,"gold_gain":220,"player_choice":"GO GO RE ","damage_taken":33,"relics_obtained":["Toy Ornithopter"],"max_hp_gain":0,"max_hp_loss":0,"event_name":"betterSkull:BetterSkull","floor":19,"gold_loss":0,"cards_upgraded":[]}],"is_beta":false,"boss_relics":[{"not_picked":["SacredBark","WristBlade"],"picked":"Empty Cage"}],"items_purged_floors":[13,21],"is_endless":false,"potions_floor_spawned":[7,8,11,12,14,20],"killed_by":"Centurion and Healer","ascension_level":6}}