{"host":"zlmf7uudqr1sj8t0","time":1613295088,"event":{"mods":["BaseMod","Colored Map","DeckTracker","Highlight Path","Minty Spire (QoL Compilation)","Practice Mode"],"gold_per_floor":[111,111,129,144,144,144,219,253,253,296,296,319,0,0,0,0,0],"floor_reached":16,"language":"ENG","playtime":755,"items_purged":[],"score":119,"play_id":"b29c9d4b-912a-404e-b952-22a478e16fe2","local_time":"20210214013128","is_ascension_mode":true,"campfire_choices":[{"data":"Dualcast","floor":6,"key":"SMITH"},{"floor":11,"key":"REST"},{"floor":15,"key":"REST"}],"circlet_count":0,"master_deck":["Strike_B","Strike_B","Strike_B","Defend_B","Defend_B","Defend_B","Zap","Dualcast+1","Conserve Battery","Injury","Chaos+1","Cold Snap","Thunder Strike","Static Discharge","Streamline"],"relics":["Cracked Core","Golden Idol","Mango","Shuriken","InkBottle","Prayer Wheel"],"acts_visited":["Exordium"],"potions_floor_usage":[],"damage_taken":[{"damage":0,"enemies":"Small Slimes","floor":1,"turns":3},{"damage":0,"enemies":"2 Louse","floor":3,"turns":2},{"damage":1,"enemies":"Cultist","floor":4,"turns":3},{"damage":30,"enemies":"Lagavulin","floor":8,"turns":10},{"damage":22,"enemies":"Gremlin Nob","floor":10,"turns":5},{"damage":32,"enemies":"Gremlin Gang","floor":12,"turns":5},{"damage":34,"enemies":"Slime Boss","floor":16,"turns":5}],"seed_played":"-6658778044402022064","potions_obtained":[{"floor":3,"key":"LiquidMemories"},{"floor":4,"key":"Strength Potion"}],"is_trial":false,"path_per_floor":["M","?","M","M","?","R","?","E","T","E","R","M","$","?","R","B"],"character_chosen":"DEFECT","items_purchased":["Streamline","Prayer Wheel"],"campfire_rested":2,"item_purchase_floors":[13,13],"current_hp_per_floor":[68,68,68,67,67,67,56,40,40,18,42,10,10,10,34,0,0],"gold":0,"neow_bonus":"REMOVE_TWO","is_daily":false,"chose_seed":false,"campfire_upgraded":1,"win_rate":0.0,"timestamp":1613295088,"path_taken":["M","?","M","M","?","R","?","E","T","E","R","M","$","?","R","BOSS"],"items_purchased_type":["Card","Relic"],"build_version":"2020-12-22","purchased_purges":0,"victory":false,"max_hp_per_floor":[68,68,68,68,68,68,68,82,82,82,82,82,82,82,82,82,82],"card_choices":[{"not_picked":["Hologram","Loop"],"picked":"Conserve Battery","floor":1},{"not_picked":["Stack","Glacier"],"picked":"Chaos","floor":3},{"not_picked":["Sweeping Beam","Gash"],"picked":"Cold Snap","floor":4},{"not_picked":["Rip and Tear","Go for the Eyes"],"picked":"Thunder Strike","floor":8},{"not_picked":["Glacier","Redo","Coolheaded"],"picked":"SKIP","floor":10},{"not_picked":["Aggregate","Barrage"],"picked":"Static Discharge","floor":12}],"player_experience":132104,"relics_obtained":[{"floor":8,"key":"Mango"},{"floor":9,"key":"Shuriken"},{"floor":10,"key":"InkBottle"}],"event_choices":[{"damage_healed":0,"gold_gain":0,"player_choice":"Take Wound","damage_taken":0,"relics_obtained":["Golden Idol"],"max_hp_gain":0,"max_hp_loss":0,"event_name":"Golden Idol","floor":2,"gold_loss":0,"cards_obtained":["Injury"]},{"damage_healed":0,"gold_gain":0,"player_choice":"Grow","damage_taken":0,"max_hp_gain":0,"max_hp_loss":0,"event_name":"Living Wall","floor":5,"gold_loss":0,"cards_upgraded":["Chaos"]},{"damage_healed":0,"gold_gain":75,"player_choice":"Gather Gold","damage_taken":11,"max_hp_gain":0,"max_hp_loss":0,"event_name":"World of Goop","floor":7,"gold_loss":0},{"damage_healed":0,"gold_gain":0,"player_choice":"Fled","damage_taken":0,"max_hp_gain":0,"max_hp_loss":0,"event_name":"Scrap Ooze","floor":14,"gold_loss":0}],"is_beta":false,"boss_relics":[],"items_purged_floors":[],"is_endless":false,"potions_floor_spawned":[3,4],"killed_by":"Slime Boss","ascension_level":2}}