{"host":"64qzurqwi0x0qgxo","time":1613277954,"event":{"mods":["Act Like it!","BaseMod","Colored Powertips","Downfall","Googly Eyes","Minty Spire (QoL Compilation)","Relic Stats","Replay The Spire","StSLib","noobMod"],"gold_per_floor":[99,112,125,136,136,71790,71815,71815,71815,71847,71866,70723,70742,70757,70772,70877,70877,70677,70693,69794,69794,68689,68715,68741,68741,68741,68741,68741,68741,68741,67673,67686,67790,67890,67890,67903,67177,67177,67231,67263,67288,67321,67341,67395,67295,67315,67315,67340,67359,67359,67359,67390,66662,66662,66662,66662],"floor_reached":57,"language":"ZHS","playtime":2088,"items_purged":["champ:Defend","downfall:Malfunctioning","champ:Backstep","champ:Defend","champ:CalledShot+1","champ:Taunt","champ:Defend"],"score":1701,"play_id":"d16a33eb-aa48-455e-a9ac-1c3563a25445","local_time":"20210214124553","is_ascension_mode":false,"campfire_choices":[{"floor":1,"key":"RECALL"},{"data":"champ:BerserkersShout","floor":18,"key":"SMITH"},{"floor":25,"key":"DIG"},{"floor":27,"key":"DIG"},{"floor":30,"key":"DIG"},{"floor":35,"key":"DIG"},{"floor":45,"key":"DIG"},{"floor":47,"key":"DIG"},{"floor":54,"key":"DIG"}],"circlet_count":0,"master_deck":["champ:Strike","champ:Strike","champ:Strike","champ:Execute+1","champ:Haymaker","champ:FanOfKnives+1","champ:GutPunch+1","champ:DeathBlow","champ:BringItOn","champ:GladiatorStyle","champ:HeartStrike","champ:Haymaker","champ:Shatter","champ:BerserkersShout","champ:GladiatorStyle+1","champ:SwordThrow+1","ReplayUltimateDefense+1","champ:EnragedBash+1","champ:BerserkersShout+1","champ:EnragedBash","champ:BladeFlurry","champ:CheapShot+1","champ:Shatter+1","champ:Lariat+1","champ:HeavySlash+1","champ:RecklessLeap+1","champ:ShieldWall+1","expansioncontent:DashGenerateEvil+1","champ:Improvising+1","champ:Haymaker+1","champ:GutPunch+1","Poisoned Strike+1","champ:Haymaker+1","downfall:Bewildered","Pain","champ:StrikeOfGenius+1","champ:DeathBlow+1","champ:MurderStrike+1","champ:SteelEdge+1","champ:Haymaker+1","champ:StanceDance+1","champ:StanceDance+1","expansioncontent:StudyTheSpire+1","champ:PreciseThrust","champ:GutPunch+1","champ:HeavySlash+1","Parasite","champ:CrownThrow+1","champ:CrownThrow+1","champ:FanOfKnives+1","champ:Haymaker+1"],"relics":["champ:ChampionCrown","ice","Orichalcum","Simple Rune","Boot","TheAbacus","Art of War","Golden Egg","Coffee Dripper","downfall:HeartBlessingBlue","downfall:HeartBlessingRed","champ:BerserkersGuideToSlaughter","Tiny Chest","Shovel","Chemical X","champ:DefensiveTrainingManual","FossilizedHelix","Bird Faced Urn","PreservedInsect","Replay:Bottled Steam","sneckomod:BabySnecko","Bag of Preparation","WarpedTongs","Ornamental Fan","Replay:Bottled Eggs","Singing Bowl","Ice Cream","Replay:Wanted Poster","Incense Burner","Blue Doll","Pet Ghost","Counterbalance","ReplayTheSpireMod:TigerMarble","ReplayFunnel","Oddly Smooth Stone","MealTicket","downfall:HeartBlessingGreen","Whetstone","Shuriken","Smiling Mask","Quantum Egg","HornCleat","Garlic","Frozen Eye","Pantograph"],"acts_visited":["Exordium","TheCity","TheBeyond","TheEnding"],"potions_floor_usage":[],"damage_taken":[{"damage":21,"enemies":"Cultist","floor":2,"turns":4},{"damage":13,"enemies":"Jaw Worm","floor":3,"turns":3},{"damage":15,"enemies":"2 Louse","floor":4,"turns":2},{"damage":15,"enemies":"downfall:FleeingMerchant","floor":6,"turns":4},{"damage":52,"enemies":"Lagavulin","floor":10,"turns":7},{"damage":19,"enemies":"Blue Slaver","floor":11,"turns":3},{"damage":15,"enemies":"downfall:FleeingMerchant","floor":12,"turns":4},{"damage":5,"enemies":"Red Slaver","floor":13,"turns":2},{"damage":25,"enemies":"downfall:LooterAlt","floor":14,"turns":3},{"damage":26,"enemies":"2 Fungi Beasts","floor":15,"turns":4},{"damage":84,"enemies":"DF_ARCHETYPE_STREAMLINE","floor":16,"turns":8},{"damage":5,"enemies":"Chosen","floor":19,"turns":2},{"damage":33,"enemies":"downfall:FleeingMerchant","floor":20,"turns":5},{"damage":32,"enemies":"Gremlin Leader","floor":23,"turns":4},{"damage":10,"enemies":"3 Byrds","floor":32,"turns":2},{"damage":19,"enemies":"WA_ARCHETYPE_CALM","floor":33,"turns":3},{"damage":40,"enemies":"3 Darklings","floor":36,"turns":2},{"damage":55,"enemies":"2 Orb Walkers","floor":39,"turns":2},{"damage":0,"enemies":"R_Hoarder","floor":40,"turns":2},{"damage":15,"enemies":"Reptomancer","floor":42,"turns":1},{"damage":9,"enemies":"3 Shapes","floor":43,"turns":2},{"damage":0,"enemies":"Writhing Mass","floor":46,"turns":2},{"damage":0,"enemies":"Jaw Worm Horde","floor":49,"turns":1},{"damage":34,"enemies":"IC_BLOCK_ARCHETYPE","floor":50,"turns":4},{"damage":0,"enemies":"downfall:CharBossMerchant","floor":52,"turns":2},{"damage":56,"enemies":"downfall:NeowBoss","floor":55,"turns":6},{"damage":49,"enemies":"downfall:NeowBossFinal","floor":56,"turns":5}],"seed_played":"-5581741319411598026","potions_obtained":[{"floor":10,"key":"Energy Potion"},{"floor":11,"key":"PowerPotion"},{"floor":14,"key":"Adrenaline Potion"}],"is_trial":false,"path_per_floor":["R","M","M","M","?","$","T","?","?","E","M","$","M","M","M","B",null,"R","M","$","?","$","E","T","R","?","R","?","T","R","$","M","B",null,"R","M","$","?","?","E","T","E","M","T","R","M","R","T","M","B",null,"E","$","R","B","B",null],"character_chosen":"THE_CHAMP","items_purchased":["champ:BringItOn","champ:Backstep","champ:GladiatorStyle","Orichalcum","Simple Rune","champ:HeartStrike","TheAbacus","Art of War","Golden Egg","champ:GladiatorStyle","champ:CalledShot","champ:SwordThrow","ReplayUltimateDefense","champ:EnragedBash","champ:BerserkersGuideToSlaughter","Tiny Chest","Shovel","champ:Lariat+1","champ:HeavySlash","champ:RecklessLeap","champ:ShieldWall","expansioncontent:DashGenerateEvil","champ:Improvising","champ:Haymaker","champ:GutPunch","Chemical X","champ:DefensiveTrainingManual","FossilizedHelix","Poisoned Strike","champ:StrikeOfGenius+1","champ:DeathBlow","champ:MurderStrike","Singing Bowl","Ice Cream","champ:StanceDance","expansioncontent:StudyTheSpire","Blue Doll","Pet Ghost","champ:Haymaker+1","HornCleat","Garlic","Frozen Eye"],"campfire_rested":0,"item_purchase_floors":[6,6,6,6,6,6,12,12,12,12,12,12,12,12,20,20,20,20,20,20,20,20,22,22,22,22,22,22,22,31,31,31,31,31,37,37,37,37,53,53,53,53],"current_hp_per_floor":[99,98,95,90,90,80,80,80,80,43,34,29,29,24,18,77,102,112,112,104,104,104,107,107,107,107,107,107,107,107,107,124,131,133,133,134,134,134,136,136,136,136,144,144,144,144,144,144,144,140,150,151,151,151,151,146],"gold":66662,"neow_bonus":"TEN_PERCENT_HP_BONUS","is_daily":false,"chose_seed":false,"campfire_upgraded":1,"win_rate":0.0,"timestamp":1613277953,"path_taken":["R","M","M","M","?","$","T","?","?","E","M","?","?","M","M","BOSS","R","M","$","?","$","E","T","R","?","R","?","?","R","?","M","BOSS","R","M","$","?","?","E","T","E","M","?","R","M","R","?","M","BOSS","E","$","R","BOSS","BOSS"],"items_purchased_type":["Card","Card","Card","Relic","Relic","Card","Relic","Relic","Relic","Card","Card","Card","Card","Card","Relic","Relic","Relic","Card","Card","Card","Card","Card","Card","Card","Card","Relic","Relic","Relic","Card","Card","Card","Card","Relic","Relic","Card","Card","Relic","Relic","Card","Relic","Relic","Relic"],"build_version":"2020-12-22","purchased_purges":7,"victory":true,"max_hp_per_floor":[99,99,99,99,99,99,99,99,99,99,99,99,99,99,99,102,102,112,114,119,119,119,123,123,123,123,123,123,123,123,123,131,133,133,133,134,134,134,136,136,136,136,144,144,144,144,144,144,144,150,150,151,151,151,151,155],"relic_stats":{"Singing Bowl":4,"counters":[27,89],"PreservedInsect":208,"Bag of Preparation":[26],"Whetstone":["champ:Haymaker","champ:Execute"],"Orichalcum":[90],"Boot":[13],"Smiling Mask":175,"WarpedTongs":[30],"TheAbacus":[6],"Shovel":7,"Ornamental Fan":[164],"Shuriken":[23],"Bird Faced Urn":[16],"Pantograph":0,"Tiny Chest":2,"MealTicket":0,"Art of War":[0],"Chemical X":[6],"obtain_stats":[{"Ice Cream":31,"ReplayFunnel":41,"Golden Egg":12,"Singing Bowl":31,"champ:ChampionCrown":0,"Blue Doll":37,"downfall:HeartBlessingGreen":45,"ice":0,"Bag of Preparation":27,"Incense Burner":35,"Whetstone":45,"Boot":10,"Smiling Mask":48,"Pet Ghost":37,"Replay:Wanted Poster":34,"Frozen Eye":53,"TheAbacus":12,"Shovel":20,"HornCleat":53,"downfall:HeartBlessingBlue":18,"champ:DefensiveTrainingManual":22,"Pantograph":54,"Tiny Chest":20,"MealTicket":44,"champ:BerserkersGuideToSlaughter":20,"Chemical X":22,"Replay:Bottled Eggs":30,"Replay:Bottled Steam":25,"downfall:HeartBlessingRed":18,"Counterbalance":39,"Quantum Egg":52,"Oddly Smooth Stone":42,"PreservedInsect":24,"Orichalcum":6,"WarpedTongs":28,"sneckomod:BabySnecko":26,"Ornamental Fan":29,"Shuriken":47,"Bird Faced Urn":23,"Simple Rune":6,"Art of War":12,"Coffee Dripper":17,"ReplayTheSpireMod:TigerMarble":40,"Garlic":53,"FossilizedHelix":22},{"Ice Cream":14,"ReplayFunnel":19,"Golden Egg":7,"Singing Bowl":14,"champ:ChampionCrown":0,"Blue Doll":17,"downfall:HeartBlessingGreen":21,"ice":0,"Bag of Preparation":14,"Incense Burner":16,"Whetstone":21,"Boot":5,"Smiling Mask":22,"Pet Ghost":17,"Replay:Wanted Poster":16,"Frozen Eye":25,"TheAbacus":7,"Shovel":13,"HornCleat":25,"downfall:HeartBlessingBlue":11,"champ:DefensiveTrainingManual":13,"Pantograph":25,"Tiny Chest":13,"MealTicket":21,"champ:BerserkersGuideToSlaughter":13,"Chemical X":13,"Replay:Bottled Eggs":14,"Replay:Bottled Steam":14,"downfall:HeartBlessingRed":11,"Counterbalance":18,"Quantum Egg":25,"Oddly Smooth Stone":20,"PreservedInsect":14,"Orichalcum":4,"WarpedTongs":14,"sneckomod:BabySnecko":14,"Ornamental Fan":14,"Shuriken":22,"Bird Faced Urn":14,"Simple Rune":4,"Art of War":7,"Coffee Dripper":11,"ReplayTheSpireMod:TigerMarble":19,"Garlic":25,"FossilizedHelix":13},{"Ice Cream":55,"ReplayFunnel":66,"Golden Egg":27,"Singing Bowl":55,"champ:ChampionCrown":0,"Blue Doll":62,"downfall:HeartBlessingGreen":69,"ice":0,"Bag of Preparation":55,"Incense Burner":60,"Whetstone":69,"Boot":20,"Smiling Mask":71,"Pet Ghost":62,"Replay:Wanted Poster":60,"Frozen Eye":78,"TheAbacus":27,"Shovel":51,"HornCleat":78,"downfall:HeartBlessingBlue":44,"champ:DefensiveTrainingManual":51,"Pantograph":78,"Tiny Chest":51,"MealTicket":69,"champ:BerserkersGuideToSlaughter":51,"Chemical X":51,"Replay:Bottled Eggs":55,"Replay:Bottled Steam":55,"downfall:HeartBlessingRed":44,"Counterbalance":64,"Quantum Egg":78,"Oddly Smooth Stone":67,"PreservedInsect":55,"Orichalcum":13,"WarpedTongs":55,"sneckomod:BabySnecko":55,"Ornamental Fan":55,"Shuriken":71,"Bird Faced Urn":55,"Simple Rune":13,"Art of War":27,"Coffee Dripper":44,"ReplayTheSpireMod:TigerMarble":66,"Garlic":78,"FossilizedHelix":51}]},"card_choices":[{"not_picked":["champ:Duel","champ:DefensiveShout"],"picked":"champ:Haymaker","floor":2},{"not_picked":["champ:Backstep","champ:DefensiveShout"],"picked":"champ:FanOfKnives","floor":3},{"not_picked":["champ:AdrenalArmor","champ:BringItOn"],"picked":"champ:GutPunch","floor":4},{"not_picked":["champ:BladeFlurry","champ:AdrenalArmor"],"picked":"champ:DeathBlow","floor":6},{"not_picked":["champ:HoldFirm","champ:FlashCut"],"picked":"champ:Haymaker","floor":10},{"not_picked":["champ:TornadoPunch","champ:ShieldSlam"],"picked":"champ:Shatter","floor":11},{"not_picked":["champ:BringItOn","champ:DeathBlow"],"picked":"champ:BerserkersShout","floor":12},{"not_picked":["champ:HeartStrike","champ:MurderStrike"],"picked":"champ:BerserkersShout","floor":13},{"not_picked":["champ:ShieldSlam","champ:FlashCut"],"picked":"champ:EnragedBash","floor":14},{"not_picked":["champ:BerserkersShout","champ:CrownThrow"],"picked":"champ:BladeFlurry","floor":15},{"not_picked":["champ:IgnorePain","champ:VampiricStrike"],"picked":"champ:CheapShot","floor":16},{"not_picked":["champ:SetATrap","champ:Backstep+1"],"picked":"champ:AdrenalArmor+1","floor":19},{"not_picked":["champ:GladiatorStyle","champ:AdrenalArmor+1"],"picked":"champ:Shatter","floor":20},{"not_picked":["champ:DefensiveShout","champ:SetATrap"],"picked":"champ:Haymaker","floor":23},{"not_picked":["champ:FlashCut","champ:GladiatorStyle","champ:ShieldSlam"],"picked":"Singing Bowl","floor":32},{"not_picked":["champ:ShieldThrow","champ:Devastate"],"picked":"champ:SteelEdge","floor":33},{"not_picked":["champ:CalledShot","champ:BladeFlurry"],"picked":"champ:Haymaker+1","floor":36},{"not_picked":["champ:FlashCut+1","champ:Backstep+1"],"picked":"champ:PreciseThrust","floor":39},{"not_picked":["champ:EnGarde","champ:Lariat"],"picked":"champ:GutPunch+1","floor":40},{"not_picked":["champ:SetATrap+1","champ:IronFortress+1"],"picked":"champ:HeavySlash","floor":42},{"not_picked":["champ:EnGarde+1","champ:AdrenalArmor+1","champ:Circumvent+1"],"picked":"Singing Bowl","floor":43},{"not_picked":["champ:IronFortress+1","champ:DefensiveShout"],"picked":"champ:CrownThrow+1","floor":46},{"not_picked":["champ:GladiatorStyle+1","champ:EnGarde"],"picked":"champ:CrownThrow+1","floor":49},{"not_picked":["champ:CrownThrow+1","champ:FocusedDefense"],"picked":"champ:FanOfKnives+1","floor":52}],"player_experience":117539,"relics_obtained":[{"floor":10,"key":"Boot"},{"floor":23,"key":"Bird Faced Urn"},{"floor":24,"key":"PreservedInsect"},{"floor":25,"key":"Replay:Bottled Steam"},{"floor":27,"key":"Bag of Preparation"},{"floor":29,"key":"Ornamental Fan"},{"floor":30,"key":"Replay:Bottled Eggs"},{"floor":35,"key":"Incense Burner"},{"floor":39,"key":"Counterbalance"},{"floor":40,"key":"ReplayTheSpireMod:TigerMarble"},{"floor":41,"key":"ReplayFunnel"},{"floor":42,"key":"Oddly Smooth Stone"},{"floor":44,"key":"MealTicket"},{"floor":45,"key":"Whetstone"},{"floor":47,"key":"Shuriken"},{"floor":48,"key":"Smiling Mask"},{"floor":52,"key":"Quantum Egg"},{"floor":54,"key":"Pantograph"}],"event_choices":[{"damage_healed":0,"gold_gain":0,"player_choice":"Rummage","damage_taken":0,"relics_obtained":["WarpedTongs"],"max_hp_gain":0,"max_hp_loss":0,"event_name":"Accursed Blacksmith","floor":28,"gold_loss":0,"cards_obtained":["Pain"]},{"cards_removed":["champ:AdrenalArmor"],"damage_healed":0,"gold_gain":0,"player_choice":"Removed Skill","damage_taken":0,"max_hp_gain":0,"max_hp_loss":0,"event_name":"Falling","floor":38,"gold_loss":0},{"damage_healed":0,"gold_gain":0,"player_choice":"Fight","damage_taken":0,"max_hp_gain":0,"max_hp_loss":0,"event_name":"Mysterious Sphere","floor":39,"gold_loss":0}],"is_beta":false,"boss_relics":[{"not_picked":["Replay:Bronze Core","Philosopher\u0027s Stone"],"picked":"Coffee Dripper"},{"not_picked":["ReplayTheSpireMod:DimensionalGlitch","Painkiller Herb"],"picked":"Replay:Wanted Poster"}],"items_purged_floors":[6,12,20,22,31,37,53],"is_endless":false,"potions_floor_spawned":[10,11,14,15,32,33,39,40,49],"ascension_level":0}}