{"host":"mo324zvkdr1xwprd","time":1613312522,"event":{"mods":["A Penny For Your Troubles","BaseMod","Better Note","Better Third Choice","BetterRewards","Hermit","Highlight Path","Hubris","Infinite Spire","Minty Spire (QoL Compilation)","Quick Restart","Rare Cards Sparkle","Shop Mod","StSLib","The Cursed","The Hierophant","Transform Curses"],"gold_per_floor":[117,132,149,149,161,161,175,233,233,251,268,268,283,283,283,360,360,378,17,17,17,27,27,60,60,60,71,71,83,83,115,115,187,187,202,219,219,3,17,44,62,88,88,88,100,114,133,161,161,162,162,162,3,38,38,38],"floor_reached":55,"language":"ENG","playtime":3582,"items_purged":[],"score":1375,"play_id":"4f790373-feca-4006-bd18-3b5620f09e73","local_time":"20210214142202","is_ascension_mode":true,"campfire_choices":[{"floor":6.0,"key":"REST"},{"floor":12.0,"key":"REST"},{"floor":15.0,"key":"REST"},{"data":"Adrenaline","floor":23.0,"key":"SMITH"},{"floor":28.0,"key":"RECALL"},{"floor":32.0,"key":"REST"},{"floor":44.0,"key":"REST"},{"floor":49.0,"key":"REST"},{"floor":52.0,"key":"REST"}],"circlet_count":0,"master_deck":["AscendersBane","Survivor","Neutralize","Sucker Punch","Expertise","Backstab","Accuracy","Blade Dance","Slice","Quick Slash","Dagger Spray","Deflect","Blade Dance","Caltrops","Leg Sweep","Underhanded Strike","PiercingWail","Outmaneuver","After Image+1","infinitespire:Neurotoxin","Reflex","Adrenaline+1","Noxious Fumes","Storm of Steel","Phantasmal Killer","Blur","hubris:Counter","Terror","Envenom","Dash","Night Terror","Backflip","Accuracy","Blind","Backflip","Caltrops+1","Slice","Deflect","Endless Agony","After Image","Masterful Stab","Leg Sweep","Escape Plan","Outmaneuver","Noxious Fumes","Prepared","Prepared+1","Deflect","Deflect+1","Unload","PiercingWail","Apotheosis","Caltrops","Accuracy"],"relics":["Ring of the Snake","Ice Cream","Ancient Tea Set","Omamori","Bottled Tornado","Pandora\u0027s Box","Membership Card","Question Card","Lizard Tail","hubris:GlazedTorus","infinitespire:Beetle Shell","Lantern","hubris:Backtick","Happy Flower","hubris:Icosahedron","infinitespire:CheckeredPen","PreservedInsect","hubris:BottledRain","Singing Bowl","The Courier","Gremlin Horn"],"acts_visited":["Exordium","TheCity","TheBeyond","TheEnding"],"potions_floor_usage":[],"damage_taken":[{"damage":0.0,"enemies":"2 Louse","floor":1.0,"turns":2.0},{"damage":7.0,"enemies":"Small Slimes","floor":2.0,"turns":2.0},{"damage":0.0,"enemies":"Cultist","floor":3.0,"turns":3.0},{"damage":0.0,"enemies":"3 Louse","floor":5.0,"turns":3.0},{"damage":0.0,"enemies":"Red Slaver","floor":7.0,"turns":3.0},{"damage":31.0,"enemies":"Gremlin Nob","floor":8.0,"turns":5.0},{"damage":0.0,"enemies":"2 Fungi Beasts","floor":10.0,"turns":2.0},{"damage":0.0,"enemies":"Large Slime","floor":11.0,"turns":4.0},{"damage":0.0,"enemies":"Exordium Thugs","floor":13.0,"turns":3.0},{"damage":4.0,"enemies":"The Guardian","floor":16.0,"turns":7.0},{"damage":0.0,"enemies":"3 Byrds","floor":18.0,"turns":3.0},{"damage":0.0,"enemies":"2 Thieves","floor":22.0,"turns":3.0},{"damage":4.0,"enemies":"Gremlin Leader","floor":24.0,"turns":3.0},{"damage":1.0,"enemies":"Chosen and Byrds","floor":27.0,"turns":5.0},{"damage":0.0,"enemies":"Snecko","floor":29.0,"turns":3.0},{"damage":26.0,"enemies":"Book of Stabbing","floor":31.0,"turns":6.0},{"damage":19.0,"enemies":"Automaton","floor":33.0,"turns":7.0},{"damage":1.0,"enemies":"Orb Walker","floor":35.0,"turns":4.0},{"damage":0.0,"enemies":"3 Shapes","floor":36.0,"turns":5.0},{"damage":23.0,"enemies":"Transient","floor":39.0,"turns":5.0},{"damage":23.0,"enemies":"Reptomancer","floor":40.0,"turns":4.0},{"damage":2.0,"enemies":"4 Shapes","floor":41.0,"turns":5.0},{"damage":17.0,"enemies":"Nightmare","floor":42.0,"turns":5.0},{"damage":20.0,"enemies":"Writhing Mass","floor":45.0,"turns":5.0},{"damage":8.0,"enemies":"Spire Growth","floor":46.0,"turns":4.0},{"damage":10.0,"enemies":"Maw","floor":47.0,"turns":6.0},{"damage":13.0,"enemies":"Nemesis","floor":48.0,"turns":5.0},{"damage":56.0,"enemies":"Donu and Deca","floor":50.0,"turns":10.0},{"damage":39.0,"enemies":"Shield and Spear","floor":54.0,"turns":4.0},{"damage":113,"enemies":"The Heart","floor":55,"turns":3}],"seed_played":"7008349843378902240","potions_obtained":[{"floor":2.0,"key":"SpeedPotion"},{"floor":8.0,"key":"FearPotion"},{"floor":11.0,"key":"infinitespire:BlackPotion"},{"floor":16.0,"key":"PowerPotion"},{"floor":22.0,"key":"AttackPotion"},{"floor":25.0,"key":"FairyPotion"},{"floor":31.0,"key":"Block Potion"},{"floor":33.0,"key":"SpeedPotion"},{"floor":40.0,"key":"Ancient Potion"},{"floor":42.0,"key":"Fire Potion"},{"floor":46.0,"key":"Weak Potion"}],"is_trial":false,"path_per_floor":["M","M","M","?","M","R","M","?","T","M","M","R","M","?","R","B",null,"M","$","T","?","M","R","E","?","T","M","R","M","?","E","R","B",null,"M","M","?","$","M","E","M","NM","T","R","M","M","M","E","R","B",null,"R","$","E","B"],"character_chosen":"THE_SILENT","items_purchased":["Accuracy","Blade Dance","Ancient Tea Set","Slice","Membership Card","Accuracy","Question Card","Blind","infinitespire:CheckeredPen","Escape Plan","Outmaneuver","Noxious Fumes","Apotheosis","Caltrops","Accuracy","Energy Potion","SteroidPotion"],"campfire_rested":7,"item_purchase_floors":[0,0,0,0,19,19,19,19,38,38,38,38,53,53,53,53,53],"current_hp_per_floor":[20,13,13,13,13,32,32,1,1,1,1,20,20,20,39,35,58,58,58,58,58,58,58,54,54,54,53,53,53,53,27,46,27,56,55,55,55,55,32,9,7,13,13,32,12,60,50,39,60,4,54,70,70,33,0,0],"gold":38,"neow_bonus":"","is_daily":false,"chose_seed":false,"campfire_upgraded":1,"win_rate":0.0,"timestamp":1613312522,"path_taken":["M","M","M","?","M","R","M","?","T","M","M","R","M","?","R","BOSS","M","$","?","?","?","R","E","?","T","?","R","M","?","E","R","BOSS","M","M","?","$","M","E","M","NM","T","R","M","M","M","E","R","BOSS","R","$","E","BOSS"],"items_purchased_type":["Card","Card","Relic","Card","Relic","Card","Relic","Card","Relic","Card","Card","Card","Card","Card","Card","Potion","Potion"],"build_version":"2020-12-22","purchased_purges":0,"victory":false,"max_hp_per_floor":[66,66,66,66,66,66,66,66,66,66,66,66,66,66,66,66,66,66,66,66,66,66,66,66,66,66,66,66,66,66,66,66,66,66,66,66,66,66,66,66,66,66,66,66,66,68,68,70,70,70,70,70,70,72,72,72],"card_choices":[{"not_picked":["Heel Hook","Prepared"],"picked":"Quick Slash","floor":1.0},{"not_picked":["Well Laid Plans","Crippling Poison"],"picked":"Dagger Spray","floor":2.0},{"not_picked":["Acrobatics","Outmaneuver"],"picked":"Deflect","floor":3.0},{"not_picked":["Well Laid Plans","Acrobatics"],"picked":"Caltrops","floor":5.0},{"not_picked":["Deflect","Flechettes"],"picked":"Leg Sweep","floor":7.0},{"not_picked":["Calculated Gamble","Bane"],"picked":"Underhanded Strike","floor":8.0},{"not_picked":["Catalyst","Distraction"],"picked":"PiercingWail","floor":10.0},{"not_picked":["hubris:SlightOfHand","Heel Hook"],"picked":"Outmaneuver","floor":11.0},{"not_picked":["Underhanded Strike","Dagger Throw"],"picked":"After Image","floor":13.0},{"not_picked":["Glass Knife","Tools of the Trade"],"picked":"Adrenaline","floor":16.0},{"not_picked":["Terror","Catalyst+1"],"picked":"Backflip","floor":18.0},{"not_picked":["Concentrate","Flying Knee+1","Deflect"],"picked":"Backflip","floor":22.0},{"not_picked":["Bane+1","hubris:Counter","Sucker Punch"],"picked":"Caltrops+1","floor":24.0},{"not_picked":["Tactician","Reflex","Well Laid Plans"],"picked":"Slice","floor":27.0},{"not_picked":["hubris:SlightOfHand","All Out Attack","Acrobatics"],"picked":"Deflect","floor":29.0},{"not_picked":["A Thousand Cuts","Quick Slash","Deadly Poison"],"picked":"Endless Agony","floor":31.0},{"not_picked":["Grand Finale","Die Die Die","infinitespire:Neurotoxin"],"picked":"After Image","floor":33.0},{"not_picked":["Bane+1","Heel Hook+1","Acrobatics"],"picked":"Masterful Stab","floor":35.0},{"not_picked":["Setup+1","Accuracy+1","Dagger Spray"],"picked":"Leg Sweep","floor":36.0},{"not_picked":["PiercingWail","Quick Slash+1","Corpse Explosion"],"picked":"Prepared","floor":39.0},{"not_picked":["Setup","hubris:Sniper+1","Terror"],"picked":"Prepared+1","floor":40.0},{"not_picked":["Escape Plan","hubris:Sniper","hubris:Counter"],"picked":"Deflect","floor":41.0},{"not_picked":["Sucker Punch","Venomology","Quick Slash"],"picked":"Deflect+1","floor":42.0},{"not_picked":["Calculated Gamble","Deadly Poison","Blade Dance"],"picked":"Unload","floor":45.0},{"not_picked":["Poisoned Stab+1","Dagger Spray","Burst","Dodge and Roll+1"],"picked":"Singing Bowl","floor":46.0},{"not_picked":["hubris:SlightOfHand+1","Distraction+1","hubris:Sniper"],"picked":"PiercingWail","floor":47.0},{"not_picked":["Bane","Quick Slash","Cloak And Dagger","Dodge and Roll"],"picked":"Singing Bowl","floor":48.0},{"not_picked":["Quick Slash","Acrobatics","hubris:SlightOfHand","hubris:Counter"],"picked":"Singing Bowl","floor":54.0}],"player_experience":653163,"relics_obtained":[{"floor":8.0,"key":"Omamori"},{"floor":9.0,"key":"Bottled Tornado"},{"floor":20.0,"key":"Lizard Tail"},{"floor":24.0,"key":"hubris:GlazedTorus"},{"floor":31.0,"key":"Lantern"},{"floor":40.0,"key":"PreservedInsect"},{"floor":42.0,"key":"hubris:BottledRain"},{"floor":43.0,"key":"Singing Bowl"},{"floor":48.0,"key":"The Courier"},{"floor":54.0,"key":"Gremlin Horn"}],"event_choices":[{"damage_healed":0.0,"max_hp_gain":0.0,"max_hp_loss":0.0,"gold_gain":30.0,"event_name":"Dead Adventurer","player_choice":"Searched \u00272\u0027 times","floor":8.0,"gold_loss":0.0,"damage_taken":0.0},{"damage_healed":0.0,"max_hp_gain":0.0,"max_hp_loss":0.0,"gold_gain":0.0,"event_name":"Match and Keep!","player_choice":"2 cards matched","floor":14.0,"gold_loss":0.0,"damage_taken":0.0,"cards_obtained":["infinitespire:Neurotoxin","Reflex"]},{"damage_healed":0.0,"max_hp_gain":0.0,"max_hp_loss":0.0,"gold_gain":0.0,"event_name":"Accursed Blacksmith","player_choice":"Forge","floor":21.0,"gold_loss":0.0,"damage_taken":0.0,"cards_upgraded":["After Image"]},{"damage_healed":0.0,"max_hp_gain":0.0,"max_hp_loss":0.0,"gold_gain":0.0,"event_name":"Lab","player_choice":"Got Potions","floor":25.0,"gold_loss":0.0,"damage_taken":0.0},{"damage_healed":0.0,"max_hp_gain":0.0,"max_hp_loss":0.0,"gold_gain":0.0,"event_name":"Addict","player_choice":"Stole Relic","floor":30.0,"gold_loss":0.0,"damage_taken":0.0,"relics_obtained":["infinitespire:Beetle Shell"],"cards_obtained":["Shame"]}],"is_beta":false,"boss_relics":[{"not_picked":["Ectoplasm","hubris:HollowSoul"],"picked":"Pandora\u0027s Box"},{"not_picked":["hubris:RunicObelisk","Ring of the Serpent"],"picked":"hubris:Backtick"}],"items_purged_floors":[],"is_endless":false,"potions_floor_spawned":[2,8,11,13,16,22,31,33,36,40,42,46],"killed_by":"The Heart","ascension_level":15}}