{"host":"onfdonezo2qmaex3","time":1613303992,"event":{"mods":["2.2 Compatiblity","AchievementEnabler","Act Like it!","Aspiration","BaseMod","Colored Powertips","Downfall","Friendly Minions","Gensokyo","Hallownest","Hermit","Highlight Path","Jorbs\u0027s Wanderer Trilogy","Marisa????????","Marked Mod","Minty Spire (QoL Compilation)","Quick Restart","Reliquary","Shop Mod","StSLib","The Disciple","The Hayseed","The Hierophant","The Marked","The Runesmith"],"gold_per_floor":[110,110,120,120,120,120,151,151,178,54,86,86,86,101,101,196,196,196],"floor_reached":17,"language":"ENG","playtime":790,"items_purged":["Clumsy"],"score":186,"play_id":"6aab8319-117c-496c-b1d5-b1cb09069a55","local_time":"20210214125952","is_ascension_mode":false,"campfire_choices":[{"data":"hermit:Determination","floor":6,"key":"SMITH"},{"floor":13,"key":"RECALL"},{"data":"1","floor":15,"key":"LIFT"}],"circlet_count":0,"master_deck":["hermit:Strike_Hermit","hermit:Defend_Hermit","hermit:Defend_Hermit","hermit:Defend_Hermit","hermit:Defend_Hermit","hermit:Snapshot","hermit:Covet","hermit:Determination+1","All Out Attack","Neutralize","hermit:HoleUp","hermit:Gestalt","hermit:LowProfile","hermit:OverwhelmingPower"],"relics":["hermit:Momento","NeowsBlessing","Gensokyo:Mercy","Gensokyo:NagashiBinaDoll","Bag of Preparation","Girya","Du-Vu Doll","Mango","Runesmith:UraniumAnvil"],"acts_visited":["Gensokyo:Gensokyo","TheCity"],"potions_floor_usage":[16],"damage_taken":[{"damage":0,"enemies":"Gensokyo:Gryphon","floor":1,"turns":1},{"damage":0,"enemies":"Gensokyo:2_Kodama","floor":3,"turns":2},{"damage":0,"enemies":"Gensokyo:Aya","floor":7,"turns":2},{"damage":1,"enemies":"Gensokyo:Cirno","floor":11,"turns":6},{"damage":0,"enemies":"Gensokyo:3_Fairies","floor":14,"turns":4},{"damage":27,"enemies":"Gensokyo:Reimu","floor":16,"turns":11}],"seed_played":"8302582180727416802","potions_obtained":[{"floor":1,"key":"FearPotion"},{"floor":14,"key":"hexamod:SoulburnPotion"}],"is_trial":false,"path_per_floor":["M","?","M","?","?","R","E","T","T","$","E","?","R","M","R","B",null],"character_chosen":"HERMIT","items_purchased":["hermit:LowProfile"],"campfire_rested":0,"item_purchase_floors":[10],"current_hp_per_floor":[75,75,75,75,75,75,75,75,75,75,74,67,67,67,67,40,89,89],"gold":196,"neow_bonus":"THREE_ENEMY_KILL","is_daily":false,"chose_seed":false,"campfire_upgraded":1,"win_rate":0.0,"timestamp":1613303992,"path_taken":["M","?","?","?","?","R","E","?","T","?","E","?","R","M","R","BOSS"],"items_purchased_type":["Card"],"build_version":"2020-12-22","purchased_purges":1,"victory":false,"max_hp_per_floor":[75,75,75,75,75,75,75,75,75,75,75,89,89,89,89,89,89,89],"card_choices":[{"not_picked":["hermit:Coalescence","hermit:Desperado"],"picked":"hermit:Determination","floor":1},{"not_picked":["hermit:FlashPowder","hermit:Quickdraw"],"picked":"hermit:HoleUp","floor":3},{"not_picked":["hermit:Feint","hermit:HoleUp"],"picked":"hermit:Gestalt","floor":7},{"not_picked":["hermit:TrackingShot","hermit:Vantage","hermit:Manifest"],"picked":"SKIP","floor":11},{"not_picked":["hermit:Shortfuse","hermit:LoneWolf"],"picked":"hermit:OverwhelmingPower","floor":14}],"player_experience":190620,"relics_obtained":[{"floor":7,"key":"Bag of Preparation"},{"floor":8,"key":"Girya"},{"floor":11,"key":"Du-Vu Doll"}],"event_choices":[],"is_beta":false,"boss_relics":[{"not_picked":["Philosopher\u0027s Stone","reliquary:Ember"],"picked":"Runesmith:UraniumAnvil"}],"items_purged_floors":[10],"is_endless":false,"potions_floor_spawned":[1,14],"ascension_level":0}}