{"host":"bf5upntvbdompq33","time":1613334876,"event":{"mods":["BaseMod","Bestiary","Colored Map","Colored Powertips","Curses Come First","Minty Spire (QoL Compilation)","StSLib","ojb\u0027s Info Mod"],"gold_per_floor":[115,40,215,225,225,259,259,76,103,113,131,165,175,189,189,289,289,299,40,40,40,59,59,59],"floor_reached":23,"language":"ENG","playtime":1238,"items_purged":["Strike_B","Doubt"],"score":350,"play_id":"ccc36e8a-f665-4f89-a524-7e0fbf3e216e","local_time":"20210214133436","is_ascension_mode":true,"campfire_choices":[{"data":"Chaos","floor":7,"key":"SMITH"},{"floor":15,"key":"REST"}],"circlet_count":0,"master_deck":["AscendersBane","Strike_B","Strike_B","Strike_B","Defend_B","Defend_B","Defend_B","Defend_B","Zap","Dualcast","Glacier","Chaos+1","Ball Lightning","Sweeping Beam","Self Repair","Darkness","Redo","Rebound","Auto Shields","Fission","Biased Cognition","Defragment","Apotheosis","Static Discharge","Consume"],"relics":["Cracked Core","NeowsBlessing","StrikeDummy","Vajra","Strawberry","Fusion Hammer","Nilry\u0027s Codex"],"acts_visited":["Exordium","TheCity"],"potions_floor_usage":[13,22,22,23],"damage_taken":[{"damage":0,"enemies":"Jaw Worm","floor":1,"turns":1},{"damage":0,"enemies":"Cultist","floor":4,"turns":1},{"damage":0,"enemies":"Lagavulin","floor":6,"turns":1},{"damage":7,"enemies":"2 Louse","floor":10,"turns":2},{"damage":0,"enemies":"2 Fungi Beasts","floor":11,"turns":2},{"damage":21,"enemies":"3 Sentries","floor":12,"turns":6},{"damage":12,"enemies":"Gremlin Gang","floor":13,"turns":2},{"damage":7,"enemies":"Large Slime","floor":14,"turns":5},{"damage":9,"enemies":"Slime Boss","floor":16,"turns":12},{"damage":14,"enemies":"3 Byrds","floor":18,"turns":4},{"damage":18,"enemies":"Shell Parasite","floor":22,"turns":6},{"damage":29,"enemies":"Gremlin Leader","floor":23,"turns":2}],"seed_played":"1692060551289123662","potions_obtained":[{"floor":4,"key":"Ancient Potion"},{"floor":10,"key":"FocusPotion"},{"floor":13,"key":"EssenceOfSteel"},{"floor":14,"key":"ColorlessPotion"},{"floor":22,"key":"Swift Potion"}],"is_trial":false,"path_per_floor":["M","$","?","M","?","E","R","$","T","M","M","E","M","M","R","B",null,"M","$","?","?","M","E"],"character_chosen":"DEFECT","items_purchased":["Sweeping Beam","Self Repair","Apotheosis","Static Discharge"],"campfire_rested":1,"item_purchase_floors":[8,8,19,19],"current_hp_per_floor":[68,68,68,68,68,68,68,68,68,61,61,47,35,35,59,57,76,69,69,53,37,26,0,0],"gold":59,"neow_bonus":"THREE_ENEMY_KILL","is_daily":false,"chose_seed":false,"campfire_upgraded":1,"win_rate":0.0,"timestamp":1613334876,"path_taken":["M","$","?","M","?","E","R","$","T","?","M","E","M","M","R","BOSS","M","$","?","?","M","E"],"items_purchased_type":["Card","Card","Card","Card"],"build_version":"2020-12-22","purchased_purges":2,"victory":false,"max_hp_per_floor":[75,75,75,75,75,75,75,75,75,75,75,82,82,82,82,82,82,82,82,82,87,87,87,87],"card_choices":[{"not_picked":["Turbo","Heatsinks"],"picked":"Glacier","floor":1},{"not_picked":["Turbo","Redo"],"picked":"Chaos","floor":4},{"not_picked":["Stack","Streamline"],"picked":"Ball Lightning","floor":6},{"not_picked":["Steam","Heatsinks"],"picked":"Darkness","floor":10},{"not_picked":["Stack","Go for the Eyes"],"picked":"Redo","floor":11},{"not_picked":["Redo","Barrage"],"picked":"Rebound","floor":12},{"not_picked":["Recycle","Gash"],"picked":"Auto Shields","floor":13},{"not_picked":["Heatsinks","Barrage"],"picked":"Fission","floor":14},{"not_picked":["All For One","Core Surge"],"picked":"Biased Cognition","floor":16},{"not_picked":["Reinforced Body","Rebound"],"picked":"Defragment","floor":18},{"not_picked":["Loop","Hologram"],"picked":"Consume","floor":22}],"player_experience":1585644,"relics_obtained":[{"floor":6,"key":"StrikeDummy"},{"floor":9,"key":"Vajra"},{"floor":12,"key":"Strawberry"},{"floor":20,"key":"Nilry\u0027s Codex"}],"event_choices":[{"damage_healed":0,"gold_gain":175,"player_choice":"AGREE","damage_taken":0,"max_hp_gain":0,"max_hp_loss":0,"event_name":"Liars Game","floor":3,"gold_loss":0,"cards_obtained":["Doubt"]},{"damage_healed":0,"gold_gain":0,"player_choice":"Bought 0 Potions","damage_taken":0,"max_hp_gain":0,"max_hp_loss":0,"event_name":"The Woman in Blue","floor":5,"gold_loss":0},{"damage_healed":0,"gold_gain":0,"player_choice":"Obtained Book","damage_taken":16,"max_hp_gain":0,"max_hp_loss":0,"event_name":"Cursed Tome","floor":20,"gold_loss":0},{"damage_healed":0,"gold_gain":0,"player_choice":"Shed Blood","damage_taken":21,"max_hp_gain":5,"max_hp_loss":0,"event_name":"Forgotten Altar","floor":21,"gold_loss":0}],"is_beta":false,"boss_relics":[{"not_picked":["Velvet Choker","Ectoplasm"],"picked":"Fusion Hammer"}],"items_purged_floors":[2,8],"is_endless":false,"potions_floor_spawned":[4,10,13,14,16,22],"killed_by":"Gremlin Leader","ascension_level":11}}