{"host":"lg1lbglystyxcosi","time":1613293114,"event":{"mods":["AchievementEnabler","BaseMod","Better Third Choice","BetterRewards","Colored Powertips","Minty Spire (QoL Compilation)","Quick Restart","Shop Mod","StSLib","¡¾ÒÅÎï¿¨ÅÆ¡¿REMEMod"],"gold_per_floor":[112,129,18,18,18,46,46,46,72,72,90,90,101,113,113,217,217,237,253,253,178,196,229,229,241,268,268,280,280,180,205,205,307,307,318,334,346,346,440,440,440,440,489,619,346,356,356,356],"floor_reached":47,"language":"ZHS","playtime":2500,"items_purged":["Strike_R","Perfected Strike+1","Burning Pact"],"score":729,"play_id":"ff7ad932-d334-40be-92ef-2a33b70aa397","local_time":"20210214165834","is_ascension_mode":true,"campfire_choices":[{"data":"REME_BattleFury","floor":8.0,"key":"SMITH"},{"data":"REME_FearOfPain","floor":15.0,"key":"SMITH"},{"floor":24.0,"key":"REST"},{"data":"REME_Fury","floor":27.0,"key":"SMITH"},{"floor":29.0,"key":"REST"},{"floor":32.0,"key":"REST"},{"data":"Apotheosis","floor":40.0,"key":"SMITH"},{"floor":42.0,"key":"REST"}],"circlet_count":0,"master_deck":["AscendersBane","Strike_R","Strike_R","Strike_R","Strike_R","Defend_R","Defend_R","Defend_R+1","Bash+1","REME_TheLastStrike","REME_BattleFury+1","REME_FearOfPain+1","Clash","Dual Wield","REME_Cut","REME_FearOfPain+1","Rampage+1","REME_Fury+1","Berserk","REME_BattleFury","REME_WheelOfFate","Fiend Fire+1","True Grit","Apotheosis+1"],"relics":["Burning Blood","REME_ComplimentaryCards","Mango","Blue Candle","Red Skull","Molten Egg 2","Bag of Marbles","REME_LowDesire","REME_PuzzleBoxRelic","Dream Catcher","MutagenicStrength","REME_HandOfSuture","Omamori","Red Mask","REME_ChargedStone","Toy Ornithopter","Vajra","CaptainsWheel","Nunchaku","Happy Flower","Bag of Preparation"],"acts_visited":["Exordium","TheCity","TheBeyond"],"potions_floor_usage":[],"damage_taken":[{"damage":2.0,"enemies":"Jaw Worm","floor":1.0,"turns":3.0},{"damage":9.0,"enemies":"2 Louse","floor":2.0,"turns":3.0},{"damage":1.0,"enemies":"Lagavulin","floor":6.0,"turns":3.0},{"damage":0.0,"enemies":"Small Slimes","floor":11.0,"turns":2.0},{"damage":6.0,"enemies":"3 Louse","floor":13.0,"turns":2.0},{"damage":11.0,"enemies":"Looter","floor":14.0,"turns":2.0},{"damage":37.0,"enemies":"The Guardian","floor":16.0,"turns":8.0},{"damage":26.0,"enemies":"2 Thieves","floor":18.0,"turns":4.0},{"damage":14.0,"enemies":"Shell Parasite","floor":19.0,"turns":4.0},{"damage":28.0,"enemies":"3 Cultists","floor":22.0,"turns":4.0},{"damage":19.0,"enemies":"Slavers","floor":23.0,"turns":2.0},{"damage":3.0,"enemies":"Snecko","floor":25.0,"turns":3.0},{"damage":35.0,"enemies":"Shelled Parasite and Fungi","floor":28.0,"turns":3.0},{"damage":12.0,"enemies":"Masked Bandits","floor":31.0,"turns":4.0},{"damage":61.0,"enemies":"Collector","floor":33.0,"turns":6.0},{"damage":28.0,"enemies":"3 Darklings","floor":35.0,"turns":4.0},{"damage":25.0,"enemies":"3 Shapes","floor":36.0,"turns":4.0},{"damage":3.0,"enemies":"Maw","floor":37.0,"turns":4.0},{"damage":0.0,"enemies":"Transient","floor":39.0,"turns":5.0},{"damage":44.0,"enemies":"Mind Bloom Boss Battle","floor":44.0,"turns":5.0},{"damage":14.0,"enemies":"Sphere and 2 Shapes","floor":46.0,"turns":8.0},{"damage":40,"enemies":"Reptomancer","floor":47,"turns":3}],"seed_played":"-8124298689503466297","potions_obtained":[{"floor":2.0,"key":"Explosive Potion"},{"floor":6.0,"key":"ElixirPotion"},{"floor":18.0,"key":"DuplicationPotion"},{"floor":22.0,"key":"ColorlessPotion"},{"floor":23.0,"key":"Block Potion"},{"floor":35.0,"key":"Dexterity Potion"},{"floor":36.0,"key":"DuplicationPotion"},{"floor":44.0,"key":"Regen Potion"}],"is_trial":false,"path_per_floor":["M","M","$","?","?","E","?","R","T","$","M","?","M","M","R","B",null,"M","M","?","?","M","E","R","M","T","R","M","R","$","?","R","B",null,"M","M","M","?","M","R","?","R","T","?","$","M","E"],"character_chosen":"IRONCLAD","items_purchased":["REME_BattleFury","REME_FearOfPain","Blue Candle","BloodPotion","REME_Cut","Nunchaku"],"campfire_rested":4,"item_purchase_floors":[0,0,0,0,3,45],"current_hp_per_floor":[66,63,63,56,37,60,91,91,91,91,94,94,94,89,89,58,85,65,57,57,57,35,22,50,53,53,53,24,52,52,46,74,19,75,53,34,37,37,52,52,52,78,78,45,45,37,0,0],"gold":356,"neow_bonus":"","is_daily":false,"chose_seed":false,"campfire_upgraded":4,"win_rate":0.0,"timestamp":1613293114,"path_taken":["M","M","$","?","?","E","?","R","T","$","M","?","M","M","R","BOSS","M","?","?","?","M","E","R","M","T","R","M","R","?","?","R","BOSS","M","M","M","?","?","R","?","R","T","?","?","M","E"],"items_purchased_type":["Card","Card","Relic","Potion","Card","Relic"],"build_version":"2020-12-22","purchased_purges":3,"victory":false,"max_hp_per_floor":[94,94,94,94,94,94,94,94,94,94,94,94,94,94,94,94,94,94,94,94,94,94,94,94,94,94,94,94,94,94,94,94,94,94,94,94,94,94,94,94,89,89,89,89,89,89,89,89],"card_choices":[{"not_picked":["Iron Wave","Headbutt"],"picked":"Clash","floor":1.0},{"not_picked":["Dark Embrace","Headbutt"],"picked":"Dual Wield","floor":2.0},{"not_picked":["Havoc","Thunderclap+1","Iron Wave+1"],"picked":"SKIP","floor":6.0},{"not_picked":["Pommel Strike+1","Inflame"],"picked":"Perfected Strike+1","floor":11.0},{"not_picked":["Wild Strike+1","Corruption"],"picked":"REME_FearOfPain","floor":13.0},{"not_picked":["Iron Wave+1","Reckless Charge+1"],"picked":"Rampage+1","floor":14.0},{"not_picked":["Double Tap","Impervious"],"picked":"REME_Fury","floor":16.0},{"not_picked":["Metallicize","Heavy Blade+1","Wild Strike+1","REME_BuildACard"],"picked":"SKIP","floor":18.0},{"not_picked":["Dual Wield","Thunderclap+1","Inflame","Magnetism"],"picked":"SKIP","floor":19.0},{"not_picked":["Dual Wield","Warcry","Panache"],"picked":"Berserk","floor":22.0},{"not_picked":["Shrug It Off","Power Through","Whirlwind+1","REME_MagicPocketWatch"],"picked":"SKIP","floor":23.0},{"not_picked":["Sword Boomerang+1","Spot Weakness","Body Slam+1"],"picked":"REME_BattleFury","floor":24.0},{"not_picked":["REME_FearOfPain","Twin Strike+1","Metallicize","Trip"],"picked":"SKIP","floor":25.0},{"not_picked":["Sever Soul+1","Warcry","Dark Shackles"],"picked":"Burning Pact","floor":28.0},{"not_picked":["Clash+1","Sword Boomerang+1","REME_FearOfPain"],"picked":"REME_WheelOfFate","floor":31.0},{"not_picked":["Corruption","REME_ACTH","REME_HeartOfCthun+1"],"picked":"Fiend Fire+1","floor":33.0},{"not_picked":["Wild Strike+1","Feel No Pain","Twin Strike+1","Enlightenment+1"],"picked":"SKIP","floor":35.0},{"not_picked":["Uppercut+1","Body Slam+1","Warcry+1","REME_BattleFury"],"picked":"SKIP","floor":36.0},{"not_picked":["Uppercut+1","Body Slam+1","Warcry+1","REME_BattleFury"],"picked":"SKIP","floor":36.0},{"not_picked":["Headbutt+1","Armaments+1","Clash+1","Chrysalis"],"picked":"SKIP","floor":37.0},{"not_picked":["Armaments+1","Sword Boomerang+1","Cleave+1"],"picked":"Apotheosis","floor":39.0},{"not_picked":["Inflame","Armaments+1","Thunderclap+1","REME_ShortnessOfBreath"],"picked":"SKIP","floor":46.0}],"player_experience":243167,"relics_obtained":[{"floor":6.0,"key":"Molten Egg 2"},{"floor":9.0,"key":"Bag of Marbles"},{"floor":17.0,"key":"REME_PuzzleBoxRelic"},{"floor":17.0,"key":"Dream Catcher"},{"floor":23.0,"key":"REME_HandOfSuture"},{"floor":26.0,"key":"Omamori"},{"floor":31.0,"key":"Red Mask"},{"floor":43.0,"key":"Vajra"},{"floor":44.0,"key":"CaptainsWheel"}],"event_choices":[{"damage_healed":0.0,"max_hp_gain":0.0,"max_hp_loss":0.0,"gold_gain":0.0,"event_name":"betterThird:BetterScrap","player_choice":"Relic ","floor":4.0,"gold_loss":0.0,"damage_taken":7.0,"cards_obtained":["REME_GreenPollution"]},{"damage_healed":56.0,"max_hp_gain":0.0,"max_hp_loss":94.0,"gold_gain":0.0,"event_name":"betterThird:BetterShining","player_choice":"Upgrade","floor":5.0,"gold_loss":0.0,"damage_taken":19.0,"cards_upgraded":["Bash","REME_FearOfPain"]},{"damage_healed":31.0,"max_hp_gain":0.0,"max_hp_loss":0.0,"gold_gain":0.0,"event_name":"Big Fish","player_choice":"Banana","floor":7.0,"gold_loss":0.0,"damage_taken":0.0},{"damage_healed":0.0,"max_hp_gain":0.0,"max_hp_loss":0.0,"gold_gain":0.0,"event_name":"Accursed Blacksmith","player_choice":"Forge","floor":12.0,"gold_loss":0.0,"damage_taken":0.0,"cards_upgraded":["Defend_R"]},{"damage_healed":0.0,"max_hp_gain":0.0,"max_hp_loss":0.0,"gold_gain":0.0,"event_name":"Drug Dealer","player_choice":"Inject Mutagens","floor":20.0,"gold_loss":0.0,"damage_taken":0.0,"relics_obtained":["MutagenicStrength"]},{"cards_removed":["Defend_R"],"damage_healed":0.0,"max_hp_gain":0.0,"max_hp_loss":0.0,"gold_gain":0.0,"event_name":"Beggar","player_choice":"Gave Gold","floor":21.0,"gold_loss":75.0,"damage_taken":0.0},{"damage_healed":0.0,"max_hp_gain":0.0,"max_hp_loss":0.0,"gold_gain":0.0,"event_name":"Masked Bandits","player_choice":"Fought Bandits","floor":31.0,"gold_loss":0.0,"damage_taken":0.0},{"damage_healed":0.0,"max_hp_gain":0.0,"max_hp_loss":0.0,"gold_gain":0.0,"event_name":"Match and Keep!","player_choice":"1 cards matched","floor":38.0,"gold_loss":0.0,"damage_taken":0.0,"cards_obtained":["True Grit"]},{"damage_healed":0.0,"max_hp_gain":0.0,"max_hp_loss":0.0,"gold_gain":0.0,"event_name":"Match and Keep!","player_choice":"1 cards matched","floor":38.0,"gold_loss":0.0,"damage_taken":0.0,"cards_obtained":["True Grit"]},{"damage_healed":0.0,"max_hp_gain":0.0,"max_hp_loss":5.0,"gold_gain":0.0,"event_name":"Winding Halls","player_choice":"Max HP","floor":41.0,"gold_loss":0.0,"damage_taken":0.0},{"damage_healed":0.0,"max_hp_gain":0.0,"max_hp_loss":0.0,"gold_gain":0.0,"event_name":"MindBloom","player_choice":"Fight","floor":44.0,"gold_loss":0.0,"damage_taken":0.0}],"is_beta":false,"boss_relics":[{"not_picked":["Fusion Hammer","Runic Cube"],"picked":"REME_LowDesire"},{"not_picked":["Astrolabe","SacredBark"],"picked":"REME_ChargedStone"}],"items_purged_floors":[3,30,45],"is_endless":false,"potions_floor_spawned":[2,6,11,18,22,23,35,36,44],"killed_by":"Reptomancer","ascension_level":11}}