{"host":"k7udt7atmcuzf6l0","time":1613297646,"event":{"mods":["AchievementEnabler","Act Like it!","BaseMod","BetterRewards","Colored Map","Colored Powertips","Highlight Path","Minty Spire (QoL Compilation)","Quick Restart","Rare Cards Sparkle","StSLib","UnlockEverythingMod"],"gold_per_floor":[109,109,122,197,211,211,238,238,238,238,265,265,335,345,345,446,446,457,507,557,567,635,635,648,0,23,37,71,71,97,108,108,209,209,229,279,299,5,68,68,102,102,102,121,131,233,268,288,288,288,288],"floor_reached":50,"language":"ZHS","playtime":1243,"items_purged":[],"score":702,"play_id":"a41630fd-b523-4fa2-af12-eca6da2462f7","local_time":"20210214181406","is_ascension_mode":false,"campfire_choices":[{"data":"Flex","floor":6.0,"key":"SMITH"},{"data":"Fiend Fire","floor":8,"key":"SMITH"},{"data":"Clash","floor":12,"key":"SMITH"},{"data":"Inflame","floor":15,"key":"SMITH"},{"data":"Cleave","floor":23,"key":"SMITH"},{"data":"Apotheosis","floor":29,"key":"SMITH"},{"data":"Sword Boomerang","floor":32,"key":"SMITH"},{"data":"Berserk","floor":40,"key":"SMITH"},{"data":"Feed","floor":42,"key":"SMITH"},{"floor":49,"key":"DIG"}],"circlet_count":0,"master_deck":["Strike_R+1","Strike_R+1","Strike_R+1","Strike_R+1","Strike_R+1","Defend_R+1","Defend_R+1","Defend_R+1","Defend_R+1","Bash+1","Clash+1","Bloodletting","Flex+1","Fiend Fire+1","Reaper+1","Cleave+1","Inflame+1","Immolate+1","Intimidate+1","Uppercut+1","Sword Boomerang+1","Apotheosis+1","Feed+1","Burning Pact+1","Clash+1","Flex+1","Berserk+1","Thunderclap+1","Armaments+1","Finesse+1","Trip+1","Jack Of All Trades+1","Dagger Spray+1","Master of Strategy"],"relics":["Burning Blood","Boot","Kunai","Happy Flower","Eternal Feather","SsserpentHead","Nunchaku","Coffee Dripper","Whetstone","Centennial Puzzle","Bag of Marbles","Tiny Chest","Dream Catcher","Philosopher\u0027s Stone","White Beast Statue","PrismaticShard","Ancient Tea Set","Pen Nib","StrikeDummy","Lizard Tail","Shovel","Strawberry"],"acts_visited":["Exordium","TheCity","TheBeyond"],"potions_floor_usage":[7,11,16,28,33,33,39,41,45,45,46,47,48,48,50],"damage_taken":[{"damage":7.0,"enemies":"Small Slimes","floor":1.0,"turns":3.0},{"damage":1.0,"enemies":"Jaw Worm","floor":3.0,"turns":3.0},{"damage":0.0,"enemies":"Cultist","floor":5.0,"turns":2.0},{"damage":17,"enemies":"Gremlin Nob","floor":7,"turns":3},{"damage":12,"enemies":"Lagavulin","floor":11,"turns":4},{"damage":5,"enemies":"Exordium Thugs","floor":13,"turns":5},{"damage":0,"enemies":"Large Slime","floor":14,"turns":3},{"damage":0,"enemies":"Slime Boss","floor":16,"turns":6},{"damage":8,"enemies":"Spheric Guardian","floor":18,"turns":3},{"damage":6,"enemies":"2 Thieves","floor":22,"turns":3},{"damage":11,"enemies":"Snecko","floor":24,"turns":3},{"damage":3,"enemies":"Sentry and Sphere","floor":27,"turns":2},{"damage":3,"enemies":"Slavers","floor":28,"turns":1},{"damage":9,"enemies":"Gremlin Leader","floor":30,"turns":3},{"damage":5,"enemies":"Snake Plant","floor":31,"turns":2},{"damage":35,"enemies":"Champ","floor":33,"turns":6},{"damage":3,"enemies":"Orb Walker","floor":35,"turns":2},{"damage":0,"enemies":"3 Darklings","floor":37,"turns":2},{"damage":27,"enemies":"Writhing Mass","floor":39,"turns":3},{"damage":10,"enemies":"Nemesis","floor":41,"turns":4},{"damage":11,"enemies":"Jaw Worm Horde","floor":44,"turns":2},{"damage":43,"enemies":"Maw","floor":45,"turns":5},{"damage":68,"enemies":"2 Orb Walkers","floor":46,"turns":5},{"damage":6,"enemies":"Giant Head","floor":47,"turns":5},{"damage":0,"enemies":"Writhing Mass","floor":48,"turns":2},{"damage":143,"enemies":"Awakened One","floor":50,"turns":9}],"seed_played":"-4831783157896461345","potions_obtained":[{"floor":5.0,"key":"SkillPotion"},{"floor":7,"key":"Strength Potion"},{"floor":13,"key":"PowerPotion"},{"floor":14,"key":"Swift Potion"},{"floor":27,"key":"Block Potion"},{"floor":30,"key":"GamblersBrew"},{"floor":31,"key":"Ancient Potion"},{"floor":37,"key":"FearPotion"},{"floor":39,"key":"DuplicationPotion"},{"floor":41,"key":"AttackPotion"},{"floor":44,"key":"ColorlessPotion"},{"floor":45,"key":"Regen Potion"},{"floor":46,"key":"DistilledChaos"},{"floor":47,"key":"ColorlessPotion"},{"floor":48,"key":"FearPotion"}],"is_trial":false,"path_per_floor":["M","?","M","?","M","R","E","R","T","?","E","R","M","M","R","B",null,"M","?","?","?","M","R","M","$","T","M","E","R","E","M","R","B",null,"M","T","M","$","M","R","E","R","T","M","M","?","E","M","R","B"],"character_chosen":"IRONCLAD","items_purchased":["Whetstone","Apotheosis","Feed","Centennial Puzzle","PrismaticShard","Ancient Tea Set"],"campfire_rested":0,"item_purchase_floors":[25,25,25,25,38,38],"current_hp_per_floor":[79,67,72,61,67,67,56,56,56,56,50,59,60,66,75,80,80,80,80,80,80,80,80,75,75,75,84,84,84,81,82,84,55,84,87,87,90,90,69,87,88,90,90,89,52,20,37,43,68,0,0],"gold":288,"neow_bonus":"RANDOM_COMMON_RELIC","is_daily":false,"chose_seed":false,"campfire_upgraded":9,"win_rate":0.0,"timestamp":1613297646,"path_taken":["M","?","M","?","M","R","E","R","T","?","E","R","?","M","R","BOSS","M","?","?","?","?","R","M","$","T","M","E","R","E","M","R","BOSS","M","?","M","$","?","R","E","R","T","M","M","?","E","M","R","BOSS"],"items_purchased_type":["Relic","Card","Card","Relic","Relic","Relic"],"build_version":"2020-12-22","purchased_purges":0,"victory":false,"max_hp_per_floor":[80,80,80,80,80,80,80,80,80,80,80,80,80,80,80,80,80,80,80,80,80,80,80,80,80,80,84,84,84,84,84,84,84,84,87,87,90,90,90,90,90,90,90,94,94,94,98,98,105,105,105],"card_choices":[{"not_picked":["Twin Strike","Perfected Strike"],"picked":"Clash","floor":1.0},{"not_picked":["Clothesline","Power Through"],"picked":"Bloodletting","floor":3.0},{"not_picked":["True Grit","Battle Trance"],"picked":"Flex","floor":5.0},{"not_picked":["True Grit","Dropkick"],"picked":"Fiend Fire","floor":7},{"not_picked":["Flame Barrier","Wild Strike"],"picked":"Reaper","floor":11},{"not_picked":["Thunderclap","Body Slam"],"picked":"Cleave","floor":13},{"not_picked":["Heavy Blade","Pummel"],"picked":"Inflame","floor":14},{"not_picked":["Offering","Corruption"],"picked":"Immolate","floor":16},{"not_picked":["Thunderclap","Fire Breathing"],"picked":"Intimidate+1","floor":18},{"not_picked":["Feel No Pain","Reckless Charge"],"picked":"Uppercut+1","floor":22},{"not_picked":["Thunderclap","Clash"],"picked":"Sword Boomerang","floor":24},{"not_picked":["Anger","Combust"],"picked":"Burning Pact+1","floor":27},{"not_picked":["Wild Strike+1","Anger"],"picked":"Clash+1","floor":28},{"not_picked":["Power Through","Barricade","Reckless Charge"],"picked":"SKIP","floor":30},{"not_picked":["Feel No Pain+1","Armaments"],"picked":"Flex+1","floor":31},{"not_picked":["Reaper","Immolate"],"picked":"Berserk","floor":33},{"not_picked":["Shrug It Off","Wild Strike+1"],"picked":"Thunderclap+1","floor":35},{"not_picked":["Reckless Charge","Clothesline+1"],"picked":"Armaments+1","floor":37},{"not_picked":["Sweeping Beam","Barrage"],"picked":"Finesse+1","floor":39},{"not_picked":["Underhanded Strike","Reflex+1","Coolheaded"],"picked":"SKIP","floor":41},{"not_picked":["Meditate+1","Lockon","Stack"],"picked":"SKIP","floor":44},{"not_picked":["Dropkick+1","Battle Trance+1"],"picked":"Trip+1","floor":45},{"not_picked":["Bane","Wild Strike"],"picked":"Jack Of All Trades+1","floor":46},{"not_picked":["Entrench","Sword Boomerang+1"],"picked":"Dagger Spray+1","floor":47},{"not_picked":["Deflect","Carnage+1"],"picked":"Master of Strategy","floor":48}],"player_experience":123195,"relics_obtained":[{"floor":7,"key":"Happy Flower"},{"floor":9,"key":"Eternal Feather"},{"floor":11,"key":"Nunchaku"},{"floor":26,"key":"Bag of Marbles"},{"floor":28,"key":"Tiny Chest"},{"floor":30,"key":"Dream Catcher"},{"floor":36,"key":"White Beast Statue"},{"floor":41,"key":"Pen Nib"},{"floor":43,"key":"StrikeDummy"},{"floor":46,"key":"Lizard Tail"},{"floor":47,"key":"Shovel"},{"floor":49,"key":"Strawberry"}],"event_choices":[{"damage_healed":0.0,"max_hp_gain":0.0,"max_hp_loss":0.0,"gold_gain":0.0,"event_name":"Scrap Ooze","player_choice":"Success","floor":2.0,"gold_loss":0.0,"damage_taken":12.0,"relics_obtained":["Kunai"]},{"damage_healed":0.0,"max_hp_gain":0.0,"max_hp_loss":0.0,"gold_gain":75.0,"event_name":"World of Goop","player_choice":"Gather Gold","floor":4.0,"gold_loss":0.0,"damage_taken":11.0},{"damage_healed":0,"gold_gain":0,"player_choice":"Trade","damage_taken":0,"relics_obtained":["SsserpentHead"],"max_hp_gain":0,"max_hp_loss":0,"event_name":"FaceTrader","floor":10,"gold_loss":0},{"damage_healed":0,"gold_gain":0,"player_choice":"Simplicity","damage_taken":0,"max_hp_gain":0,"max_hp_loss":0,"event_name":"Back to Basics","floor":19,"gold_loss":0,"cards_upgraded":["Strike_R","Strike_R","Strike_R","Strike_R","Strike_R","Defend_R","Defend_R","Defend_R","Defend_R"]},{"damage_healed":0,"gold_gain":0,"player_choice":"Ignored","damage_taken":0,"max_hp_gain":0,"max_hp_loss":0,"event_name":"Vampires","floor":20,"gold_loss":0},{"damage_healed":0,"gold_gain":0,"player_choice":"Upgrade","damage_taken":0,"max_hp_gain":0,"max_hp_loss":0,"event_name":"Designer","floor":21,"gold_loss":40,"cards_upgraded":["Immolate"]},{"damage_healed":0,"gold_gain":0,"player_choice":"Fight","damage_taken":0,"max_hp_gain":0,"max_hp_loss":0,"event_name":"Mysterious Sphere","floor":46,"gold_loss":0}],"is_beta":false,"boss_relics":[{"not_picked":["SlaversCollar","Ectoplasm"],"picked":"Coffee Dripper"},{"not_picked":["Empty Cage","Sozu"],"picked":"Philosopher\u0027s Stone"}],"items_purged_floors":[],"is_endless":false,"potions_floor_spawned":[5,7,13,14,27,30,31,37,39,41,44,45,46,47,48],"killed_by":"Awakened One","ascension_level":0}}