{"host":"21h5e52imz35vo8g","time":1613305936,"event":{"mods":["AchievementEnabler","BaseMod","Colored Map","Colored Powertips","Googly Eyes","Minty Spire (QoL Compilation)","Quick Restart","Rare Cards Sparkle","Replay The Spire","StSLib"],"gold_per_floor":[109,109,28,46,46,46,74,88,143,143,162,162,193,193,193,291,291,291,291],"floor_reached":18,"language":"ZHS","playtime":807,"items_purged":[],"score":212,"play_id":"804d5f0d-b133-4c9b-a793-cc11e4e07ef0","local_time":"20210214203216","is_ascension_mode":true,"campfire_choices":[{"data":"Alpha","floor":6,"key":"SMITH"},{"data":"Replay:ManipulateFuture","floor":12,"key":"SMITH"},{"floor":15,"key":"DIG"}],"circlet_count":0,"master_deck":["Strike_P","Strike_P","Strike_P","Defend_P","Defend_P","Defend_P","Eruption","Vigilance","Alpha+1","ThirdEye","Judgement","Replay:ManipulateFuture+1","Delirium","Replay:AtTheReady","Evaluate","JustLucky","Alpha"],"relics":["PureWater","NeowsBlessing","Bottled Lightning","Bag of Marbles","Ring of Panic","ReplayTheSpireMod:Ring of Collecting","Replay:Baseball","Bronze Scales"],"acts_visited":["Exordium","TheCity"],"potions_floor_usage":[],"damage_taken":[{"damage":0,"enemies":"Small Slimes","floor":1,"turns":2},{"damage":0,"enemies":"Jaw Worm","floor":4,"turns":1},{"damage":0,"enemies":"3 Sentries","floor":7,"turns":2},{"damage":1,"enemies":"Cultist","floor":8,"turns":3},{"damage":9,"enemies":"Blue Slaver","floor":11,"turns":3},{"damage":30,"enemies":"Gremlin Nob","floor":13,"turns":4},{"damage":28,"enemies":"Fading Forest","floor":16,"turns":11},{"damage":0,"enemies":"2 Thieves","floor":18,"turns":1}],"seed_played":"-8845309285535987934","potions_obtained":[{"floor":1,"key":"EssenceOfSteel"},{"floor":7,"key":"FearPotion"},{"floor":11,"key":"SpeedPotion"},{"floor":16,"key":"Languid Potion"}],"is_trial":false,"path_per_floor":["M","?","$","M","$","R","E","M","T","?","M","R","E","?","R_BF","B",null,"M"],"character_chosen":"WATCHER","items_purchased":["Alpha"],"campfire_rested":0,"item_purchase_floors":[3],"current_hp_per_floor":[72,72,72,72,72,72,72,71,71,71,62,62,32,32,32,14,72,72,72],"gold":291,"neow_bonus":"THREE_ENEMY_KILL","is_daily":false,"chose_seed":false,"campfire_upgraded":2,"win_rate":0.0,"timestamp":1613305936,"path_taken":["M","?","$","M","$","R","E","M","T","?","M","R","E","?","R_BF","BOSS","M"],"items_purchased_type":["Card"],"build_version":"2020-12-22","purchased_purges":0,"victory":false,"max_hp_per_floor":[72,72,72,72,72,72,72,72,72,72,72,72,72,72,72,72,72,72,72],"card_choices":[{"not_picked":["BattleHymn","WindmillStrike","Halt"],"picked":"SKIP","floor":1},{"not_picked":["Perseverance","JustLucky"],"picked":"ThirdEye","floor":4},{"not_picked":["LikeWater","Protect"],"picked":"Judgement","floor":7},{"not_picked":["ClearTheMind","Replay:AtTheReady"],"picked":"Replay:ManipulateFuture","floor":8},{"not_picked":["EmptyMind","FlurryOfBlows"],"picked":"Replay:AtTheReady","floor":11},{"not_picked":["FollowUp","WaveOfTheHand"],"picked":"Evaluate","floor":13},{"not_picked":["Blasphemy","LessonLearned"],"picked":"Alpha","floor":16}],"player_experience":380605,"relics_obtained":[{"floor":7,"key":"Bottled Lightning"},{"floor":9,"key":"Bag of Marbles"},{"floor":10,"key":"Ring of Panic"},{"floor":10,"key":"ReplayTheSpireMod:Ring of Collecting"},{"floor":13,"key":"Replay:Baseball"},{"floor":15,"key":"Bronze Scales"}],"event_choices":[{"cards_removed":["Defend_P"],"damage_healed":0,"gold_gain":0,"player_choice":"Forget","damage_taken":0,"max_hp_gain":0,"max_hp_loss":0,"event_name":"Living Wall","floor":2,"gold_loss":0},{"damage_healed":0,"gold_gain":0,"cards_transformed":["Strike_P"],"player_choice":"Transformed","damage_taken":0,"max_hp_gain":0,"max_hp_loss":0,"event_name":"Transmorgrifier","floor":14,"gold_loss":0,"cards_obtained":["JustLucky"]}],"is_beta":false,"boss_relics":[{"not_picked":["Snecko Eye","Replay:Bronze Core","Painkiller Herb"]}],"items_purged_floors":[],"is_endless":false,"potions_floor_spawned":[1,7,11,16],"killed_by":"2 Thieves","ascension_level":2}}