{"host":"c83fcgyuu74iknko","time":1613299514,"event":{"mods":["BaseMod","BetterRewards","Colored Map","Colored Powertips","Minty Spire (QoL Compilation)","Quick Restart","StSLib","The Animator","The Senshi"],"gold_per_floor":[113,188,138,63,63,63,92,92,92,22,37,95,16,31,31,130,130,146,165,176,195,195,195,212,212,235,135,151,151,151],"floor_reached":29,"language":"ENG","playtime":1326,"items_purged":["Strike_P","Strike_P"],"score":273,"play_id":"d782c63c-9ab3-4113-814e-6307c3d8ec15","local_time":"20210214024514","is_ascension_mode":false,"campfire_choices":[{"data":"Vigilance","floor":6,"key":"SMITH"},{"data":"Perseverance","floor":8,"key":"SMITH"},{"data":"WindmillStrike","floor":15,"key":"SMITH"},{"floor":23,"key":"REST"}],"circlet_count":0,"master_deck":["Strike_P","Strike_P","Defend_P","Defend_P","Defend_P","Eruption+1","Vigilance+1","Protect+1","Perseverance+1","WindmillStrike+1","Worship","LikeWater","Brilliance","Pray","Pray+1","ClearTheMind+1"],"relics":["PureWater","NeowsBlessing","Pen Nib","Kunai","Toy Ornithopter","Tiny Chest","VioletLotus","Mango","theSenshi:SailorFukuRelic"],"acts_visited":["Exordium","TheCity"],"potions_floor_usage":[12,16,18,24],"damage_taken":[{"damage":0,"enemies":"2 Louse","floor":1,"turns":1},{"damage":0,"enemies":"3 Sentries","floor":7,"turns":2},{"damage":0,"enemies":"Small Slimes","floor":11,"turns":1},{"damage":0,"enemies":"Lagavulin Event","floor":12,"turns":7},{"damage":0,"enemies":"Cultist","floor":14,"turns":3},{"damage":26,"enemies":"The Guardian","floor":16,"turns":13},{"damage":0,"enemies":"2 Thieves","floor":18,"turns":5},{"damage":0,"enemies":"Spheric Guardian","floor":19,"turns":4},{"damage":51,"enemies":"Chosen and Byrds","floor":20,"turns":11},{"damage":13,"enemies":"3 Cultists","floor":21,"turns":5},{"damage":4,"enemies":"Snake Plant","floor":24,"turns":4},{"damage":9,"enemies":"Snecko","floor":28,"turns":5},{"damage":42,"enemies":"3 Cultists","floor":29,"turns":5}],"seed_played":"8627052567340937134","potions_obtained":[{"floor":1,"key":"StancePotion"},{"floor":14,"key":"Regen Potion"},{"floor":16,"key":"Ambrosia"},{"floor":21,"key":"Block Potion"},{"floor":28,"key":"BottledMiracle"}],"is_trial":false,"path_per_floor":["M","?","?","$","?","R","E","R","T","$","M","?","?","M","R","B",null,"M","M","M","M","?","R","M","T","T","$","M","M"],"character_chosen":"WATCHER","items_purchased":["WindmillStrike"],"campfire_rested":1,"item_purchase_floors":[10],"current_hp_per_floor":[72,61,61,61,47,47,47,47,47,47,47,47,47,47,47,41,72,72,72,21,8,8,29,30,44,44,44,35,0,0],"gold":151,"neow_bonus":"THREE_ENEMY_KILL","is_daily":false,"chose_seed":false,"campfire_upgraded":3,"win_rate":0.0,"timestamp":1613299514,"path_taken":["M","?","?","$","?","R","E","R","T","$","M","?","?","M","R","BOSS","M","?","M","?","?","R","M","?","T","$","M","M"],"items_purchased_type":["Card"],"build_version":"2020-12-22","purchased_purges":2,"victory":false,"max_hp_per_floor":[72,72,72,72,72,72,72,72,72,72,72,72,72,72,72,72,72,72,72,72,72,72,72,72,86,86,86,86,86,86],"card_choices":[{"not_picked":["Fasting2","EmptyBody"],"picked":"Protect","floor":1},{"not_picked":["WheelKick","ThirdEye"],"picked":"Perseverance","floor":7},{"not_picked":["ReachHeaven","CutThroughFate"],"picked":"Worship","floor":11},{"not_picked":["FollowUp","Protect"],"picked":"LikeWater","floor":14},{"not_picked":["Omniscience","DevaForm"],"picked":"Brilliance","floor":16},{"not_picked":["ClearTheMind","CutThroughFate"],"picked":"Pray","floor":18},{"not_picked":["JustLucky+1","FollowUp","Wallop"],"picked":"SKIP","floor":19},{"not_picked":["Worship","ThirdEye"],"picked":"Pray+1","floor":20},{"not_picked":["Nirvana","ThirdEye","FollowUp"],"picked":"SKIP","floor":21},{"not_picked":["ThirdEye","Swivel","ClearTheMind"],"picked":"SKIP","floor":24},{"not_picked":["EmptyFist","CrushJoints"],"picked":"ClearTheMind+1","floor":28}],"player_experience":270049,"relics_obtained":[{"floor":7,"key":"Pen Nib"},{"floor":9,"key":"Kunai"},{"floor":12,"key":"Toy Ornithopter"},{"floor":25,"key":"Mango"},{"floor":26,"key":"theSenshi:SailorFukuRelic"}],"event_choices":[{"damage_healed":0,"gold_gain":75,"player_choice":"Gather Gold","damage_taken":11,"max_hp_gain":0,"max_hp_loss":0,"event_name":"World of Goop","floor":2,"gold_loss":0},{"cards_removed":["Defend_P"],"damage_healed":0,"gold_gain":0,"player_choice":"Card Removal","damage_taken":0,"max_hp_gain":0,"max_hp_loss":0,"event_name":"The Cleric","floor":3,"gold_loss":50},{"damage_healed":0,"gold_gain":0,"player_choice":"Entered Light","damage_taken":14,"max_hp_gain":0,"max_hp_loss":0,"event_name":"Shining Light","floor":5,"gold_loss":0,"cards_upgraded":["Protect","Eruption"]},{"damage_healed":0,"gold_gain":30,"player_choice":"Searched \u00272\u0027 times","damage_taken":0,"max_hp_gain":0,"max_hp_loss":0,"event_name":"Dead Adventurer","floor":12,"gold_loss":0},{"damage_healed":0,"gold_gain":0,"player_choice":"Paid Gold","damage_taken":0,"relics_obtained":["Tiny Chest"],"max_hp_gain":0,"max_hp_loss":0,"event_name":"WeMeetAgain","floor":13,"gold_loss":79},{"damage_healed":0,"gold_gain":0,"player_choice":"Ignored","damage_taken":0,"max_hp_gain":0,"max_hp_loss":0,"event_name":"Ghosts","floor":22,"gold_loss":0}],"is_beta":false,"boss_relics":[{"not_picked":["Pandora\u0027s Box","SacredBark"],"picked":"VioletLotus"}],"items_purged_floors":[4,27],"is_endless":false,"potions_floor_spawned":[1,14,16,21,28],"killed_by":"3 Cultists","ascension_level":0}}