{"host":"c83fcgyuu74iknko","time":1613275616,"event":{"mods":["BaseMod","Colored Map","Colored Powertips","Minty Spire (QoL Compilation)","Quick Restart","StSLib","The Animator","The Senshi"],"gold_per_floor":[114,114,114,39,52,96,13,13,40,40,40,60,60,60,60,188,188,202,117,132,57,57,57,100,100,176,216,216,237,255,105,105,236,236,255,180,201,201,224,224,267,282,282,345,361,361,392,392,392,392],"floor_reached":51,"language":"ENG","playtime":2786,"items_purged":["theSenshi:EncouragingSpeech"],"score":851,"play_id":"cae7318e-5db9-4973-b567-759095042fc5","local_time":"20210213200656","is_ascension_mode":true,"campfire_choices":[{"data":"Forethought","floor":8,"key":"SMITH"},{"data":"theSenshi:MoonCrystalPowerMakeUp","floor":13,"key":"SMITH"},{"floor":15,"key":"REST"},{"data":"theSenshi:MoonCrisisMakeUp","floor":23,"key":"SMITH"},{"data":"theSenshi:IWillPunishYou","floor":25,"key":"SMITH"},{"data":"theSenshi:MoonPrismPowerMakeUp","floor":32,"key":"SMITH"},{"data":"theSenshi:RainbowMoonHeartAche","floor":40,"key":"SMITH"},{"floor":49,"key":"REST"}],"circlet_count":0,"master_deck":["theSenshi:SailorKick+1","theSenshi:SailorKick+1","theSenshi:SailorKick+1","theSenshi:SailorBlock+1","theSenshi:SailorBlock+1","theSenshi:SailorBlock+1","theSenshi:SailorBlock+1","theSenshi:RoseThrow","theSenshi:MoonPrismPowerMakeUp+1","Panache","theSenshi:MoonSpiralHeartAttack+1","theSenshi:MoonCrystalPowerMakeUp+1","theSenshi:UranusStrength","Forethought+1","theSenshi:MoonsReflection","theSenshi:IWillPunishYou+1","theSenshi:MoonCrisisMakeUp+1","Writhe","theSenshi:MoonCrisisMakeUp+1","theSenshi:MoonsReflection+1","theSenshi:MoonCrisisMakeUp+1","theSenshi:StudyParty+1","theSenshi:RainbowMoonHeartAche+1","theSenshi:CrisisMakeUp+1","theSenshi:MoonKick+1","Discovery+1","theSenshi:MoonPunch","theSenshi:MoonsReflection+1","animator:Curse_Greed","theSenshi:MoonsReflection+1","theSenshi:GlimpseOfThePast+1","Madness+1","Madness+1","theSenshi:WarriorOfTheMoon+1","Clumsy"],"relics":["theSenshi:TransformationBroochRelic","Golden Idol","theSenshi:SpiralHeartMoonRodRelic","theSenshi:CrystalStarRelic","Orichalcum","Cursed Key","PreservedInsect","Frozen Egg 2","Toxic Egg 2","Centennial Puzzle","theSenshi:CutieMoonRodRelic","Sozu","Unceasing Top","Bottled Tornado","theSenshi:EternalTiareRelic","Regal Pillow","Gremlin Horn"],"acts_visited":["Exordium","TheCity","TheBeyond"],"potions_floor_usage":[6,12,29],"damage_taken":[{"damage":0,"enemies":"2 Louse","floor":1,"turns":4},{"damage":0,"enemies":"Jaw Worm","floor":5,"turns":4},{"damage":37,"enemies":"Gremlin Nob","floor":6,"turns":7},{"damage":0,"enemies":"Small Slimes","floor":12,"turns":3},{"damage":21,"enemies":"The Guardian","floor":16,"turns":14},{"damage":21,"enemies":"3 Byrds","floor":18,"turns":6},{"damage":0,"enemies":"Shell Parasite","floor":20,"turns":6},{"damage":10,"enemies":"Book of Stabbing","floor":24,"turns":5},{"damage":36,"enemies":"Slavers","floor":27,"turns":6},{"damage":0,"enemies":"Snecko","floor":29,"turns":3},{"damage":20,"enemies":"3 Cultists","floor":30,"turns":6},{"damage":41,"enemies":"Automaton","floor":33,"turns":13},{"damage":5,"enemies":"Orb Walker","floor":35,"turns":4},{"damage":27,"enemies":"3 Darklings","floor":37,"turns":6},{"damage":14,"enemies":"Transient","floor":39,"turns":5},{"damage":0,"enemies":"Giant Head","floor":41,"turns":6},{"damage":28,"enemies":"Sphere and 2 Shapes","floor":42,"turns":7},{"damage":0,"enemies":"Mind Bloom Boss Battle","floor":44,"turns":6},{"damage":35,"enemies":"3 Darklings","floor":45,"turns":7},{"damage":44,"enemies":"Nemesis","floor":47,"turns":5},{"damage":42,"enemies":"Time Eater","floor":50,"turns":13}],"seed_played":"-5686694640008420003","potions_obtained":[{"floor":1,"key":"Block Potion"},{"floor":6,"key":"AttackPotion"},{"floor":27,"key":"AttackPotion"},{"floor":29,"key":"BlessingOfTheForge"},{"floor":33,"key":"Dexterity Potion"}],"is_trial":false,"path_per_floor":["M","?","?","$","M","E","$","R","T","$","?","M","R","?","R","B",null,"M","?","M","$","?","R","E","R","T","E","?","M","M","$","R","B",null,"M","$","M","?","M","R","E","M","T","?","M","?","E","T","R","B",null],"character_chosen":"THE_SENSHI","items_purchased":["Forethought","theSenshi:MoonCrisisMakeUp","theSenshi:CutieMoonRodRelic","theSenshi:CrisisMakeUp+1"],"campfire_rested":2,"item_purchase_floors":[7,21,31,36],"current_hp_per_floor":[68,68,51,51,51,14,14,14,14,14,7,15,15,1,21,6,68,55,55,61,61,61,61,59,59,59,35,35,43,37,37,37,8,68,67,67,62,62,62,62,68,52,52,68,59,50,21,21,56,28],"gold":392,"neow_bonus":"RANDOM_COLORLESS_2","is_daily":false,"chose_seed":false,"campfire_upgraded":6,"win_rate":0.0,"timestamp":1613275616,"path_taken":["M","?","?","$","M","E","?","R","T","$","?","?","R","?","R","BOSS","M","?","M","$","?","R","E","R","T","E","?","M","M","$","R","BOSS","M","$","M","?","M","R","E","M","T","?","M","?","E","?","R","BOSS"],"items_purchased_type":["Card","Card","Relic","Card"],"build_version":"2020-12-22","purchased_purges":1,"victory":true,"max_hp_per_floor":[68,68,68,68,68,68,68,68,68,68,68,68,68,68,68,68,68,68,68,68,68,68,68,68,68,68,68,68,68,68,68,68,68,68,68,68,68,68,68,68,68,68,68,68,68,68,68,68,68,68],"card_choices":[{"not_picked":["Violence","Magnetism"],"picked":"Panache","floor":0},{"not_picked":["theSenshi:SailorStarFighterAssists","theSenshi:MoonPrincessHalation"],"picked":"theSenshi:MoonSpiralHeartAttack","floor":1},{"not_picked":["theSenshi:TuxedoSmokingBomber","theSenshi:SupersonicWaves"],"picked":"theSenshi:MoonCrystalPowerMakeUp","floor":5},{"not_picked":["theSenshi:VenusGlamour","theSenshi:SailorChibiMoonAssists"],"picked":"theSenshi:UranusStrength","floor":6},{"not_picked":["theSenshi:SailorPlanetPower","theSenshi:SailorMarsAssists"],"picked":"theSenshi:MoonsReflection","floor":12},{"not_picked":["theSenshi:LunaSensingAllies","theSenshi:StudyParty"],"picked":"theSenshi:IWillPunishYou","floor":16},{"not_picked":["theSenshi:TallSilhouette","theSenshi:MarsPride","theSenshi:SupersonicWaves"],"picked":"SKIP","floor":18},{"not_picked":["theSenshi:HesSoDreamy+1","theSenshi:InTheNickOfTime+1","theSenshi:SailorMarsAssists+1"],"picked":"SKIP","floor":20},{"not_picked":["theSenshi:TuxedoSmokingBomber","theSenshi:LunasBite","theSenshi:SailorJupiterAssists"],"picked":"SKIP","floor":24},{"not_picked":["theSenshi:LunaSensingAllies+1","theSenshi:SailorNeptuneAssists+1"],"picked":"theSenshi:MoonCrisisMakeUp+1","floor":27},{"not_picked":["theSenshi:EncouragingSpeech+1","theSenshi:NeptunesGrace"],"picked":"theSenshi:MoonsReflection+1","floor":29},{"not_picked":["theSenshi:TallSilhouette+1","theSenshi:SteeledNerves+1"],"picked":"theSenshi:MoonCrisisMakeUp+1","floor":30},{"not_picked":["theSenshi:JupitersPower","theSenshi:InTheNameOfTheMoon+1"],"picked":"theSenshi:StudyParty+1","floor":33},{"not_picked":["theSenshi:CrisisMakeUp+1","theSenshi:Overload+1"],"picked":"theSenshi:RainbowMoonHeartAche","floor":35},{"not_picked":["theSenshi:TallSilhouette+1","theSenshi:LunasBite+1"],"picked":"theSenshi:MoonKick+1","floor":37},{"not_picked":["Enlightenment+1","Swift Strike"],"picked":"Discovery+1","floor":38},{"not_picked":["theSenshi:SailorPlanetPower","theSenshi:InTheNickOfTime+1","theSenshi:MercurysCunning"],"picked":"SKIP","floor":39},{"not_picked":["theSenshi:NeptunesGrace","theSenshi:SailorPlanetPower+1"],"picked":"theSenshi:MoonPunch","floor":41},{"not_picked":["theSenshi:MoonTwilightFlash+1","theSenshi:SailorV+1"],"picked":"theSenshi:MoonsReflection+1","floor":42},{"not_picked":["theSenshi:TuxedoMaskAssists","theSenshi:MoonPower+1"],"picked":"theSenshi:MoonsReflection+1","floor":44},{"not_picked":["theSenshi:SailorChibiMoonAssists+1","theSenshi:MoonsReflection+1"],"picked":"theSenshi:GlimpseOfThePast+1","floor":45},{"not_picked":["theSenshi:MoonKick","theSenshi:LunasBite+1"],"picked":"theSenshi:WarriorOfTheMoon+1","floor":47}],"player_experience":254409,"relics_obtained":[{"floor":6,"key":"theSenshi:SpiralHeartMoonRodRelic"},{"floor":9,"key":"theSenshi:CrystalStarRelic"},{"floor":24,"key":"Frozen Egg 2"},{"floor":26,"key":"Toxic Egg 2"},{"floor":27,"key":"Centennial Puzzle"},{"floor":41,"key":"Unceasing Top"},{"floor":43,"key":"Bottled Tornado"},{"floor":44,"key":"theSenshi:EternalTiareRelic"},{"floor":47,"key":"Regal Pillow"},{"floor":48,"key":"Gremlin Horn"}],"event_choices":[{"damage_healed":0,"gold_gain":0,"cards_transformed":["theSenshi:SailorKick"],"player_choice":"Change","damage_taken":0,"max_hp_gain":0,"max_hp_loss":0,"event_name":"Living Wall","floor":2,"gold_loss":0,"cards_obtained":["theSenshi:EncouragingSpeech"]},{"damage_healed":0,"gold_gain":0,"player_choice":"Take Damage","damage_taken":17,"relics_obtained":["Golden Idol"],"max_hp_gain":0,"max_hp_loss":0,"event_name":"Golden Idol","floor":3,"gold_loss":0},{"damage_healed":0,"gold_gain":0,"player_choice":"Success","damage_taken":7,"relics_obtained":["Orichalcum"],"max_hp_gain":0,"max_hp_loss":0,"event_name":"Scrap Ooze","floor":11,"gold_loss":0},{"damage_healed":0,"gold_gain":0,"player_choice":"Entered Light","damage_taken":14,"max_hp_gain":0,"max_hp_loss":0,"event_name":"Shining Light","floor":14,"gold_loss":0,"cards_upgraded":["theSenshi:MoonSpiralHeartAttack","theSenshi:SailorKick"]},{"damage_healed":0,"gold_gain":0,"player_choice":"Obtained Relic","damage_taken":0,"relics_obtained":["PreservedInsect"],"max_hp_gain":0,"max_hp_loss":0,"event_name":"Addict","floor":19,"gold_loss":85},{"damage_healed":0,"gold_gain":0,"player_choice":"Simplicity","damage_taken":0,"max_hp_gain":0,"max_hp_loss":0,"event_name":"Back to Basics","floor":22,"gold_loss":0,"cards_upgraded":["theSenshi:SailorKick","theSenshi:SailorKick","theSenshi:SailorBlock","theSenshi:SailorBlock","theSenshi:SailorBlock","theSenshi:SailorBlock"]},{"damage_healed":0,"gold_gain":0,"player_choice":"Ignored","damage_taken":0,"max_hp_gain":0,"max_hp_loss":0,"event_name":"Ghosts","floor":28,"gold_loss":0},{"damage_healed":0,"gold_gain":0,"player_choice":"Memory 1","damage_taken":0,"max_hp_gain":0,"max_hp_loss":0,"event_name":"SensoryStone","floor":38,"gold_loss":0},{"damage_healed":0,"gold_gain":0,"player_choice":"Fight","damage_taken":0,"max_hp_gain":0,"max_hp_loss":0,"event_name":"MindBloom","floor":44,"gold_loss":0},{"damage_healed":0,"gold_gain":0,"player_choice":"Embrace Madness","damage_taken":9,"max_hp_gain":0,"max_hp_loss":0,"event_name":"Winding Halls","floor":46,"gold_loss":0,"cards_obtained":["Madness","Madness"]}],"is_beta":false,"boss_relics":[{"not_picked":["Snecko Eye","Pandora\u0027s Box"],"picked":"Cursed Key"},{"not_picked":["Empty Cage","Tiny House"],"picked":"Sozu"}],"items_purged_floors":[4],"is_endless":false,"potions_floor_spawned":[1,6,27,29,33,35,39,44],"ascension_level":1}}