{"host":"tetq3wi5anb97imq","time":1613317768,"event":{"mods":["BaseMod","Block Reminder","Minty Spire (QoL Compilation)","Quick Restart","StSLib","SuperFastMode"],"gold_per_floor":[116,116,116,133,98,98,124,136,136,150,150,181,12,41,41,116,116,134,134,152,172,172,203,203,236,236,236,236,263,292,332,344,356,356],"floor_reached":33,"language":"ENG","playtime":697,"items_purged":[],"score":832,"play_id":"419dc55f-ae9a-4142-bbd7-be48244170aa","local_time":"20210214134928","is_ascension_mode":true,"campfire_choices":[{"data":"Bane","floor":6,"key":"SMITH"},{"data":"Footwork","floor":11,"key":"SMITH"},{"data":"Noxious Fumes","floor":15,"key":"SMITH"},{"data":"Malaise","floor":24,"key":"SMITH"},{"floor":28,"key":"REST"},{"data":"Choke","floor":32,"key":"SMITH"}],"circlet_count":0,"master_deck":["AscendersBane","Strike_G","Strike_G","Strike_G","Strike_G","Strike_G","Defend_G","Defend_G","Defend_G","Defend_G","Defend_G","Survivor","Neutralize","Bane+1","Choke+1","Cloak And Dagger","Backstab","Footwork+1","Die Die Die","Dramatic Entrance","Noxious Fumes+1","Dodge and Roll","Malaise+1","Acrobatics+1","Terror","Dash","Glass Knife","Cloak And Dagger","Blur","Dodge and Roll","Cloak And Dagger"],"relics":["Ring of the Snake","NeowsBlessing","Mercury Hourglass","CultistMask","Bag of Marbles","Pantograph","Mummified Hand","Darkstone Periapt","SlaversCollar","InkBottle","Toy Ornithopter","Omamori","Paper Crane","MawBank","Pen Nib"],"acts_visited":["Exordium","TheCity"],"potions_floor_usage":[10,16,20,23,29,31,33],"damage_taken":[{"damage":0,"enemies":"Cultist","floor":1,"turns":1},{"damage":0,"enemies":"2 Louse","floor":4,"turns":1},{"damage":0,"enemies":"3 Sentries","floor":7,"turns":1},{"damage":0,"enemies":"Jaw Worm","floor":8,"turns":3},{"damage":0,"enemies":"Exordium Wildlife","floor":10,"turns":1},{"damage":22,"enemies":"Lagavulin","floor":12,"turns":8},{"damage":0,"enemies":"Gremlin Nob","floor":14,"turns":3},{"damage":24,"enemies":"Hexaghost","floor":16,"turns":10},{"damage":11,"enemies":"Spheric Guardian","floor":18,"turns":5},{"damage":0,"enemies":"2 Thieves","floor":20,"turns":2},{"damage":0,"enemies":"3 Cultists","floor":21,"turns":2},{"damage":11,"enemies":"Book of Stabbing","floor":23,"turns":6},{"damage":8,"enemies":"Slavers","floor":25,"turns":4},{"damage":24,"enemies":"Book of Stabbing","floor":29,"turns":5},{"damage":5,"enemies":"Centurion and Healer","floor":30,"turns":7},{"damage":0,"enemies":"Gremlin Leader","floor":31,"turns":4},{"damage":63,"enemies":"Automaton","floor":33,"turns":6}],"seed_played":"-2808593776250920625","potions_obtained":[{"floor":7,"key":"SkillPotion"},{"floor":12,"key":"ColorlessPotion"},{"floor":16,"key":"Fruit Juice"},{"floor":21,"key":"EssenceOfSteel"},{"floor":25,"key":"Block Potion"},{"floor":29,"key":"Energy Potion"},{"floor":31,"key":"LiquidMemories"}],"is_trial":false,"path_per_floor":["M","T","?","M","?","R","E","M","T","M","R","E","$","E","R","B",null,"M","T","M","M","?","E","R","E","T","?","R","E","M","E","R","B"],"character_chosen":"THE_SILENT","items_purchased":["Dramatic Entrance","Noxious Fumes"],"campfire_rested":1,"item_purchase_floors":[13,13],"current_hp_per_floor":[59,59,59,59,66,66,66,66,66,66,66,44,44,44,44,42,60,49,49,54,54,54,43,43,35,35,29,50,31,26,31,31,0,0],"gold":356,"neow_bonus":"THREE_ENEMY_KILL","is_daily":false,"chose_seed":false,"campfire_upgraded":5,"win_rate":0.0,"timestamp":1613317768,"path_taken":["M","?","?","?","?","R","E","M","T","M","R","E","?","E","R","BOSS","M","?","M","M","?","E","R","E","T","?","R","E","M","E","R","BOSS"],"items_purchased_type":["Card","Card"],"build_version":"2020-12-22","purchased_purges":0,"victory":false,"max_hp_per_floor":[66,66,66,66,66,66,66,66,66,66,66,66,66,66,66,66,66,66,66,71,71,71,71,71,71,71,71,71,71,71,71,71,71,71],"card_choices":[{"not_picked":["Underhanded Strike","Acrobatics"],"picked":"Bane","floor":1},{"not_picked":["Well Laid Plans","Prepared"],"picked":"Choke","floor":4},{"not_picked":["Quick Slash","Bullet Time"],"picked":"Cloak And Dagger","floor":7},{"not_picked":["Bane","Slice"],"picked":"Backstab","floor":8},{"not_picked":["PiercingWail","Sucker Punch"],"picked":"Footwork","floor":10},{"not_picked":["Outmaneuver","Deadly Poison"],"picked":"Die Die Die","floor":12},{"not_picked":["Reflex","Deflect"],"picked":"Dodge and Roll","floor":14},{"not_picked":["Bullet Time","Night Terror"],"picked":"Malaise","floor":16},{"not_picked":["Bane","Dagger Spray"],"picked":"Acrobatics+1","floor":18},{"not_picked":["Heel Hook","Bane"],"picked":"Terror","floor":20},{"not_picked":["Setup","Tactician","Prepared"],"picked":"SKIP","floor":21},{"not_picked":["Dodge and Roll","Caltrops"],"picked":"Glass Knife","floor":23},{"not_picked":["Skewer","Sucker Punch"],"picked":"Cloak And Dagger","floor":25},{"not_picked":["Poisoned Stab","Deflect"],"picked":"Blur","floor":29},{"not_picked":["Calculated Gamble","Infinite Blades"],"picked":"Dodge and Roll","floor":30},{"not_picked":["Terror+1","Riddle With Holes+1"],"picked":"Cloak And Dagger","floor":31}],"player_experience":1671453,"relics_obtained":[{"floor":2,"key":"Mercury Hourglass"},{"floor":7,"key":"Bag of Marbles"},{"floor":9,"key":"Pantograph"},{"floor":12,"key":"Mummified Hand"},{"floor":14,"key":"Darkstone Periapt"},{"floor":19,"key":"InkBottle"},{"floor":23,"key":"Toy Ornithopter"},{"floor":25,"key":"Omamori"},{"floor":26,"key":"Paper Crane"},{"floor":29,"key":"MawBank"},{"floor":31,"key":"Pen Nib"}],"event_choices":[{"damage_healed":0,"gold_gain":0,"player_choice":"Trade","damage_taken":0,"relics_obtained":["CultistMask"],"max_hp_gain":0,"max_hp_loss":0,"event_name":"FaceTrader","floor":3,"gold_loss":0},{"damage_healed":16,"gold_gain":0,"player_choice":"Healed","damage_taken":0,"max_hp_gain":0,"max_hp_loss":0,"event_name":"The Cleric","floor":5,"gold_loss":35},{"damage_healed":0,"gold_gain":0,"player_choice":"Read","damage_taken":0,"max_hp_gain":0,"max_hp_loss":0,"event_name":"The Library","floor":22,"gold_loss":0,"cards_obtained":["Dash"]},{"damage_healed":0,"gold_gain":0,"player_choice":"","damage_taken":6,"max_hp_gain":0,"max_hp_loss":0,"event_name":"Knowing Skull","floor":27,"potions_obtained":[],"gold_loss":0,"cards_obtained":[]}],"is_beta":false,"boss_relics":[{"not_picked":["SacredBark","Ring of the Serpent"],"picked":"SlaversCollar"}],"items_purged_floors":[],"is_endless":false,"potions_floor_spawned":[7,12,16,21,25,29,31],"killed_by":"Automaton","ascension_level":20}}