{"host":"bp3tm7tvk8nf4kb2","time":1613273528,"event":{"mods":["2.2 Compatiblity","AchievementEnabler","BaseMod","Bestiary","Better Match","Better Third Choice","BetterRewards","Colored Map","Colored Powertips","Curses Come First","DeckTracker","Downfall","Duelist Mod","Friendly Minions","Googly Eyes","Halation","Highlight Path","Marisa????????","Minty Spire (QoL Compilation)","Morshu Shopkeeper - ENHANCED","Permanent Neow","Quick Restart","Rare Cards Sparkle","Reorder Act Four","Replay The Spire","Shop Mod","Spicy Shops","StSLib","The Animator","TheBandit","Waifu the Spire","Wide Potions","everything is the same but u backflip on backflip"],"gold_per_floor":[113,113,16,50,69,103,103,120,120,136,211,211,228,247,247,348,348,360,360,372,65,80,80,26,45,45,45,62,62,81,110,110,236,286,301,355,32,32,32,32,32,32,32,48,48,69,69,100,100,113,113,13,13,52,76,76],"floor_reached":55,"language":"ENG","playtime":4296,"items_purged":["Languid","Strike_G"],"score":1190,"play_id":"b99cccb1-e1f9-47ba-b64f-8137c60a946a","local_time":"20210213193208","is_ascension_mode":false,"campfire_choices":[{"floor":12.0,"key":"REST"},{"floor":15.0,"key":"REST"},{"floor":23.0,"key":"REST"},{"floor":29.0,"key":"REST"},{"floor":32.0,"key":"REST"},{"floor":40.0,"key":"RECALL"},{"floor":47.0,"key":"REST"},{"floor":49.0,"key":"REST"},{"data":"Poison Darts","floor":53.0,"key":"SMITH"}],"circlet_count":0,"master_deck":["Strike_G","Strike_G","Defend_G","Survivor+1","Neutralize+1","Poison Darts+1","Dagger Throw+1","Bullet Time+1","Injury","Atom Bomb+1","Replay:Poison Smokescreen+1","Dagger Throw","Catalyst+1","Toxin Wave+1","Adrenaline+1","theDuelist:PsiCurse","Acrobatics","Deadly Poison","Deadly Poison+1","Bullet Time+1","Calculated Gamble+1","Adrenaline+1","Bane+1","Doppelganger+1","Atom Bomb+1","Amnesia","Wraith","Prepared"],"relics":["Ring of the Snake","ReplayTheSpireMod:CursedCoin","Golden Egg","Incense Burner","Snack Pack","Replay:Bottled Eggs","Kintsugi","halation:IllGainedPizza","Gremlin Food","Strawberry","Matryoshka","Snake Skull","Tiny House","Ginger","Replay:Wax Seal","Bronze Scales","DollysMirror","ReplayTheSpireMod:Ring of Exchange","Ring of Fangs","Anchor","Unceasing Top","Sundial"],"acts_visited":["Exordium","TheCity","TheBeyond","TheEnding"],"potions_floor_usage":[55,55],"damage_taken":[{"damage":7.0,"enemies":"2 Louse","floor":1.0,"turns":2.0},{"damage":0.0,"enemies":"Small Slimes","floor":5.0,"turns":2.0},{"damage":11.0,"enemies":"3 Sentries","floor":6.0,"turns":4.0},{"damage":6.0,"enemies":"Cultist","floor":8.0,"turns":3.0},{"damage":4.0,"enemies":"Looter","floor":10.0,"turns":3.0},{"damage":6.0,"enemies":"2 Fungi Beasts","floor":13.0,"turns":2.0},{"damage":0.0,"enemies":"Blue Slaver","floor":14.0,"turns":1.0},{"damage":62.0,"enemies":"Fading Forest","floor":16.0,"turns":11.0},{"damage":27.0,"enemies":"3 Byrds","floor":18.0,"turns":3.0},{"damage":6.0,"enemies":"Shell Parasite","floor":20.0,"turns":2.0},{"damage":4.0,"enemies":"Sentry and Sphere","floor":22.0,"turns":2.0},{"damage":4.0,"enemies":"Snecko","floor":25.0,"turns":2.0},{"damage":6.0,"enemies":"Centurion and Healer","floor":28.0,"turns":3.0},{"damage":11.0,"enemies":"Cultist and Chosen","floor":30.0,"turns":4.0},{"damage":15.0,"enemies":"theDuelist:KaibaA2","floor":31.0,"turns":2.0},{"damage":73.0,"enemies":"Pondfish","floor":33.0,"turns":9.0},{"damage":1.0,"enemies":"Orb Walker","floor":35.0,"turns":2.0},{"damage":14.0,"enemies":"2 Orb Walkers","floor":36.0,"turns":3.0},{"damage":2.0,"enemies":"3 Shapes","floor":44.0,"turns":3.0},{"damage":24.0,"enemies":"Maw","floor":46.0,"turns":3.0},{"damage":6.0,"enemies":"Reptomancer","floor":48.0,"turns":3.0},{"damage":86.0,"enemies":"Donu and Deca","floor":50.0,"turns":6.0},{"damage":53.0,"enemies":"Shield and Spear","floor":54.0,"turns":5.0},{"damage":36,"enemies":"The Heart","floor":55,"turns":3}],"seed_played":"2764645645344216916","potions_obtained":[{"floor":8.0,"key":"Regen Potion"},{"floor":10.0,"key":"Poison Potion"},{"floor":16.0,"key":"Elixir"},{"floor":18.0,"key":"Poison Potion"},{"floor":28.0,"key":"GamblersBrew"},{"floor":34.0,"key":"EntropicBrew"},{"floor":36.0,"key":"LiquidBronze"},{"floor":54.0,"key":"GamblersBrew"}],"is_trial":false,"path_per_floor":["M","?","$","?","M","E","?","M","T","M","?","R","M","M","R_BF","B",null,"M","?","M","$","M","R","$","M","T","T","M","R","M","E","R","B",null,"M","?","$","?","?","R","?","$","T","M","?","M","R","E","R","B",null,"$","R","E","B"],"character_chosen":"THE_SILENT","items_purchased":["Poison Darts","ReplayTheSpireMod:CursedCoin","Golden Egg","halation:IllGainedPizza","Gremlin Food","Deadly Poison","Replay:Wax Seal","Bronze Scales","DollysMirror"],"campfire_rested":7,"item_purchase_floors":[0,3,3,21,21,24,37,37,37],"current_hp_per_floor":[63,63,63,35,35,24,29,27,27,23,12,34,28,28,50,15,75,48,48,42,42,40,62,62,58,65,65,59,82,71,56,80,11,87,87,73,73,73,73,73,73,73,73,71,87,63,87,81,87,5,87,87,87,34,0,0],"gold":76,"neow_bonus":"","is_daily":false,"chose_seed":false,"campfire_upgraded":1,"win_rate":0.0,"timestamp":1613273528,"path_taken":["M","?","$","?","?","E","?","M","T","M","?","R","M","M","R_BF","BOSS","M","?","?","$","M","R","$","M","T","?","M","R","M","E","R","BOSS","M","?","$","?","?","R","?","?","T","?","?","M","R","E","R","BOSS","$","R","E","BOSS"],"items_purchased_type":["Card","Relic","Relic","Relic","Relic","Card","Relic","Relic","Relic"],"build_version":"2020-12-22","purchased_purges":2,"victory":false,"max_hp_per_floor":[70,70,70,70,70,70,75,75,75,75,75,75,75,75,75,75,75,75,75,75,75,75,75,75,75,82,82,82,82,82,82,82,82,87,87,87,87,87,87,87,87,87,87,87,87,87,87,87,87,87,87,87,87,87,87,87],"card_choices":[{"not_picked":["Quick Slash","Hidden Blade"],"picked":"Dagger Throw","floor":1.0},{"not_picked":["Dagger Throw","Quick Slash"],"picked":"Atom Bomb","floor":4.0},{"not_picked":["Choke","Backstab"],"picked":"Replay:Poison Smokescreen","floor":5.0},{"not_picked":["Well Laid Plans","Skewer"],"picked":"Dagger Throw","floor":6.0},{"not_picked":["Finisher","ReplayTheSpireMod:Speed Training"],"picked":"Catalyst","floor":8.0},{"not_picked":["Terror","PiercingWail","Slice"],"picked":"SKIP","floor":10.0},{"not_picked":["Underhanded Strike","Dagger Spray","Bane"],"picked":"SKIP","floor":13.0},{"not_picked":["PiercingWail","Hidden Blade"],"picked":"Toxin Wave","floor":14.0},{"not_picked":["Replay:Bag of Tricks","Malaise"],"picked":"Adrenaline","floor":16.0},{"not_picked":["Dodge and Roll","Underhanded Strike","Outmaneuver"],"picked":"SKIP","floor":18.0},{"not_picked":["Footwork","Backstab"],"picked":"Acrobatics","floor":20.0},{"not_picked":["Flying Knee","Hidden Blade"],"picked":"Deadly Poison","floor":22.0},{"not_picked":["PiercingWail","Sneak Up"],"picked":"Bullet Time","floor":25.0},{"not_picked":["Poisoned Stab","Fluid Movement","Quick Slash"],"picked":"SKIP","floor":28.0},{"not_picked":["Sucker Punch","Bane+1"],"picked":"Calculated Gamble","floor":30.0},{"not_picked":["Riddle With Holes","Venomology","ReplayTheSpireMod:Shiv Toss"],"picked":"SKIP","floor":31.0},{"not_picked":["ReplayTheSpireMod:From All Sides","Night Terror"],"picked":"Adrenaline","floor":33.0},{"not_picked":["Dodge and Roll","Riddle With Holes"],"picked":"Bane+1","floor":34.0},{"not_picked":["Dodge and Roll+1","Blade Dance+1"],"picked":"Draining Mist+1","floor":35.0},{"not_picked":["Underhanded Strike+1","Slice+1"],"picked":"Doppelganger","floor":36.0},{"not_picked":["Masterful Stab+1","Dodge and Roll","Sucker Punch+1"],"picked":"SKIP","floor":44.0},{"not_picked":["Blade Dance","ReplayTheSpireMod:Shiv Toss","Dagger Spray+1"],"picked":"SKIP","floor":46.0},{"not_picked":["Blade Dance","Dagger Spray+1","Sucker Punch+1"],"picked":"SKIP","floor":48.0},{"not_picked":["ReplayTheSpireMod:Tripwire","Endless Agony"],"picked":"Prepared","floor":54.0}],"player_experience":40204,"relics_obtained":[{"floor":4.0,"key":"Incense Burner"},{"floor":6.0,"key":"Snack Pack"},{"floor":9.0,"key":"Replay:Bottled Eggs"},{"floor":26.0,"key":"Strawberry"},{"floor":27.0,"key":"Matryoshka"},{"floor":31.0,"key":"Snake Skull"},{"floor":36.0,"key":"Ginger"},{"floor":38.0,"key":"ReplayTheSpireMod:Ring of Exchange"},{"floor":38.0,"key":"Ring of Fangs"},{"floor":43.0,"key":"Anchor"},{"floor":48.0,"key":"Unceasing Top"},{"floor":54.0,"key":"Sundial"}],"event_choices":[{"damage_healed":0.0,"max_hp_gain":0.0,"max_hp_loss":0.0,"gold_gain":0.0,"cards_transformed":["Defend_G"],"event_name":"Living Wall","player_choice":"Change","floor":2.0,"gold_loss":0.0,"damage_taken":0.0,"cards_obtained":["Bullet Time"]},{"damage_healed":0.0,"max_hp_gain":5.0,"max_hp_loss":0.0,"gold_gain":0.0,"event_name":"Big Fish","player_choice":"Donut","floor":7.0,"gold_loss":0.0,"damage_taken":0.0},{"damage_healed":0.0,"max_hp_gain":0.0,"max_hp_loss":0.0,"gold_gain":75.0,"event_name":"betterThird:BetterGoop","player_choice":"Gold","floor":11.0,"gold_loss":0.0,"damage_taken":11.0},{"damage_healed":0.0,"max_hp_gain":0.0,"max_hp_loss":0.0,"gold_gain":0.0,"event_name":"Accursed Blacksmith","player_choice":"Forge","floor":19.0,"gold_loss":0.0,"damage_taken":0.0,"cards_upgraded":["Bullet Time"]},{"damage_healed":0.0,"max_hp_gain":0.0,"max_hp_loss":0.0,"gold_gain":0.0,"event_name":"Mysterious Sphere","player_choice":"Fight","floor":36.0,"gold_loss":0.0,"damage_taken":0.0},{"damage_healed":0.0,"max_hp_gain":0.0,"max_hp_loss":0.0,"gold_gain":0.0,"event_name":"OrinTheCat","player_choice":"Ignored","floor":39.0,"gold_loss":0.0,"damage_taken":0.0},{"damage_healed":0.0,"max_hp_gain":0.0,"max_hp_loss":0.0,"gold_gain":0.0,"event_name":"SensoryStone","player_choice":"Memory 1","floor":41.0,"gold_loss":0.0,"damage_taken":0.0},{"cards_removed":["Draining Mist"],"damage_healed":16.0,"max_hp_gain":0.0,"max_hp_loss":0.0,"gold_gain":0.0,"event_name":"Bonfire Elementals","player_choice":"Offered Uncommon","floor":45.0,"gold_loss":0.0,"damage_taken":0.0}],"is_beta":false,"boss_relics":[{"not_picked":["Runic Dome","halation:Prosthetics"],"picked":"Kintsugi"},{"not_picked":["Replay:Wanted Poster","halation:MonkeysPaw"],"picked":"Tiny House"}],"items_purged_floors":[21,52],"is_endless":false,"potions_floor_spawned":[8,10,14,16,18,28,30,36,44,46,54],"killed_by":"The Heart","ascension_level":0}}