{"host":"lg1lbglystyxcosi","time":1613296290,"event":{"mods":["AchievementEnabler","BaseMod","Better Third Choice","BetterRewards","Colored Powertips","Minty Spire (QoL Compilation)","Quick Restart","Shop Mod","StSLib","¡¾ÒÅÎï¿¨ÅÆ¡¿REMEMod"],"gold_per_floor":[116,116,136,211,211,211,226,252,277,288,135,85,101,26,26,123,123,138,156,156,156,156],"floor_reached":21,"language":"ZHS","playtime":655,"items_purged":["Defend_R"],"score":179,"play_id":"16eaedeb-6acf-4c40-9e6a-9acfa167bcc3","local_time":"20210214175130","is_ascension_mode":false,"campfire_choices":[{"data":"Limit Break","floor":6.0,"key":"SMITH"},{"data":"Inflame","floor":15.0,"key":"SMITH"}],"circlet_count":0,"master_deck":["Strike_R","Strike_R","Strike_R","Strike_R","Defend_R","Defend_R","Defend_R","Bash","Limit Break+1","Inflame+1","Pommel Strike","Cleave","Pommel Strike","Heavy Blade","Reaper","Blood for Blood"],"relics":["Burning Blood","REME_ComplimentaryCards","Ice Cream","Omamori","Juzu Bracelet","Lee\u0027s Waffle","MutagenicStrength"],"acts_visited":["Exordium","TheCity"],"potions_floor_usage":[19,21],"damage_taken":[{"damage":1.0,"enemies":"Cultist","floor":1.0,"turns":3.0},{"damage":5.0,"enemies":"Jaw Worm","floor":3.0,"turns":4.0},{"damage":6.0,"enemies":"2 Louse","floor":7.0,"turns":3.0},{"damage":38.0,"enemies":"3 Sentries","floor":8.0,"turns":7.0},{"damage":11.0,"enemies":"Blue Slaver","floor":10.0,"turns":4.0},{"damage":6.0,"enemies":"2 Fungi Beasts","floor":13.0,"turns":4.0},{"damage":16.0,"enemies":"The Guardian","floor":16.0,"turns":6.0},{"damage":40.0,"enemies":"2 Thieves","floor":18.0,"turns":3.0},{"damage":32,"enemies":"3 Byrds","floor":19,"turns":6},{"damage":5,"enemies":"Masked Bandits","floor":21,"turns":2}],"seed_played":"-7051445693829060039","potions_obtained":[{"floor":8.0,"key":"LiquidMemories"},{"floor":16.0,"key":"Weak Potion"},{"floor":18.0,"key":"DuplicationPotion"}],"is_trial":false,"path_per_floor":["M","?","M","?","?","R","M","E","T","M","$","?","M","$","R","B",null,"M","M","?","?"],"character_chosen":"IRONCLAD","items_purchased":["Inflame","Pommel Strike","Ice Cream","Lee\u0027s Waffle"],"campfire_rested":0,"item_purchase_floors":[0,0,0,11],"current_hp_per_floor":[49,75,76,65,65,65,65,33,33,28,87,87,87,87,87,77,87,73,58,58,53,53],"gold":156,"neow_bonus":"","is_daily":false,"chose_seed":false,"campfire_upgraded":2,"win_rate":0.0,"timestamp":1613296290,"path_taken":["M","?","M","?","?","R","M","E","T","M","?","?","M","$","R","BOSS","M","M","?","?"],"items_purchased_type":["Card","Card","Relic","Relic"],"build_version":"2020-12-22","purchased_purges":1,"victory":false,"max_hp_per_floor":[80,80,80,80,80,80,80,80,80,80,87,87,87,87,87,87,87,87,87,87,87,87],"card_choices":[{"not_picked":["Body Slam","Iron Wave","Warcry"],"picked":"SKIP","floor":1.0},{"not_picked":["Sword Boomerang","Burning Pact","Headbutt"],"picked":"SKIP","floor":3.0},{"not_picked":["Perfected Strike","Thunderclap"],"picked":"Cleave","floor":7.0},{"not_picked":["Whirlwind","Rampage"],"picked":"Pommel Strike","floor":8.0},{"not_picked":["Flame Barrier","Dual Wield","Pommel Strike"],"picked":"SKIP","floor":10.0},{"not_picked":["REME_Scribble","Second Wind"],"picked":"Heavy Blade","floor":13.0},{"not_picked":["Berserk","Feed"],"picked":"Reaper","floor":16.0},{"not_picked":["Flame Barrier+1","Sentinel","Entrench"],"picked":"SKIP","floor":18.0},{"not_picked":["Perfected Strike","Searing Blow"],"picked":"Blood for Blood","floor":19}],"player_experience":247505,"relics_obtained":[{"floor":8.0,"key":"Omamori"},{"floor":9.0,"key":"Juzu Bracelet"}],"event_choices":[{"damage_healed":26.0,"max_hp_gain":0.0,"max_hp_loss":0.0,"gold_gain":0.0,"event_name":"Big Fish","player_choice":"Banana","floor":2.0,"gold_loss":0.0,"damage_taken":0.0},{"damage_healed":0.0,"max_hp_gain":0.0,"max_hp_loss":0.0,"gold_gain":75.0,"event_name":"betterThird:BetterGoop","player_choice":"Gold","floor":4.0,"gold_loss":0.0,"damage_taken":11.0},{"damage_healed":0.0,"max_hp_gain":0.0,"max_hp_loss":0.0,"gold_gain":0.0,"event_name":"betterThird:BetterSerpent","player_choice":"Ignored","floor":5.0,"gold_loss":0.0,"damage_taken":211.0},{"cards_removed":["Strike_R"],"damage_healed":0.0,"max_hp_gain":0.0,"max_hp_loss":0.0,"gold_gain":0.0,"event_name":"The Cleric","player_choice":"Card Removal","floor":12.0,"gold_loss":50.0,"damage_taken":0.0},{"damage_healed":0,"gold_gain":0,"player_choice":"Inject Mutagens","damage_taken":0,"relics_obtained":["MutagenicStrength"],"max_hp_gain":0,"max_hp_loss":0,"event_name":"Drug Dealer","floor":20,"gold_loss":0},{"damage_healed":0,"gold_gain":0,"player_choice":"Fought Bandits","damage_taken":0,"max_hp_gain":0,"max_hp_loss":0,"event_name":"Masked Bandits","floor":21,"gold_loss":0}],"is_beta":false,"boss_relics":[{"not_picked":["Runic Dome","REME_DemonsWealth","Snecko Eye"]}],"items_purged_floors":[14],"is_endless":false,"potions_floor_spawned":[8,16,18],"killed_by":"Masked Bandits","ascension_level":0}}