{"host":"mu5qkq7030l6349q","time":1613337837,"event":{"mods":["AchievementEnabler","BaseMod","Colored Powertips","Downfall","Highlight Path","Minty Spire (QoL Compilation)","Permanent Neow","Rare Cards Sparkle","StSLib"],"gold_per_floor":[110,60,60,60,73,104,120,120,120],"floor_reached":8,"language":"ENG","playtime":270,"items_purged":[],"score":56,"play_id":"d3d7cbe4-2bcd-4cc2-b295-345fa6ca5980","local_time":"20210214222357","is_ascension_mode":false,"campfire_choices":[],"circlet_count":0,"master_deck":["Strike_B","Strike_B","Strike_B","Defend_B","Defend_B","Defend_B","Defend_B","Zap","Dualcast","Multi-Cast","Ball Lightning","Conserve Battery","Biased Cognition"],"relics":["Cracked Core","Girya"],"acts_visited":["Exordium"],"potions_floor_usage":[8],"damage_taken":[{"damage":7,"enemies":"2 Louse","floor":1,"turns":2},{"damage":8,"enemies":"Jaw Worm","floor":5,"turns":3},{"damage":46,"enemies":"Gremlin Nob","floor":6,"turns":5},{"damage":7,"enemies":"Small Slimes","floor":7,"turns":3},{"damage":0,"enemies":"3 Sentries","floor":8,"turns":1}],"seed_played":"-8195049623046088824","potions_obtained":[{"floor":5,"key":"EssenceOfDarkness"}],"is_trial":false,"path_per_floor":["M","?","$","?","M","E","M","E"],"character_chosen":"DEFECT","items_purchased":[],"campfire_rested":0,"item_purchase_floors":[],"current_hp_per_floor":[68,68,68,68,60,14,7,7,7],"gold":120,"neow_bonus":"ONE_RANDOM_RARE_CARD","is_daily":false,"chose_seed":false,"campfire_upgraded":0,"win_rate":0.0,"timestamp":1613337837,"path_taken":["M","?","$","?","M","E","M","E"],"items_purchased_type":[],"build_version":"2020-12-22","purchased_purges":0,"victory":false,"max_hp_per_floor":[75,75,75,75,75,75,75,75,75],"card_choices":[{"not_picked":["Redo","Cold Snap"],"picked":"Ball Lightning","floor":1},{"not_picked":["Compile Driver","Cold Snap"],"picked":"Conserve Battery","floor":5},{"not_picked":["Double Energy","Leap"],"picked":"Biased Cognition","floor":6},{"not_picked":["Compile Driver","Coolheaded","Heatsinks"],"picked":"SKIP","floor":7}],"player_experience":10779,"relics_obtained":[{"floor":6,"key":"Girya"}],"event_choices":[{"cards_removed":["Strike_B"],"damage_healed":0,"gold_gain":0,"player_choice":"Card Removal","damage_taken":0,"max_hp_gain":0,"max_hp_loss":0,"event_name":"The Cleric","floor":2,"gold_loss":50},{"damage_healed":0,"gold_gain":0,"player_choice":"Ignored","damage_taken":0,"max_hp_gain":0,"max_hp_loss":0,"event_name":"Liars Game","floor":4,"gold_loss":0}],"is_beta":false,"boss_relics":[],"items_purged_floors":[],"is_endless":false,"potions_floor_spawned":[5],"killed_by":"3 Sentries","ascension_level":0}}