{"host":"y0xh955wy0xwdoys","time":1613286431,"event":{"mods":["AchievementEnabler","BaseMod","Colored Powertips","Minty Spire (QoL Compilation)","Relic Sorter"],"gold_per_floor":[12,12,25,25,44,44,75,150,217,244,431,460,472,497,509,624,636,660,587,612,624,535,535,548,548,626,658,671,688,702,717,717,820,820,836,836,836,853,865,865,865,918,944,979,533,533,552,563,563,563],"floor_reached":51,"language":"ENG","playtime":5729,"items_purged":["Defend_P","Strike_P"],"score":676,"play_id":"fe950cd5-3cd5-4865-8fdd-810e3e342139","local_time":"20210213230711","is_ascension_mode":false,"campfire_choices":[{"data":"Eruption","floor":6,"key":"SMITH"},{"floor":13,"key":"REST"},{"floor":15,"key":"REST"},{"floor":23,"key":"REST"},{"data":"Strike_P","floor":25,"key":"PURGE"},{"floor":32,"key":"REST"},{"floor":40,"key":"REST"},{"data":"Judgement","floor":46,"key":"SMITH"},{"floor":49,"key":"REST"}],"circlet_count":0,"master_deck":["Strike_P","Strike_P","Defend_P","Eruption+1","Vigilance","DeceiveReality","Conclude+1","Weave","ThirdEye","Pray","Prostrate","Doubt","BattleHymn","MentalFortress","ConjureBlade","CurseOfTheBell","Collect","Halt+1","FlyingSleeves","EmptyFist+1","JustLucky","FlurryOfBlows","Adaptation+1","FlyingSleeves","InnerPeace","Judgement+1","WindmillStrike","FollowUp+1","SashWhip","Writhe","Pray+1","Parasite"],"relics":["PureWater","Happy Flower","InkBottle","Du-Vu Doll","HornCleat","Anchor","MawBank","Strawberry","Calling Bell","Bag of Preparation","Pantograph","Ginger","Peace Pipe","Bronze Scales","Busted Crown","Whetstone","Smiling Mask","Toy Ornithopter"],"acts_visited":["Exordium","TheCity","TheBeyond"],"potions_floor_usage":[10,16,16,20,27,27,33,39,50],"damage_taken":[{"damage":0,"enemies":"2 Louse","floor":1,"turns":1},{"damage":10,"enemies":"Small Slimes","floor":3,"turns":2},{"damage":1,"enemies":"Jaw Worm","floor":5,"turns":3},{"damage":13,"enemies":"Lagavulin","floor":7,"turns":6},{"damage":23,"enemies":"3 Sentries","floor":8,"turns":5},{"damage":0,"enemies":"Looter","floor":10,"turns":2},{"damage":0,"enemies":"3 Louse","floor":12,"turns":2},{"damage":0,"enemies":"2 Fungi Beasts","floor":14,"turns":3},{"damage":14,"enemies":"The Guardian","floor":16,"turns":8},{"damage":0,"enemies":"Chosen","floor":18,"turns":3},{"damage":18,"enemies":"Shell Parasite","floor":20,"turns":6},{"damage":4,"enemies":"Centurion and Healer","floor":24,"turns":4},{"damage":7,"enemies":"Book of Stabbing","floor":27,"turns":4},{"damage":31,"enemies":"3 Cultists","floor":28,"turns":4},{"damage":11,"enemies":"Snake Plant","floor":29,"turns":3},{"damage":15,"enemies":"Snecko","floor":30,"turns":5},{"damage":0,"enemies":"Cultist and Chosen","floor":31,"turns":3},{"damage":20,"enemies":"Automaton","floor":33,"turns":9},{"damage":0,"enemies":"Orb Walker","floor":35,"turns":2},{"damage":10,"enemies":"3 Shapes","floor":38,"turns":5},{"damage":31,"enemies":"Maw","floor":39,"turns":7},{"damage":23,"enemies":"Reptomancer","floor":44,"turns":5},{"damage":42,"enemies":"Writhing Mass","floor":47,"turns":5},{"damage":0,"enemies":"4 Shapes","floor":48,"turns":4},{"damage":42,"enemies":"Donu and Deca","floor":50,"turns":6}],"seed_played":"2712565302785363823","potions_obtained":[{"floor":1,"key":"Ancient Potion"},{"floor":7,"key":"Weak Potion"},{"floor":10,"key":"Fruit Juice"},{"floor":12,"key":"SpeedPotion"},{"floor":16,"key":"SpeedPotion"},{"floor":20,"key":"ColorlessPotion"},{"floor":24,"key":"Dexterity Potion"},{"floor":33,"key":"LiquidMemories"},{"floor":39,"key":"ColorlessPotion"},{"floor":44,"key":"Swift Potion"},{"floor":47,"key":"StancePotion"}],"is_trial":false,"path_per_floor":["M","?","M","$","M","R","E","?","T","M","?","M","R","M","R","B",null,"M","?","M","?","$","R","M","R","T","E","M","M","M","M","R","B",null,"M","?","?","M","M","R","?","T","T","E","$","R","M","M","R","B",null],"character_chosen":"WATCHER","items_purchased":["FlyingSleeves","HornCleat","Anchor"],"campfire_rested":6,"item_purchase_floors":[22,45,45],"current_hp_per_floor":[72,72,62,62,61,61,48,25,32,37,37,37,62,62,84,70,84,84,84,66,66,66,84,80,80,80,73,42,31,16,16,41,46,84,84,84,84,74,43,68,84,84,84,61,61,61,19,19,44,32],"gold":563,"neow_bonus":"ONE_RARE_RELIC","is_daily":false,"chose_seed":false,"campfire_upgraded":2,"win_rate":0.0,"timestamp":1613286431,"path_taken":["M","?","M","$","M","R","E","?","T","M","?","?","R","M","R","BOSS","M","?","M","?","$","R","M","R","T","E","M","M","M","M","R","BOSS","M","?","?","M","M","R","?","?","T","E","$","R","M","M","R","BOSS"],"items_purchased_type":["Card","Relic","Relic"],"build_version":"2020-12-22","purchased_purges":2,"victory":true,"max_hp_per_floor":[72,72,72,72,72,72,72,72,79,84,84,84,84,84,84,84,84,84,84,84,84,84,84,84,84,84,84,84,84,84,84,84,84,84,84,84,84,84,84,84,84,84,84,84,84,84,84,84,84,84],"card_choices":[{"not_picked":["Study","Halt"],"picked":"DeceiveReality","floor":1},{"not_picked":["FlyingSleeves","Protect"],"picked":"Conclude","floor":3},{"not_picked":["WheelKick","Protect"],"picked":"Weave","floor":5},{"not_picked":["Brilliance","SpiritShield"],"picked":"ThirdEye","floor":7},{"not_picked":["CrushJoints","SashWhip"],"picked":"Pray","floor":8},{"not_picked":["DeceiveReality","Halt"],"picked":"Prostrate","floor":10},{"not_picked":["BowlingBash","EmptyBody"],"picked":"BattleHymn","floor":12},{"not_picked":["Crescendo","LikeWater"],"picked":"MentalFortress","floor":14},{"not_picked":["Establishment","Omniscience"],"picked":"ConjureBlade","floor":16},{"not_picked":["Evaluate","Wallop"],"picked":"Collect","floor":18},{"not_picked":["Evaluate+1","FlyingSleeves"],"picked":"Halt+1","floor":20},{"not_picked":["Pray","WheelKick"],"picked":"EmptyFist","floor":24},{"not_picked":["Evaluate+1","TalkToTheHand"],"picked":"JustLucky","floor":27},{"not_picked":["Adaptation","ClearTheMind"],"picked":"FlurryOfBlows","floor":28},{"not_picked":["Halt","ThirdEye"],"picked":"Adaptation+1","floor":29},{"not_picked":["EmptyBody","ThirdEye"],"picked":"FlyingSleeves","floor":30},{"not_picked":["WheelKick","Halt"],"picked":"InnerPeace","floor":31},{"not_picked":["Omniscience","Blasphemy"],"picked":"Judgement","floor":33},{"not_picked":[],"picked":"WindmillStrike","floor":35},{"not_picked":[],"picked":"FollowUp+1","floor":38},{"not_picked":[],"picked":"SashWhip","floor":39},{"not_picked":[],"picked":"Pray+1","floor":44},{"not_picked":["Prostrate"],"picked":"SKIP","floor":47},{"not_picked":["ReachHeaven"],"picked":"SKIP","floor":48}],"player_experience":88114,"relics_obtained":[{"floor":7,"key":"MawBank"},{"floor":8,"key":"Happy Flower"},{"floor":9,"key":"Strawberry"},{"floor":17,"key":"Bag of Preparation"},{"floor":17,"key":"Pantograph"},{"floor":17,"key":"Ginger"},{"floor":26,"key":"InkBottle"},{"floor":27,"key":"Bronze Scales"},{"floor":42,"key":"Whetstone"},{"floor":43,"key":"Smiling Mask"},{"floor":44,"key":"Toy Ornithopter"}],"event_choices":[{"cards_removed":["Defend_P"],"damage_healed":0,"gold_gain":0,"player_choice":"Forget","damage_taken":0,"max_hp_gain":0,"max_hp_loss":0,"event_name":"Living Wall","floor":2,"gold_loss":0},{"damage_healed":0,"gold_gain":0,"player_choice":"Searched \u00271\u0027 times","damage_taken":0,"max_hp_gain":0,"max_hp_loss":0,"event_name":"Dead Adventurer","floor":8,"gold_loss":0},{"damage_healed":0,"gold_gain":175,"player_choice":"AGREE","damage_taken":0,"max_hp_gain":0,"max_hp_loss":0,"event_name":"Liars Game","floor":11,"gold_loss":0,"cards_obtained":["Doubt"]},{"damage_healed":0,"gold_gain":0,"player_choice":"Obtained Relic","damage_taken":0,"relics_obtained":["Peace Pipe"],"max_hp_gain":0,"max_hp_loss":0,"event_name":"Addict","floor":19,"gold_loss":85},{"damage_healed":0,"gold_gain":0,"player_choice":"Ignored","damage_taken":0,"max_hp_gain":0,"max_hp_loss":0,"event_name":"Ghosts","floor":21,"gold_loss":0},{"cards_removed":["Defend_P"],"damage_healed":0,"gold_gain":0,"player_choice":"Removed Skill","damage_taken":0,"max_hp_gain":0,"max_hp_loss":0,"event_name":"Falling","floor":36,"gold_loss":0},{"damage_healed":0,"gold_gain":0,"player_choice":"Memory 1","damage_taken":0,"max_hp_gain":0,"max_hp_loss":0,"event_name":"SensoryStone","floor":37,"gold_loss":0},{"damage_healed":21,"gold_gain":0,"player_choice":"Writhe","damage_taken":0,"max_hp_gain":0,"max_hp_loss":0,"event_name":"Winding Halls","floor":41,"gold_loss":0,"cards_obtained":["Writhe"]}],"is_beta":false,"boss_relics":[{"not_picked":["HolyWater","Runic Pyramid"],"picked":"Calling Bell"},{"not_picked":["VioletLotus","Snecko Eye"],"picked":"Busted Crown"}],"items_purged_floors":[22,45],"is_endless":false,"potions_floor_spawned":[1,7,10,12,16,20,24,33,39,44,47],"ascension_level":0}}