{"host":"67z713vnjolu4670","time":1613303698,"event":{"mods":["Act Like it!","Arknights","BaseMod","BetterRewards","Colored Map","Colored Powertips","Downfall","Gensokyo","Minty Spire (QoL Compilation)","Quick Restart","Rare Cards Sparkle","Replay The Spire","StSLib","The Jungle","[IsaacMod]ÒÔÈö¼âËþ"],"gold_per_floor":[112,42,58,71,85,118,78,78,78,103,118,118,147,322,322,423,423,434,434,449,465,476,503,503,528,606,619,619,649,660,671,671,776,776,794,224,0,43,43,43,77,89,112,122,122,122],"floor_reached":45,"language":"ZHS","playtime":5453,"items_purged":["Doubt","Hallucinations"],"score":550,"play_id":"1b314ae3-e2a7-4fae-953a-967483d32f35","local_time":"20210214195458","is_ascension_mode":false,"campfire_choices":[{"floor":8.0,"key":"REST"},{"data":"ats:Thorns","floor":12.0,"key":"SMITH"},{"data":"ats:Magnetic Hammer","floor":15.0,"key":"SMITH"},{"data":"ats:Overload","floor":24,"key":"SMITH"},{"data":"ats:Emotion Absorption","floor":28,"key":"SMITH"},{"data":"ats:Flexible Camouflage","floor":32,"key":"SMITH"},{"data":"ats:Roar Of Ursus","floor":40,"key":"SMITH"}],"circlet_count":0,"master_deck":["ats:Strike C+1","ats:Strike G+1","ats:Strike S","ats:Strike V","ats:Armor Crushing Shot","ats:Defend","ats:Defend+1","ats:Defend","ats:Defend","ats:Emotion Absorption+1","ats:Thorns+1","ats:Magnetic Hammer+1","ats:True Silver Slash","ats:Assault Order","ats:Overload","ats:Blood Oath","ats:Flexible Camouflage+1","ats:Overload+1","ats:Flexible Camouflage","ats:Calcification","ats:Shell Defense+1","ats:Closed Bolt Burst Fire+1","ats:Flexible Camouflage+1","ats:Guard Mode+1","ats:Apocalypse+1","ats:Curse Doll","ats:Roar Of Ursus+1","ats:Wolf Pack","Decay","Parasite","ats:Closed Bolt Burst Fire+1","ats:Support Order"],"relics":["ats:Sanity","HushsDoor","PillsDrop","NeowsBlessing","ats:Originium","Replay:Rubber Ducky","ats:Spiritual Recovery","Centennial Puzzle","Happy Flower","bronze:MakeshiftBattery","Pantograph","ReplayTheSpireMod:Lightbulb","Whetstone","ats:Industrial Water Cannon","YumHeart","Replay:Ancient Bell","Replay:Baseball","Iron Hammer","PillsDrop","Divine Protection","Kunai","Red Mask","Bag of Preparation","Simple Rune"],"acts_visited":["Exordium","TheCity","TheBeyond"],"potions_floor_usage":[16,16,16,20,33,33,44,44],"damage_taken":[{"damage":0.0,"enemies":"Jaw Worm","floor":1.0,"turns":1.0},{"damage":0.0,"enemies":"Cultist","floor":3.0,"turns":1.0},{"damage":0.0,"enemies":"2 Louse","floor":4.0,"turns":1.0},{"damage":10.0,"enemies":"Exordium Wildlife","floor":5.0,"turns":5.0},{"damage":6.0,"enemies":"3 Sentries","floor":6.0,"turns":6.0},{"damage":25.0,"enemies":"Lagavulin","floor":10.0,"turns":8.0},{"damage":0.0,"enemies":"Red Slaver","floor":11.0,"turns":3.0},{"damage":0.0,"enemies":"Gremlin Nob","floor":13.0,"turns":2.0},{"damage":29,"enemies":"The Guardian","floor":16,"turns":6},{"damage":15,"enemies":"3 Byrds","floor":18,"turns":3},{"damage":7,"enemies":"Shell Parasite","floor":20,"turns":4},{"damage":10,"enemies":"Chosen and Byrds","floor":21,"turns":6},{"damage":14,"enemies":"Centurion and Healer","floor":22,"turns":3},{"damage":10,"enemies":"Book of Stabbing","floor":23,"turns":4},{"damage":10,"enemies":"Slavers","floor":25,"turns":3},{"damage":11,"enemies":"Snake Plant","floor":27,"turns":2},{"damage":9,"enemies":"Book of Stabbing","floor":29,"turns":3},{"damage":0,"enemies":"3 Cultists","floor":30,"turns":4},{"damage":0,"enemies":"Centurion and Healer","floor":31,"turns":4},{"damage":70,"enemies":"Champ","floor":33,"turns":10},{"damage":21,"enemies":"3 Darklings","floor":35,"turns":2},{"damage":31,"enemies":"Giant Head","floor":41,"turns":9},{"damage":0,"enemies":"Orb Walker","floor":42,"turns":2},{"damage":16,"enemies":"Maw","floor":44,"turns":8},{"damage":85,"enemies":"Nemesis","floor":45,"turns":7}],"seed_played":"8001668236908846999","potions_obtained":[{"floor":3.0,"key":"Adrenaline Potion"},{"floor":5.0,"key":"Fire Potion"},{"floor":7.0,"key":"Fire Potion"},{"floor":7.0,"key":"AttackPotion"},{"floor":7.0,"key":"Slimebound:ThreeZeroPotion"},{"floor":11.0,"key":"Elixir"},{"floor":18,"key":"Slimebound:ThreeZeroPotion"},{"floor":20,"key":"Venom Potion"},{"floor":25,"key":"Fire Potion"},{"floor":29,"key":"ats:Emergency Sanity Potion"},{"floor":30,"key":"Strength Potion"},{"floor":38,"key":"Weak Potion"},{"floor":38,"key":"Elixir"},{"floor":38,"key":"PowerPotion"},{"floor":42,"key":"Adrenaline Potion"}],"is_trial":false,"path_per_floor":["M","$","M","M","M","E","?","R","T","E","M","R","E","?","R","B",null,"M","T","M","M","M","E","R","E","T","M","R","E","M","M","R","B",null,"M","$","?","?","?","R","E","M","T","M","E"],"character_chosen":"DOCTOR_CLASS","items_purchased":["ats:Magnetic Hammer","ats:Wolf Pack","Divine Protection","Kunai"],"campfire_rested":1,"item_purchase_floors":[2,34,36,36],"current_hp_per_floor":[72,72,72,67,57,51,51,67,67,45,48,48,51,51,51,25,67,55,55,52,51,40,34,34,27,27,16,16,17,46,56,56,14,64,67,67,67,41,41,41,37,37,37,41,0,0],"gold":122,"neow_bonus":"THREE_ENEMY_KILL","is_daily":false,"chose_seed":false,"campfire_upgraded":6,"win_rate":0.0,"timestamp":1613303698,"path_taken":["M","$","M","M","M","E","?","R","T","E","M","R","E","?","R","BOSS","M","?","M","?","M","E","R","E","T","M","R","E","M","M","R","BOSS","M","$","?","?","?","R","E","M","T","?","E"],"items_purchased_type":["Card","Card","Relic","Relic"],"build_version":"2020-12-22","purchased_purges":2,"victory":false,"max_hp_per_floor":[72,72,72,67,67,67,67,67,67,67,67,67,67,67,67,67,67,70,70,70,70,70,73,73,73,73,73,73,73,73,73,73,73,64,67,67,67,67,64,64,67,67,67,62,62,62],"card_choices":[{"not_picked":["ats:Assault Order","ats:Guard Mode"],"picked":"ats:Thorns","floor":1.0},{"not_picked":["ats:Sword Rain","ats:Hammer On"],"picked":"ats:True Silver Slash","floor":3.0},{"not_picked":["ats:Sword Rain","ats:Powerful Strike"],"picked":"ats:Assault Order","floor":4.0},{"not_picked":["ats:Absolute Focus","ats:Powerful Strike"],"picked":"ats:Overload","floor":5.0},{"not_picked":["ats:Poison Spread","ats:Rapid Magazine"],"picked":"ats:Blood Oath","floor":6.0},{"not_picked":["ats:Beaten Up","ats:LN2 Cannon"],"picked":"ats:Flexible Camouflage","floor":10.0},{"not_picked":["ats:Explosion Area Strengthen","ats:Revitalization"],"picked":"ats:Overload","floor":11.0},{"not_picked":["ats:Poison Spread","ats:Hammer On"],"picked":"ats:Flexible Camouflage","floor":13.0},{"not_picked":["ats:Ambush","ats:Soul Rend"],"picked":"ats:Calcification","floor":16},{"not_picked":["ats:Counter Healing Mode+1","ats:Healing Strengthening"],"picked":"ats:Shell Defense+1","floor":18},{"not_picked":["ats:Hammer On+1","ats:Song Of Battle"],"picked":"ats:Closed Bolt Burst Fire","floor":20},{"not_picked":["ats:Very Hot Blade","ats:Revitalization"],"picked":"ats:Flexible Camouflage+1","floor":21},{"not_picked":["ats:Literary Storm+1","ats:Support Order"],"picked":"ats:Guard Mode+1","floor":22},{"not_picked":["ats:Hook Shot","ats:Ignite","ats:Sword Rain"],"picked":"SKIP","floor":23},{"not_picked":["ats:Rapid Magazine","ats:Mental Burst","ats:Healing Drone"],"picked":"SKIP","floor":25},{"not_picked":["ats:Sword Rain","ats:Directed Diagnosis"],"picked":"ats:Apocalypse+1","floor":27},{"not_picked":["ats:LN2 Cannon","ats:Hammer On"],"picked":"ats:Curse Doll","floor":29},{"not_picked":["ats:Powerful Strike+1","ats:Curse Doll","ats:Assault Order"],"picked":"SKIP","floor":30},{"not_picked":["ats:Sunburst+1","ats:Phantom+1","ats:Healing Strengthening+1"],"picked":"SKIP","floor":31},{"not_picked":["ats:Nebulous Foxfire","ats:True Silver Slash"],"picked":"ats:Roar Of Ursus","floor":33},{"not_picked":["Replay:Hysterical Blindness","Normality"],"picked":"Decay","floor":34},{"not_picked":["downfall:Haunted","downfall:Bewildered"],"picked":"Hallucinations","floor":34},{"not_picked":["downfall:Bewildered","Looming Evil"],"picked":"Parasite","floor":34},{"not_picked":["ats:Revitalization+1","ats:Blood Oath+1","ats:Steam Pump"],"picked":"SKIP","floor":35},{"not_picked":["ats:Soul Absorption","ats:Flexible Camouflage"],"picked":"ats:Closed Bolt Burst Fire+1","floor":38},{"not_picked":["ats:Very Hot Blade+1","ats:Directed Diagnosis","ats:Powerful Strike"],"picked":"SKIP","floor":41},{"not_picked":["ats:Consecutive Shot Auto","ats:True Silver Slash","ats:Hammer On"],"picked":"SKIP","floor":42},{"not_picked":["ats:Closed Bolt Burst Fire","ats:Very Hot Blade"],"picked":"ats:Support Order","floor":44}],"player_experience":11913,"relics_obtained":[{"floor":6.0,"key":"ats:Originium"},{"floor":6.0,"key":"Replay:Rubber Ducky"},{"floor":9.0,"key":"ats:Spiritual Recovery"},{"floor":10.0,"key":"ats:Originium"},{"floor":10.0,"key":"Centennial Puzzle"},{"floor":13.0,"key":"ats:Originium"},{"floor":13.0,"key":"Happy Flower"},{"floor":19,"key":"Pantograph"},{"floor":23,"key":"ats:Originium"},{"floor":23,"key":"ReplayTheSpireMod:Lightbulb"},{"floor":25,"key":"Whetstone"},{"floor":26,"key":"ats:Industrial Water Cannon"},{"floor":29,"key":"YumHeart"},{"floor":41,"key":"Bag of Preparation"},{"floor":43,"key":"Simple Rune"}],"event_choices":[{"damage_healed":0.0,"max_hp_gain":0.0,"max_hp_loss":0.0,"gold_gain":0.0,"event_name":"The Woman in Blue","player_choice":"Bought 3 Potions","floor":7.0,"gold_loss":0.0,"damage_taken":0.0},{"damage_healed":0.0,"max_hp_gain":0.0,"max_hp_loss":0.0,"gold_gain":175.0,"event_name":"Liars Game","player_choice":"AGREE","floor":14.0,"gold_loss":0.0,"damage_taken":0.0,"cards_obtained":["Doubt"]},{"damage_healed":0,"gold_gain":0,"player_choice":"Paid","damage_taken":0,"relics_obtained":["Red Mask"],"max_hp_gain":0,"max_hp_loss":0,"event_name":"Tomb of Lord Red Mask","floor":37,"gold_loss":224},{"damage_healed":0,"gold_gain":0,"player_choice":"Max HP","damage_taken":0,"max_hp_gain":0,"max_hp_loss":3,"event_name":"Winding Halls","floor":39,"gold_loss":0}],"is_beta":false,"boss_relics":[{"not_picked":["Runic Dome","Sozu"],"picked":"bronze:MakeshiftBattery"},{"not_picked":[]},{"not_picked":["ChampionBelt","Busted Crown"],"picked":"Replay:Ancient Bell"},{"not_picked":["ats:Berate","Bag of Marbles"],"picked":"Replay:Baseball"},{"not_picked":["ReplayTheSpireMod:Ninjato","GnawedLeaf"],"picked":"Iron Hammer"},{"not_picked":["Replay:Multitool","Mango"],"picked":"Diplopia"},{"not_picked":[]}],"items_purged_floors":[34,36],"is_endless":false,"potions_floor_spawned":[3,5,11,13,18,20,25,29,30,41,42],"killed_by":"Nemesis","ascension_level":0}}