{"host":"r0ye8pdzuq6zwfvs","time":1613293009,"event":{"mods":["AchievementEnabler","BaseMod","BetterRewards","CapriCore","Card Forge","Colored Map","Colored Powertips","Custom Start","DeckTracker","Luminous","Minty Spire (QoL Compilation)","Permanent Neow","Prisma Mod","Quick Restart","Relic Stats","Shop Mod","StSLib","SuperFastMode","Swap Starting Deck Mod","The Alterego","The Immortal","Uncapped"],"gold_per_floor":[118,129,149,166,140,140,173,197,220,236,251,251,270,270,270,366,366,384,399,415,425,443,473,487,497,497,523,537,563,563,576,576,671,671,686,686,701,712,712,741,761,795,846,876,902,930,960,972,984,996,1008,1020,877,910,910],"floor_reached":56,"language":"ENG","playtime":1860,"items_purged":[],"score":1983,"play_id":"a7ace934-6311-4203-916e-4e2721585d91","local_time":"20210214015649","is_ascension_mode":false,"campfire_choices":[{"floor":6,"key":"RECALL"},{"floor":15,"key":"REST"},{"floor":30,"key":"REST"},{"floor":32,"key":"REST"},{"floor":49,"key":"REST"},{"floor":52,"key":"REST"}],"circlet_count":0,"master_deck":["PrismaMod:IllyaUberDefendChannel+1","PrismaMod:IllyaUberAttackChannel+1","PrismaMod:IllyaUberDefendChannel+1","PrismaMod:IllyaUberAttackChannel+1","PrismaMod:IllyaGrail+1","PrismaMod:IllyaTestament+1","PrismaMod:IllyaTestament+1","PrismaMod:IllyaBride+1","Capacitor+1","PrismaMod:MiyuEvokeAll+1","Capacitor+1","PrismaMod:MiyuEvokeAll+1","PrismaMod:IllyaInstallForeigner"],"relics":["PrismaMod:PrismaRuby","Hammer of Thor","Seething Fire","Anvil of the Gods","Shuriken","OrangePellets","White Beast Statue","Omamori","Frozen Egg 2","Anchor","Potion Belt","Odd Mushroom","Lantern","SlaversCollar","Matryoshka","Kunai","Toy Ornithopter","Darkstone Periapt","Sozu","Boot","Bronze Scales","Bag of Preparation","MawBank","Lee\u0027s Waffle","Thread and Needle"],"acts_visited":["Exordium","TheCity","TheBeyond","TheEnding"],"potions_floor_usage":[],"damage_taken":[{"damage":0,"enemies":"2 Louse","floor":1,"turns":1},{"damage":0,"enemies":"Small Slimes","floor":2,"turns":2},{"damage":0,"enemies":"Jaw Worm","floor":3,"turns":1},{"damage":0,"enemies":"3 Louse","floor":4,"turns":2},{"damage":0,"enemies":"Gremlin Nob","floor":7,"turns":2},{"damage":0,"enemies":"The Mushroom Lair","floor":8,"turns":1},{"damage":0,"enemies":"Gremlin Gang","floor":10,"turns":1},{"damage":0,"enemies":"Blue Slaver","floor":11,"turns":1},{"damage":0,"enemies":"Lots of Slimes","floor":13,"turns":1},{"damage":0,"enemies":"Slime Boss","floor":16,"turns":1},{"damage":0,"enemies":"Spheric Guardian","floor":18,"turns":1},{"damage":0,"enemies":"Shell Parasite","floor":19,"turns":2},{"damage":0,"enemies":"Snake Plant","floor":20,"turns":1},{"damage":0,"enemies":"Centurion and Healer","floor":21,"turns":1},{"damage":0,"enemies":"3 Cultists","floor":22,"turns":1},{"damage":0,"enemies":"Book of Stabbing","floor":23,"turns":1},{"damage":0,"enemies":"Snecko","floor":24,"turns":1},{"damage":0,"enemies":"Centurion and Healer","floor":25,"turns":1},{"damage":0,"enemies":"Gremlin Leader","floor":27,"turns":1},{"damage":0,"enemies":"Shelled Parasite and Fungi","floor":28,"turns":1},{"damage":0,"enemies":"Book of Stabbing","floor":29,"turns":1},{"damage":0,"enemies":"3 Cultists","floor":31,"turns":1},{"damage":0,"enemies":"Champ","floor":33,"turns":1},{"damage":0,"enemies":"3 Darklings","floor":35,"turns":2},{"damage":0,"enemies":"3 Shapes","floor":37,"turns":1},{"damage":0,"enemies":"Sphere and 2 Shapes","floor":38,"turns":1},{"damage":0,"enemies":"Nemesis","floor":40,"turns":1},{"damage":0,"enemies":"Jaw Worm Horde","floor":41,"turns":1},{"damage":0,"enemies":"Giant Head","floor":42,"turns":1},{"damage":0,"enemies":"4 Shapes","floor":44,"turns":1},{"damage":0,"enemies":"Sphere and 2 Shapes","floor":45,"turns":1},{"damage":0,"enemies":"Writhing Mass","floor":46,"turns":1},{"damage":0,"enemies":"Jaw Worm Horde","floor":47,"turns":1},{"damage":0,"enemies":"Awakened One","floor":50,"turns":2},{"damage":0,"enemies":"Shield and Spear","floor":54,"turns":1},{"damage":1,"enemies":"The Heart","floor":55,"turns":2}],"seed_played":"-8035895503730235984","potions_obtained":[{"floor":1,"key":"Strength Potion"},{"floor":2,"key":"ColorlessPotion"},{"floor":3,"key":"DuplicationPotion"},{"floor":7,"key":"LiquidMemories"},{"floor":8,"key":"Regen Potion"},{"floor":18,"key":"EntropicBrew"}],"is_trial":false,"path_per_floor":["M","M","M","M","?","R","E","?","T","M","M","?","M","?","R","B",null,"M","M","M","M","M","E","M","M","T","E","M","E","R","M","R","B",null,"M","?","M","M","?","E","M","E","T","M","M","M","M","?","R","B",null,"R","$","E","B",null],"character_chosen":"ILLYA","items_purchased":["Shuriken","OrangePellets","White Beast Statue","Omamori","Frozen Egg 2","Lee\u0027s Waffle"],"campfire_rested":5,"item_purchase_floors":[0,0,0,0,0,53],"current_hp_per_floor":[75,75,75,75,75,75,75,75,75,75,75,75,75,75,75,75,75,75,75,75,75,75,75,75,75,75,75,75,75,75,75,75,75,75,75,75,75,75,85,85,85,85,85,85,85,85,85,85,85,85,85,85,92,92,91],"gold":910,"neow_bonus":"","is_daily":false,"chose_seed":false,"campfire_upgraded":0,"win_rate":0.0,"timestamp":1613293009,"path_taken":["M","M","M","M","?","R","E","?","T","M","M","?","M","?","R","BOSS","M","M","M","M","M","E","M","M","T","E","?","E","R","M","R","BOSS","M","?","M","M","?","E","M","E","T","M","M","M","?","?","R","BOSS","R","$","E","BOSS"],"items_purchased_type":["Relic","Relic","Relic","Relic","Relic","Relic"],"build_version":"2020-12-22","purchased_purges":0,"victory":true,"max_hp_per_floor":[75,75,75,75,75,75,75,75,75,75,75,75,75,75,75,75,75,75,75,75,75,75,75,75,75,75,75,75,75,75,75,75,75,75,75,75,75,75,85,85,85,85,85,85,85,85,85,85,85,85,85,85,92,92,92],"relic_stats":{"Darkstone Periapt":0,"Lee\u0027s Waffle":7,"counters":[70,93],"Bag of Preparation":[46],"Boot":[0],"MawBank":120,"Sozu":0,"OrangePellets":[1],"Shuriken":[2],"Bronze Scales":[0],"Kunai":[0],"obtain_stats":[{"Darkstone Periapt":29,"Lantern":9,"Hammer of Thor":0,"Bag of Preparation":30,"Ginger":28,"Bottled Tornado":54,"Boot":40,"Blood Vial":43,"Sozu":34,"PrismaMod:PrismaRuby":0,"Nunchaku":6,"Matryoshka":39,"MealTicket":39,"Kunai":26,"Potion Belt":7,"Lee\u0027s Waffle":53,"Thread and Needle":24,"The Courier":21,"Omamori":0,"Seething Fire":0,"Letter Opener":44,"Orichalcum":26,"Frozen Egg 2":0,"Odd Mushroom":8,"MawBank":43,"White Beast Statue":0,"Peace Pipe":46,"SlaversCollar":34,"OrangePellets":0,"Anchor":0,"Anvil of the Gods":0,"Shuriken":0,"Bronze Scales":42,"Coffee Dripper":17,"Art of War":53,"Bottled Lightning":30,"Toy Ornithopter":43,"Meat on the Bone":47},{"Darkstone Periapt":55,"Lantern":40,"Hammer of Thor":0,"Bag of Preparation":18,"Ginger":18,"Bottled Tornado":33,"Boot":25,"Blood Vial":27,"Sozu":57,"PrismaMod:PrismaRuby":0,"Nunchaku":5,"Matryoshka":24,"MealTicket":24,"Kunai":52,"Potion Belt":39,"Lee\u0027s Waffle":68,"Thread and Needle":16,"The Courier":14,"Omamori":34,"Seething Fire":0,"Letter Opener":28,"Orichalcum":16,"Frozen Egg 2":34,"Odd Mushroom":40,"MawBank":63,"White Beast Statue":34,"Peace Pipe":30,"SlaversCollar":20,"OrangePellets":34,"Anchor":34,"Anvil of the Gods":0,"Shuriken":34,"Bronze Scales":63,"Coffee Dripper":11,"Art of War":32,"Bottled Lightning":18,"Toy Ornithopter":27,"Meat on the Bone":31},{"Darkstone Periapt":75,"Lantern":59,"Hammer of Thor":0,"Bag of Preparation":29,"Ginger":29,"Bottled Tornado":46,"Boot":36,"Blood Vial":38,"Sozu":77,"PrismaMod:PrismaRuby":0,"Nunchaku":10,"Matryoshka":35,"MealTicket":35,"Kunai":72,"Potion Belt":58,"Lee\u0027s Waffle":90,"Thread and Needle":26,"The Courier":24,"Omamori":50,"Seething Fire":0,"Letter Opener":39,"Orichalcum":26,"Frozen Egg 2":50,"Odd Mushroom":59,"MawBank":84,"White Beast Statue":50,"Peace Pipe":41,"SlaversCollar":31,"OrangePellets":50,"Anchor":50,"Anvil of the Gods":0,"Shuriken":50,"Bronze Scales":84,"Coffee Dripper":19,"Art of War":45,"Bottled Lightning":29,"Toy Ornithopter":38,"Meat on the Bone":42}],"Toy Ornithopter":0},"card_choices":[{"not_picked":["PrismaMod:IllyaStunPoison","PrismaMod:IllyaCheapDefend","PrismaMod:IllyaSaphire"],"picked":"SKIP","floor":1},{"not_picked":["PrismaMod:IllyaUberPoisonBlock","PrismaMod:IllyaGrail","PrismaMod:IllyaGrailKun"],"picked":"SKIP","floor":2},{"not_picked":["PrismaMod:IllyaAlice","PrismaMod:IllyaStunPoison","PrismaMod:IllyaUberPoisonBlock"],"picked":"SKIP","floor":3},{"not_picked":["PrismaMod:IllyaCommandSeal","PrismaMod:IllyaMaid","PrismaMod:IllyaGrailKun"],"picked":"SKIP","floor":4},{"not_picked":["PrismaMod:IllyaTestament","PrismaMod:IllyaMinorReinForce","PrismaMod:IllyaInstallAssassin"],"picked":"SKIP","floor":7},{"not_picked":["PrismaMod:IllyaGrailKun","PrismaMod:IllyaGrail","PrismaMod:IllyaCommandSeal"],"picked":"SKIP","floor":10},{"not_picked":["PrismaMod:IllyaCheapChannelPoison","PrismaMod:IllyaInstallRider","PrismaMod:IllyaGrailKun"],"picked":"SKIP","floor":11},{"not_picked":["PrismaMod:IllyaTestament","PrismaMod:IllyaBerserCAR","PrismaMod:IllyaRubysPotion"],"picked":"SKIP","floor":13},{"not_picked":["PrismaMod:IllyaRapidFire+1","PrismaMod:IllyaSaphire+1","PrismaMod:IllyaCheapAttack+1"],"picked":"SKIP","floor":18},{"not_picked":["PrismaMod:IllyaUberPoisonBlock","PrismaMod:IllyaAlice","PrismaMod:IllyaDetonatingBlow+1"],"picked":"SKIP","floor":19},{"not_picked":["PrismaMod:IllyaFeed+1","PrismaMod:IllyaCheapChannelAttack+1","PrismaMod:IllyaPoisonBlock"],"picked":"SKIP","floor":20},{"not_picked":["PrismaMod:IllyaRubysPotion","PrismaMod:IllyaCommonEvoke","PrismaMod:IllyaCheapDefend"],"picked":"SKIP","floor":21},{"not_picked":["PrismaMod:IllyaCommonEvoke","PrismaMod:IllyaMinorZwei","PrismaMod:IllyaInstallAssassin"],"picked":"SKIP","floor":22},{"not_picked":["PrismaMod:IllyaCheapChannelAttack+1","PrismaMod:IllyaAssassinRevenge","PrismaMod:IllyaDevil+1"],"picked":"SKIP","floor":23},{"not_picked":["PrismaMod:IllyaCommandSeal","PrismaMod:IllyaAOECommonAttack","PrismaMod:IllyaCheapDefend"],"picked":"SKIP","floor":24},{"not_picked":["PrismaMod:IllyaCheapChannelDefend","PrismaMod:IllyaBoysLove","PrismaMod:IllyaAOECommonAttack"],"picked":"SKIP","floor":25},{"not_picked":["PrismaMod:IllyaBlindPoisonToss+1","PrismaMod:IllyaCheapChannelPoison","PrismaMod:IllyaMinorRapidFire"],"picked":"SKIP","floor":27},{"not_picked":["PrismaMod:IllyaMaid+1","PrismaMod:IllyaRussianRoulette","PrismaMod:IllyaEvokeAll+1"],"picked":"SKIP","floor":28},{"not_picked":["PrismaMod:IllyaEvokeAll+1","PrismaMod:IllyaCarnivalDefend","PrismaMod:IllyaMaid+1"],"picked":"SKIP","floor":29},{"not_picked":["PrismaMod:IllyaCommandSeal","PrismaMod:IllyaGrailKun","PrismaMod:IllyaCheapAttack"],"picked":"SKIP","floor":31},{"not_picked":["PrismaMod:IllyaCommandSeal","PrismaMod:IllyaPoisonBomb","PrismaMod:IllyaBride"],"picked":"SKIP","floor":35},{"not_picked":["PrismaMod:IllyaFriendMaker","PrismaMod:IllyaMaid","PrismaMod:IllyaBerserCAR+1"],"picked":"SKIP","floor":37},{"not_picked":["PrismaMod:IllyaSaphire+1","PrismaMod:IllyaRubysPotion","PrismaMod:IllyaCheapChannelPoison+1"],"picked":"SKIP","floor":38},{"not_picked":["PrismaMod:IllyaBride+1","PrismaMod:IllyaRubysPotion","PrismaMod:IllyaAOECommonAttack"],"picked":"SKIP","floor":40},{"not_picked":["PrismaMod:IllyaMinorZwei+1","PrismaMod:IllyaGrail","PrismaMod:IllyaCheapChannelDefend"],"picked":"SKIP","floor":41},{"not_picked":["PrismaMod:IllyaBerserCAR","PrismaMod:IllyaCheapAttack+1","PrismaMod:IllyaRussianRoulette"],"picked":"SKIP","floor":42},{"not_picked":["PrismaMod:IllyaMaid","PrismaMod:IllyaFeed","PrismaMod:IllyaCheapDefend+1"],"picked":"SKIP","floor":44},{"not_picked":["PrismaMod:IllyaUncommonAOEAttack","PrismaMod:IllyaBoysLove","PrismaMod:IllyaGrailKun"],"picked":"SKIP","floor":45},{"not_picked":["PrismaMod:IllyaRubysPotion+1","PrismaMod:IllyaBoysLove+1","PrismaMod:IllyaDevil"],"picked":"SKIP","floor":46},{"not_picked":["PrismaMod:IllyaTestament+1","PrismaMod:IllyaHassanGift+1","PrismaMod:IllyaUberAttackChannel"],"picked":"SKIP","floor":47},{"not_picked":["PrismaMod:IllyaUncommonDefend+1","PrismaMod:IllyaGrail+1","PrismaMod:IllyaMinorZwei"],"picked":"SKIP","floor":54}],"player_experience":220575,"relics_obtained":[{"floor":7,"key":"Potion Belt"},{"floor":8,"key":"Odd Mushroom"},{"floor":9,"key":"Lantern"},{"floor":23,"key":"Matryoshka"},{"floor":26,"key":"Kunai"},{"floor":27,"key":"Toy Ornithopter"},{"floor":29,"key":"Darkstone Periapt"},{"floor":40,"key":"Boot"},{"floor":42,"key":"Bronze Scales"},{"floor":43,"key":"Bag of Preparation"},{"floor":43,"key":"MawBank"},{"floor":54,"key":"Thread and Needle"}],"event_choices":[{"damage_healed":0,"gold_gain":0,"player_choice":"Left Gold","damage_taken":0,"max_hp_gain":0,"max_hp_loss":0,"event_name":"World of Goop","floor":5,"gold_loss":26},{"damage_healed":0,"gold_gain":0,"player_choice":"Fought Mushrooms","damage_taken":0,"max_hp_gain":0,"max_hp_loss":0,"event_name":"Mushrooms","floor":8,"gold_loss":0},{"cards_removed":["PrismaMod:IllyaGrail"],"damage_healed":0,"gold_gain":0,"player_choice":"Forget","damage_taken":0,"max_hp_gain":0,"max_hp_loss":0,"event_name":"Living Wall","floor":12,"gold_loss":0},{"damage_healed":0,"gold_gain":0,"player_choice":"Bought 0 Potions","damage_taken":0,"max_hp_gain":0,"max_hp_loss":0,"event_name":"The Woman in Blue","floor":14,"gold_loss":0},{"damage_healed":0,"gold_gain":0,"player_choice":"Ignored","damage_taken":0,"max_hp_gain":0,"max_hp_loss":0,"event_name":"Tomb of Lord Red Mask","floor":36,"gold_loss":0},{"cards_removed":["PrismaMod:IllyaInstallCaster"],"damage_healed":0,"gold_gain":0,"player_choice":"Offered Rare","damage_taken":0,"max_hp_gain":10,"max_hp_loss":0,"event_name":"Bonfire Elementals","floor":39,"gold_loss":0},{"cards_removed":["PrismaMod:IllyaGrail"],"damage_healed":0,"gold_gain":0,"player_choice":"Removed Skill","damage_taken":0,"max_hp_gain":0,"max_hp_loss":0,"event_name":"Falling","floor":48,"gold_loss":0}],"is_beta":false,"boss_relics":[{"not_picked":["SacredBark","Pandora\u0027s Box"],"picked":"SlaversCollar"},{"not_picked":["Snecko Eye","Black Star"],"picked":"Sozu"}],"items_purged_floors":[],"is_endless":false,"potions_floor_spawned":[1,2,3,4,7,8,10,11,13,16,18,19,20,21,22,23,24,25,27,28,29,31,33,35,37,38,40,41,42,44,45,46,47,54],"ascension_level":0}}