{"host":"7jxhn92mkgyil7o5","time":1613313926,"event":{"mods":["BaseMod","Colored Map","Colored Powertips","Friendly Minions","Hermit","Kiyohime????","Marisa????????","Minty Spire (QoL Compilation)","Permanent Neow","StSLib","The Cursed","The Disciple","The Hierophant","The Poker Player","The Runesmith"],"gold_per_floor":[16,27,47,197,210,210,17,49,49,49,21,21,21,39,39,118,118,90,90,90],"floor_reached":19,"language":"ENG","playtime":745,"items_purged":[],"score":334,"play_id":"0f7b4658-f52a-468b-8da3-3b2d50f590f3","local_time":"20210214154526","is_ascension_mode":true,"campfire_choices":[{"data":"Blood for Blood","floor":6,"key":"SMITH"},{"data":"Evolve","floor":13,"key":"SMITH"},{"data":"Bash","floor":15,"key":"SMITH"}],"circlet_count":0,"master_deck":["AscendersBane","Strike_R","Strike_R","Strike_R","Strike_R","Strike_R","Defend_R","Defend_R","Defend_R","Defend_R","Bash+1","Blood for Blood+1","Infernal Blade","Intimidate+1","Evolve+1","True Grit","Corruption+1","Wild Strike","Spot Weakness","Reaper","CurseOfTheBell","Carnage"],"relics":["Burning Blood","Ice Cream","Ancient Tea Set","White Beast Statue","Gambling Chip","Calling Bell","Dream Catcher","Blue Candle","Calipers"],"acts_visited":["Exordium","TheCity"],"potions_floor_usage":[8,16],"damage_taken":[{"damage":7,"enemies":"Cultist","floor":1,"turns":4},{"damage":6,"enemies":"Jaw Worm","floor":2,"turns":4},{"damage":3,"enemies":"2 Louse","floor":3,"turns":3},{"damage":22,"enemies":"Exordium Wildlife","floor":5,"turns":4},{"damage":8,"enemies":"Gremlin Nob","floor":8,"turns":3},{"damage":9,"enemies":"Lots of Slimes","floor":14,"turns":5},{"damage":24,"enemies":"The Guardian","floor":16,"turns":10},{"damage":17,"enemies":"2 Thieves","floor":18,"turns":4},{"damage":54,"enemies":"Spheric Guardian","floor":19,"turns":6}],"seed_played":"-5326107558394905362","potions_obtained":[{"floor":2,"key":"PowerPotion"},{"floor":8,"key":"ElixirPotion"},{"floor":14,"key":"BlessingOfTheForge"},{"floor":16,"key":"SpeedPotion"},{"floor":18,"key":"Explosive Potion"}],"is_trial":false,"path_per_floor":["M","M","M","?","M","R","$","E","T","?","$","?","R","M","R","B",null,"M","M"],"character_chosen":"IRONCLAD","items_purchased":["Ancient Tea Set","True Grit","Wild Strike"],"campfire_rested":0,"item_purchase_floors":[7,7,11],"current_hp_per_floor":[67,67,70,70,54,54,54,52,52,52,52,29,29,26,26,8,58,55,1,1],"gold":90,"neow_bonus":"ONE_RARE_RELIC","is_daily":false,"chose_seed":false,"campfire_upgraded":3,"win_rate":0.0,"timestamp":1613313926,"path_taken":["M","M","M","?","M","R","$","E","T","?","?","?","R","M","R","BOSS","M","M"],"items_purchased_type":["Relic","Card","Card"],"build_version":"2020-12-22","purchased_purges":0,"victory":false,"max_hp_per_floor":[75,75,75,75,75,75,75,75,75,75,75,75,75,75,75,75,75,75,75,75],"card_choices":[{"not_picked":["Shrug It Off","Heavy Blade"],"picked":"Blood for Blood","floor":1},{"not_picked":["Flex","Twin Strike"],"picked":"Infernal Blade","floor":2},{"not_picked":["Seeing Red","Warcry"],"picked":"Intimidate","floor":3},{"not_picked":["Flex","Spot Weakness"],"picked":"Evolve","floor":5},{"not_picked":["Entrench","Anger"],"picked":"Corruption","floor":8},{"not_picked":["Anger","Rupture"],"picked":"Spot Weakness","floor":14},{"not_picked":["Berserk","Double Tap"],"picked":"Reaper","floor":16},{"not_picked":["Heavy Blade","Evolve"],"picked":"Carnage","floor":18}],"player_experience":2024999,"relics_obtained":[{"floor":8,"key":"White Beast Statue"},{"floor":9,"key":"Gambling Chip"},{"floor":17,"key":"Dream Catcher"},{"floor":17,"key":"Blue Candle"},{"floor":17,"key":"Calipers"}],"event_choices":[{"damage_healed":0,"gold_gain":150,"player_choice":"AGREE","damage_taken":0,"max_hp_gain":0,"max_hp_loss":0,"event_name":"Liars Game","floor":4,"gold_loss":0,"cards_obtained":["Doubt"]},{"cards_removed":["Doubt"],"damage_healed":0,"gold_gain":0,"player_choice":"Forget","damage_taken":0,"max_hp_gain":0,"max_hp_loss":0,"event_name":"Living Wall","floor":10,"gold_loss":0},{"damage_healed":0,"gold_gain":0,"player_choice":"Entered Light","damage_taken":23,"max_hp_gain":0,"max_hp_loss":0,"event_name":"Shining Light","floor":12,"gold_loss":0,"cards_upgraded":["Intimidate","Corruption"]}],"is_beta":false,"boss_relics":[{"not_picked":["Black Star","Fusion Hammer"],"picked":"Calling Bell"}],"items_purged_floors":[],"is_endless":false,"potions_floor_spawned":[2,8,14,16,18],"killed_by":"Spheric Guardian","ascension_level":20}}