{"host":"eeb412nj2w7f9cz8","time":1613279848,"event":{"mods":["ATMod(°¢èªMod)","Act Like it!","BaseMod","Minty Spire (QoL Compilation)","StSLib"],"gold_per_floor":[110,128,145,145,157,169,169,169,240,240,272,272,300,318,318,423,423,442,460,472,485,143,143,176,188,211,222,222,1,1,26,26,26,26],"floor_reached":33,"language":"ZHS","playtime":2422,"items_purged":[],"score":279,"play_id":"ebc0fa51-0914-4e47-ab46-d3d0b87630ad","local_time":"20210214131728","is_ascension_mode":false,"campfire_choices":[{"data":"AT_KneejerkReflex","floor":8.0,"key":"SMITH"},{"data":"AT_KingSlayer","floor":10.0,"key":"SMITH"},{"data":"Neutralize","floor":12.0,"key":"SMITH"},{"data":"1","floor":15.0,"key":"LIFT"},{"data":"2","floor":23.0,"key":"LIFT"},{"data":"3","floor":28.0,"key":"LIFT"},{"data":"AT_ShadowStep","floor":32.0,"key":"SMITH"}],"circlet_count":0,"master_deck":["Strike_G","Strike_G","Strike_G","Strike_G","Strike_G","Defend_G","Defend_G","Defend_G","Defend_G","Defend_G","Survivor","Neutralize+1","AT_KneejerkReflex+1","Backstab","AT_KingSlayer+1","Tactician","Underhanded Strike","Prepared","Venomology","Distraction+1","AT_WindFlip+1","AT_TinkerSharpsword","Prepared","Reflex","AT_ShadowStep+1"],"relics":["Ring of the Snake","AT_ATBox","AT_ForceNature","Juzu Bracelet","Girya","HoveringKite","ClockworkSouvenir","Ancient Tea Set","Turnip","AT_ArchangelStaff","TwistedFunnel","AT_BellDemon"],"acts_visited":["Exordium","TheCity"],"potions_floor_usage":[33],"damage_taken":[{"damage":1.0,"enemies":"Cultist","floor":1.0,"turns":4.0},{"damage":0.0,"enemies":"2 Louse","floor":2.0,"turns":3.0},{"damage":0.0,"enemies":"Jaw Worm","floor":3.0,"turns":4.0},{"damage":12.0,"enemies":"Blue Slaver","floor":5.0,"turns":5.0},{"damage":7.0,"enemies":"Exordium Wildlife","floor":6.0,"turns":7.0},{"damage":16.0,"enemies":"Gremlin Nob","floor":11.0,"turns":5.0},{"damage":1.0,"enemies":"3 Sentries","floor":13.0,"turns":7.0},{"damage":3.0,"enemies":"Large Slime","floor":14.0,"turns":7.0},{"damage":17.0,"enemies":"Hexaghost","floor":16.0,"turns":9.0},{"damage":7.0,"enemies":"Shell Parasite","floor":18.0,"turns":4.0},{"damage":6.0,"enemies":"Chosen","floor":19.0,"turns":6.0},{"damage":0.0,"enemies":"Centurion and Healer","floor":20.0,"turns":4.0},{"damage":11.0,"enemies":"Shelled Parasite and Fungi","floor":21.0,"turns":6.0},{"damage":19.0,"enemies":"Slavers","floor":24.0,"turns":5.0},{"damage":0.0,"enemies":"Cultist and Chosen","floor":25.0,"turns":3.0},{"damage":1.0,"enemies":"Snecko","floor":27.0,"turns":4.0},{"damage":45,"enemies":"Automaton","floor":33,"turns":8}],"seed_played":"5320932976054067569","potions_obtained":[{"floor":3.0,"key":"Ancient Potion"},{"floor":11.0,"key":"AttackPotion"},{"floor":13.0,"key":"FearPotion"},{"floor":16.0,"key":"DistilledChaos"},{"floor":19.0,"key":"FearPotion"},{"floor":20.0,"key":"EssenceOfSteel"},{"floor":21.0,"key":"SteroidPotion"}],"is_trial":false,"path_per_floor":["M","M","M","?","M","M","T","R","T","R","E","R","E","M","R","B",null,"M","M","M","M","$","R","E","M","T","M","R","$","?","T","R","B"],"character_chosen":"THE_SILENT","items_purchased":["ClockworkSouvenir","Ancient Tea Set","Prepared","TwistedFunnel","AT_ShadowStep"],"campfire_rested":0,"item_purchase_floors":[22,22,22,29,29],"current_hp_per_floor":[76,76,76,76,64,57,57,57,57,57,41,41,40,37,37,20,77,70,64,64,53,53,53,46,46,46,45,45,45,45,45,45,0,0],"gold":26,"neow_bonus":"TEN_PERCENT_HP_BONUS","is_daily":false,"chose_seed":false,"campfire_upgraded":4,"win_rate":0.0,"timestamp":1613279848,"path_taken":["M","M","?","?","M","M","?","R","T","R","E","R","E","M","R","BOSS","M","M","M","M","$","R","E","M","T","M","R","$","?","?","R","BOSS"],"items_purchased_type":["Relic","Relic","Card","Relic","Card"],"build_version":"2020-12-22","purchased_purges":0,"victory":false,"max_hp_per_floor":[77,77,77,77,77,77,77,77,77,77,77,77,77,77,77,77,77,77,77,77,77,77,77,77,77,77,77,77,77,77,77,77,77,77],"card_choices":[{"not_picked":["Deflect","Slice"],"picked":"Backstab","floor":1.0},{"not_picked":["Slice","Deadly Poison","Bane"],"picked":"SKIP","floor":2.0},{"not_picked":["Heel Hook","PiercingWail"],"picked":"AT_KingSlayer","floor":3.0},{"not_picked":["PiercingWail","Leg Sweep"],"picked":"Tactician","floor":5.0},{"not_picked":["Caltrops","Predator"],"picked":"Underhanded Strike","floor":6.0},{"not_picked":["Expertise","Night Terror","Flying Knee"],"picked":"SKIP","floor":11.0},{"not_picked":["Noxious Fumes","Dash","Cloak And Dagger"],"picked":"SKIP","floor":13.0},{"not_picked":["Bane","Underhanded Strike"],"picked":"Prepared","floor":14.0},{"not_picked":["AT_MyraUnstableElement","Unload"],"picked":"Venomology","floor":16.0},{"not_picked":["Slice","Dagger Spray"],"picked":"Distraction+1","floor":18.0},{"not_picked":["Terror","Well Laid Plans"],"picked":"AT_WindFlip+1","floor":19.0},{"not_picked":["Dagger Throw","Setup","Riddle With Holes"],"picked":"SKIP","floor":20.0},{"not_picked":["Catalyst+1","Deadly Poison+1"],"picked":"AT_TinkerSharpsword","floor":21.0},{"not_picked":["Night Terror","AT_TwilightShroud"],"picked":"Reflex","floor":24.0},{"not_picked":["Choke","Blade Dance","Cloak And Dagger+1"],"picked":"SKIP","floor":25.0},{"not_picked":["AT_WindFlip","Masterful Stab","Quick Slash"],"picked":"SKIP","floor":27.0}],"player_experience":94338,"relics_obtained":[{"floor":9.0,"key":"AT_ForceNature"},{"floor":11.0,"key":"Juzu Bracelet"},{"floor":13.0,"key":"Girya"},{"floor":24.0,"key":"Turnip"},{"floor":26.0,"key":"AT_ArchangelStaff"},{"floor":31.0,"key":"AT_BellDemon"}],"event_choices":[{"damage_healed":0.0,"max_hp_gain":0.0,"max_hp_loss":0.0,"gold_gain":0.0,"event_name":"Liars Game","player_choice":"Ignored","floor":4.0,"gold_loss":0.0,"damage_taken":0.0},{"damage_healed":0.0,"max_hp_gain":0.0,"max_hp_loss":0.0,"gold_gain":0.0,"event_name":"Vampires","player_choice":"Ignored","floor":30.0,"gold_loss":0.0,"damage_taken":0.0}],"is_beta":false,"boss_relics":[{"not_picked":["Snecko Eye","Cursed Key"],"picked":"HoveringKite"}],"items_purged_floors":[],"is_endless":false,"potions_floor_spawned":[3,11,13,14,16,19,20,21],"killed_by":"Automaton","ascension_level":0}}