{"host":"8d3fefv2347kqkpz","time":1613342175,"event":{"mods":["AchievementEnabler","Act Like it!","BaseMod","Better Vampires","Colored Map","Colored Powertips","Downfall","GifTheSpireLib","Highlight Path","Minty Spire (QoL Compilation)","Quick Restart","Rare Cards Sparkle","Relic Stats","Replay The Spire","Spicy Shops","StSLib","Waifu the Spire"],"gold_per_floor":[99,118,131,149,14,14,61,78,96,96,96,96,5,18,28,128,128,128,228,228,163,174,174,201,48,66,66,116,116,126,140,156,255,255,255,275,135,148,148,148,148,164,177,177,194,94,94,129,148,148],"floor_reached":51,"language":"ZHS","playtime":2579,"items_purged":["Slimebound:Tackle","Slimebound:Split","Slimebound:RollThrough+1"],"score":796,"play_id":"f73a8b5d-8e69-46e1-bd84-00d0b74a9734","local_time":"20210215063615","is_ascension_mode":false,"campfire_choices":[{"data":"Slimebound:CorrosiveSpit","floor":1.0,"key":"SMITH"},{"data":"Slimebound:Prepare","floor":6.0,"key":"SMITH"},{"data":"Slimebound:LeechEnergy","floor":12.0,"key":"SMITH"},{"data":"Slimebound:Grow","floor":18.0,"key":"SMITH"},{"data":"Slimebound:RainOfGoop","floor":23.0,"key":"SMITH"},{"data":"Slimebound:SpikyOuterGoop","floor":27.0,"key":"SMITH"},{"floor":29.0,"key":"REST"},{"data":"Slimebound:AcidTongue","floor":35.0,"key":"SMITH"},{"floor":44.0,"key":"RECALL"},{"data":"Slimebound:Defend_Slimebound","floor":46.0,"key":"SMITH"}],"circlet_count":0,"master_deck":["Slimebound:Defend_Slimebound","Slimebound:Defend_Slimebound","Slimebound:Defend_Slimebound+1","Slimebound:CorrosiveSpit+1","Slimebound:LeechingTouch+1","Slimebound:LeechEnergy+1","Slimebound:Prepare+1","Slimebound:RainOfGoop+1","Slimebound:AcidTongue+1","Slimebound:Grow+1","Slimebound:LeechLife+1","Slimebound:Teamwork+1","Slimebound:GoopSpray+1","Slimebound:FormOfPuddle+1","Slimebound:SplitMire+1","Slimebound:SpikyOuterGoop+1","Slimebound:HauntingLick+1","Parasite","Slimebound:SamplingLick+1","Slimebound:OozeBath"],"relics":["Slimebound:AbsorbEndCombat","Happy Flower","Astrolabe","downfall:GremlinWheel","Gremlin Food","Whetstone","Blue Candle","Pantograph","downfall:HeartBlessingRed","Boot"],"acts_visited":["Exordium","TheCity","TheBeyond"],"potions_floor_usage":[50,50,50],"damage_taken":[{"damage":0.0,"enemies":"Small Slimes","floor":2.0,"turns":3.0},{"damage":6.0,"enemies":"Jaw Worm","floor":3.0,"turns":5.0},{"damage":0.0,"enemies":"Cultist","floor":4.0,"turns":4.0},{"damage":5.0,"enemies":"downfall:FleeingMerchant","floor":5.0,"turns":4.0},{"damage":8.0,"enemies":"Red Slaver","floor":8.0,"turns":3.0},{"damage":4.0,"enemies":"Blue Slaver","floor":9.0,"turns":4.0},{"damage":0.0,"enemies":"downfall:FleeingMerchant","floor":13.0,"turns":4.0},{"damage":5.0,"enemies":"downfall:LooterAlt","floor":14.0,"turns":4.0},{"damage":11.0,"enemies":"Large Slime","floor":15.0,"turns":6.0},{"damage":22.0,"enemies":"WA_ARCHETYPE_RETAIN","floor":16.0,"turns":8.0},{"damage":20.0,"enemies":"WA_ARCHETYPE_RETAIN","floor":19.0,"turns":5.0},{"damage":0.0,"enemies":"Chosen","floor":20.0,"turns":1.0},{"damage":0.0,"enemies":"downfall:FleeingMerchant","floor":21.0,"turns":4.0},{"damage":3.0,"enemies":"Spheric Guardian","floor":22.0,"turns":5.0},{"damage":15.0,"enemies":"downfall:FleeingMerchant","floor":25.0,"turns":4.0},{"damage":23.0,"enemies":"Chosen and Byrds","floor":26.0,"turns":6.0},{"damage":12.0,"enemies":"Snecko","floor":30.0,"turns":5.0},{"damage":13.0,"enemies":"Cultist and Chosen","floor":31.0,"turns":6.0},{"damage":3.0,"enemies":"3 Cultists","floor":32.0,"turns":6.0},{"damage":14.0,"enemies":"IC_MUSHROOM_ARCHETYPE","floor":33.0,"turns":10.0},{"damage":16.0,"enemies":"3 Shapes","floor":36.0,"turns":5.0},{"damage":5.0,"enemies":"downfall:FleeingMerchant","floor":37.0,"turns":4.0},{"damage":1.0,"enemies":"3 Darklings","floor":38.0,"turns":8.0},{"damage":3.0,"enemies":"Spire Growth","floor":42.0,"turns":4.0},{"damage":32.0,"enemies":"4 Shapes","floor":43.0,"turns":9.0},{"damage":0.0,"enemies":"Writhing Mass","floor":45.0,"turns":6.0},{"damage":9.0,"enemies":"Giant Head","floor":48.0,"turns":12.0},{"damage":9.0,"enemies":"3 Darklings","floor":49.0,"turns":5.0},{"damage":97,"enemies":"DF_ARCHETYPE_ORBS","floor":50,"turns":15}],"seed_played":"-2551851101810751687","potions_obtained":[{"floor":2.0,"key":"Fire Potion"},{"floor":3.0,"key":"BlessingOfTheForge"},{"floor":8.0,"key":"Doom Potion"},{"floor":16.0,"key":"SpeedPotion"},{"floor":26.0,"key":"bronze:BurnAndBuffPotion"},{"floor":28.0,"key":"Languid Potion"},{"floor":28.0,"key":"FairyPotion"},{"floor":38.0,"key":"LifebloodPotion"},{"floor":48.0,"key":"EntropicBrew"}],"is_trial":false,"path_per_floor":["R","M","M","M","$","R","T","M","M","?","?","R","$","M","M","B",null,"R","?","M","$","M","R","T","$","M","R","?","R","M","M","M","B",null,"R","M","$","M","?","?","T","M","M","R","M","R","?","E","M","B",null],"character_chosen":"SLIMEBOUND","items_purchased":["Slimebound:Prepare","Slimebound:AcidTongue","Slimebound:SpikyOuterGoop"],"campfire_rested":1,"item_purchase_floors":[5,13,25],"current_hp_per_floor":[71,71,71,71,71,71,71,69,69,69,69,69,71,71,66,50,71,71,71,71,71,71,71,71,56,41,41,24,45,64,71,71,62,71,71,71,68,71,71,66,66,71,71,71,71,71,71,62,71,11],"gold":148,"neow_bonus":"TEN_PERCENT_HP_BONUS","is_daily":false,"chose_seed":false,"campfire_upgraded":8,"win_rate":0.0,"timestamp":1613342175,"path_taken":["R","M","M","M","$","R","T","M","M","?","?","R","?","?","M","BOSS","R","?","?","?","M","R","T","$","M","R","?","R","M","M","M","BOSS","R","M","$","M","?","?","T","M","M","R","M","R","?","E","M","BOSS"],"items_purchased_type":["Card","Card","Card"],"build_version":"2020-12-22","purchased_purges":3,"victory":true,"max_hp_per_floor":[71,71,71,71,71,71,71,71,71,71,71,71,71,71,71,71,71,71,71,71,71,71,71,71,71,71,71,71,71,71,71,71,71,71,71,71,71,71,71,71,71,71,71,71,71,71,71,71,71,71],"relic_stats":{"Happy Flower":[49],"counters":[29,164],"Astrolabe":["Slimebound:RollThrough","Slimebound:Teamwork","Slimebound:GoopSpray"],"Blue Candle":[0],"Pantograph":0,"Whetstone":["Slimebound:LeechLife","Slimebound:LeechingTouch"],"Boot":[3],"obtain_stats":[{"Gremlin Food":24,"downfall:BrokenWingStatue":11,"downfall:GremlinWheel":19,"Happy Flower":7,"downfall:HeartBlessingRed":46,"Astrolabe":17,"Blue Candle":40,"Pantograph":41,"Slimebound:AbsorbEndCombat":0,"Whetstone":28,"Boot":48},{"Gremlin Food":14,"downfall:BrokenWingStatue":6,"downfall:GremlinWheel":11,"Happy Flower":4,"downfall:HeartBlessingRed":26,"Astrolabe":10,"Blue Candle":23,"Pantograph":23,"Slimebound:AbsorbEndCombat":0,"Whetstone":16,"Boot":27},{"Gremlin Food":60,"downfall:BrokenWingStatue":23,"downfall:GremlinWheel":50,"Happy Flower":16,"downfall:HeartBlessingRed":132,"Astrolabe":45,"Blue Candle":113,"Pantograph":113,"Slimebound:AbsorbEndCombat":0,"Whetstone":70,"Boot":144}]},"card_choices":[{"not_picked":["Slimebound:ForwardTackle","Slimebound:PressTheAttack","Slimebound:BestDefense"],"picked":"SKIP","floor":2.0},{"not_picked":["Slimebound:HauntingLick","Slimebound:SlimeSpikes"],"picked":"Slimebound:LeechingTouch","floor":3.0},{"not_picked":["Slimebound:Replication","Slimebound:SplitLeeching"],"picked":"Slimebound:LeechEnergy","floor":4.0},{"not_picked":["Slimebound:FinishingTackle","Slimebound:SplitAcid","Slimebound:LeechEnergy"],"picked":"SKIP","floor":5.0},{"not_picked":["Slimebound:ComboTackle","Slimebound:Chomp"],"picked":"Slimebound:SplitLeeching","floor":8.0},{"not_picked":["Slimebound:SplitLeeching","Slimebound:SlimeSpikes"],"picked":"Slimebound:RainOfGoop","floor":9.0},{"not_picked":["Slimebound:SamplingLick","Slimebound:SplitMire","Slimebound:ComboTackle"],"picked":"SKIP","floor":13.0},{"not_picked":["Slimebound:OneTwoCombo","Slimebound:AcidTongue"],"picked":"Slimebound:Grow","floor":14.0},{"not_picked":["Slimebound:HungryTackle","Slimebound:FlameTackle","Slimebound:Repurpose"],"picked":"SKIP","floor":15.0},{"not_picked":["Slimebound:MinionMaster","Slimebound:CheckThePlaybook"],"picked":"Slimebound:LeechLife","floor":16.0},{"not_picked":["Slimebound:LeechingTouch","Slimebound:SplitMire","Slimebound:HauntingLick"],"picked":"SKIP","floor":20.0},{"not_picked":["Slimebound:SplitSpecialist+1","Slimebound:Dissolve+1"],"picked":"Slimebound:FormOfPuddle","floor":21.0},{"not_picked":["Slimebound:Replication","Slimebound:HungryTackle","Slimebound:Equalize"],"picked":"SKIP","floor":22.0},{"not_picked":["Slimebound:LeechLife","Slimebound:AcidTongue"],"picked":"Slimebound:SplitMire+1","floor":25.0},{"not_picked":["Slimebound:ItLooksTasty","Slimebound:Replication","Slimebound:FinishingTackle"],"picked":"SKIP","floor":26.0},{"not_picked":["Slimebound:Nibble","Slimebound:SplitSpecialist+1","Slimebound:GoopSpray"],"picked":"SKIP","floor":30.0},{"not_picked":["Slimebound:SlimeSpikes","Slimebound:RainOfGoop","Slimebound:RollThrough"],"picked":"SKIP","floor":31.0},{"not_picked":["Slimebound:DisruptingSlam","Slimebound:GoopTackle","Slimebound:LeadByExample"],"picked":"SKIP","floor":32.0},{"not_picked":["Slimebound:ServeAndProtect","Slimebound:PressTheAttack","Slimebound:GoopTackle"],"picked":"SKIP","floor":36.0},{"not_picked":["Slimebound:SamplingLick","Slimebound:RollThrough","Slimebound:ForwardTackle"],"picked":"SKIP","floor":37.0},{"not_picked":["Slimebound:GrowthPunch+1","Slimebound:Schlurp+1","Slimebound:SplitSpecialist"],"picked":"SKIP","floor":38.0},{"not_picked":["Slimebound:SplitLeeching+1","Slimebound:SlimeSpikes"],"picked":"Slimebound:HauntingLick+1","floor":42.0},{"not_picked":["Slimebound:BestDefense+1","Slimebound:SpikyOuterGoop","Slimebound:GoopTackle"],"picked":"SKIP","floor":43.0},{"not_picked":["Slimebound:RallyTheTroops","Slimebound:GoopSpray+1"],"picked":"Slimebound:SamplingLick+1","floor":45.0},{"not_picked":["Slimebound:SplitBruiser+1","Slimebound:Recollect"],"picked":"Slimebound:OozeBath","floor":48.0},{"not_picked":["Slimebound:BestDefense+1","Slimebound:HauntingLick","Slimebound:RollThrough+1"],"picked":"SKIP","floor":49.0}],"player_experience":377426,"relics_obtained":[{"floor":7.0,"key":"Happy Flower"},{"floor":19.0,"key":"downfall:GremlinWheel"},{"floor":24.0,"key":"Gremlin Food"},{"floor":28.0,"key":"Whetstone"},{"floor":41.0,"key":"Pantograph"},{"floor":48.0,"key":"Boot"}],"event_choices":[{"cards_removed":["Slimebound:Strike_Slimebound"],"damage_healed":0.0,"max_hp_gain":0.0,"max_hp_loss":0.0,"gold_gain":0.0,"event_name":"The Cleric","player_choice":"Card Removal","floor":10.0,"gold_loss":0.0,"damage_taken":0.0},{"cards_removed":["Slimebound:Strike_Slimebound"],"damage_healed":0.0,"max_hp_gain":0.0,"max_hp_loss":0.0,"gold_gain":0.0,"event_name":"The Cleric","player_choice":"Card Removal","floor":21.0,"gold_loss":50.0,"damage_taken":0.0}],"is_beta":false,"boss_relics":[{"not_picked":["Kintsugi","Ring of Chaos"],"picked":"Astrolabe"},{"not_picked":["ChewingGum","ReplayTheSpireMod:DimensionalGlitch","bronze:MakeshiftBattery"]}],"items_purged_floors":[5,25,37],"is_endless":false,"potions_floor_spawned":[2,3,8,16,26,30,32,38,42,48],"ascension_level":0}}