{"host":"fortuna","time":1613335651,"event":{"mods":["100% Spire Juice","Act Like it!","BaseMod","CapriCore","Gensokyo","Hallownest","Koishi","Minty Spire (QoL Compilation)","MostiFishMod","Reimu£®≤©¿ˆ¡È√Œ£©","Relic Stats","StSLib","The Alterego","The Animator","The Bug Knight","The Immortal","The Senshi","Waifu the Spire","Yakumo Yukari mod"],"gold_per_floor":[114,44,62,62,80,108,108,128,175,187,187,221,232,243,243,243,243],"floor_reached":16,"language":"ZHS","playtime":700,"items_purged":[],"score":189,"play_id":"de18f2a1-ad4c-48b7-87ad-f69a991c2688","local_time":"20210215044731","is_ascension_mode":false,"campfire_choices":[{"data":"alterego_mod:SideboobHour","floor":7,"key":"SMITH"},{"data":"alterego_mod:ClassAdvantage","floor":15,"key":"SMITH"}],"circlet_count":0,"master_deck":["alterego_mod:Strike","alterego_mod:Strike","alterego_mod:Strike","alterego_mod:Strike","alterego_mod:Defend","alterego_mod:Defend","alterego_mod:Defend","alterego_mod:Defend","alterego_mod:Impale+1","alterego_mod:BigMeatyClaws+1","alterego_mod:BrynhildrsRune","alterego_mod:Mirror","alterego_mod:Bounce","alterego_mod:SideboobHour+1","alterego_mod:Birthday","alterego_mod:Nekomimi","alterego_mod:Birthday","alterego_mod:ClassAdvantage+1"],"relics":["alterego_mod:MasochisticConstitution","DaveBox","NeowsBlessing","SynthV:TestCard","GreenFoldingFan","Eternal Feather","Centennial Puzzle","Strawberry"],"acts_visited":["Gensokyo:Gensokyo"],"potions_floor_usage":[6,16],"damage_taken":[{"damage":0,"enemies":"Gensokyo:2_Kodama","floor":1,"turns":2},{"damage":4,"enemies":"Gensokyo:3_Fairies","floor":3,"turns":2},{"damage":2,"enemies":"Gensokyo:Gryphon","floor":5,"turns":1},{"damage":37,"enemies":"Gensokyo:Aya","floor":6,"turns":8},{"damage":23,"enemies":"Gensokyo:CorruptedTreant","floor":8,"turns":3},{"damage":4,"enemies":"Gensokyo:Python_and_Kodama","floor":10,"turns":2},{"damage":2,"enemies":"Gensokyo:Mamizou","floor":12,"turns":1},{"damage":11,"enemies":"Gensokyo:VengefulSpirit","floor":13,"turns":4},{"damage":19,"enemies":"Gensokyo:CorruptedTreant","floor":14,"turns":3},{"damage":76,"enemies":"Gensokyo:Kokoro","floor":16,"turns":5}],"seed_played":"-3400331391506654690","potions_obtained":[{"floor":5,"key":"DistilledChaos"},{"floor":6,"key":"Weak Potion"},{"floor":10,"key":"GrandPatriotsElixir:ReiMu"},{"floor":13,"key":"LiquidMemories"}],"is_trial":false,"path_per_floor":["M","?","M","?","M","E","R","M","T","M","?","E","M","M","R","B"],"character_chosen":"The_Alterego","items_purchased":[],"campfire_rested":0,"item_purchase_floors":[],"current_hp_per_floor":[70,70,67,60,69,43,49,37,37,46,46,64,66,67,76,0,0],"gold":243,"neow_bonus":"THREE_ENEMY_KILL","is_daily":false,"chose_seed":false,"campfire_upgraded":2,"win_rate":0.0,"timestamp":1613335651,"path_taken":["M","?","?","?","M","E","R","M","T","M","?","E","M","M","R","BOSS"],"items_purchased_type":[],"build_version":"2020-12-18","purchased_purges":0,"victory":false,"max_hp_per_floor":[70,70,71,71,72,73,73,74,74,75,75,83,84,85,85,85,85],"relic_stats":{"Centennial Puzzle":[15],"counters":[10,31],"Eternal Feather":15,"obtain_stats":[{"GreenFoldingFan":3,"alterego_mod:MasochisticConstitution":0,"Centennial Puzzle":9,"SynthV:TestCard":1,"DaveBox":0,"NeowsBlessing":0,"Strawberry":12,"Eternal Feather":6},{"GreenFoldingFan":2,"alterego_mod:MasochisticConstitution":0,"Centennial Puzzle":5,"SynthV:TestCard":1,"DaveBox":0,"NeowsBlessing":0,"Strawberry":7,"Eternal Feather":4},{"GreenFoldingFan":4,"alterego_mod:MasochisticConstitution":0,"Centennial Puzzle":16,"SynthV:TestCard":2,"DaveBox":0,"NeowsBlessing":0,"Strawberry":19,"Eternal Feather":13}]},"card_choices":[{"not_picked":["alterego_mod:Cushion","alterego_mod:Maid"],"picked":"alterego_mod:Mirror","floor":1},{"not_picked":["alterego_mod:Punishment","alterego_mod:Mirror","alterego_mod:PerceptionDisorder","alterego_mod:DiscoLights"],"picked":"alterego_mod:Bounce","floor":3},{"not_picked":["alterego_mod:Jiggle","alterego_mod:Complex","alterego_mod:Swimsuit","alterego_mod:DeftHands","alterego_mod:HighServant"],"picked":"SKIP","floor":5},{"not_picked":["alterego_mod:DustData","alterego_mod:Skirt","alterego_mod:SuperDuperMasochism","alterego_mod:Rip"],"picked":"alterego_mod:SideboobHour","floor":6},{"not_picked":["alterego_mod:Undulate","alterego_mod:SuperDuperMasochism","alterego_mod:BoobPocket","alterego_mod:BeGentle"],"picked":"alterego_mod:Birthday","floor":8},{"not_picked":["alterego_mod:PerceptionDisorder","alterego_mod:Rip","alterego_mod:MagicResistance","alterego_mod:Punishment"],"picked":"alterego_mod:Belle","floor":10},{"not_picked":["alterego_mod:MaintainEyeContact","alterego_mod:DustData","alterego_mod:Pet","alterego_mod:TrashNCrash"],"picked":"alterego_mod:Nekomimi","floor":12},{"not_picked":["alterego_mod:SuperDuperMasochism","alterego_mod:Rip","alterego_mod:PresenceConcealment","alterego_mod:Table"],"picked":"alterego_mod:Birthday","floor":13},{"not_picked":["alterego_mod:Bounce","alterego_mod:Cycle","alterego_mod:SakuraLabyrinth","alterego_mod:Maid"],"picked":"alterego_mod:ClassAdvantage","floor":14}],"player_experience":367554,"relics_obtained":[{"floor":1,"key":"SynthV:TestCard"},{"floor":6,"key":"Eternal Feather"},{"floor":9,"key":"Centennial Puzzle"},{"floor":12,"key":"Strawberry"}],"event_choices":[],"is_beta":true,"boss_relics":[],"items_purged_floors":[],"is_endless":false,"potions_floor_spawned":[5,6,10,13],"killed_by":"Gensokyo:Kokoro","ascension_level":0}}