{"host":"6vtgmkkqqeew181q","time":1613269337,"event":{"mods":["100% Spire Juice","BaseMod","Bestiary","Downfall","Faster Ascension Climbing","Hermit","Highlight Path","Minty Spire (QoL Compilation)","Reliquary","Spire Arcade","StSLib","The Jungle"],"gold_per_floor":[99,119,138,154,167,167,244,344,362,374,406,422,422,22,32,133,183,183,196,28,78,144,144,144,144,161,211,229,264,264,279,299,399,399,399,413,463,482,532,23,23,71,83,83,93,93,113,39,54,54,54,54],"floor_reached":50,"language":"ENG","playtime":5310,"items_purged":["Slimebound:Strike_Slimebound","Writhe","Slimebound:Strike_Slimebound"],"score":520,"play_id":"7e161f39-810b-46a7-918a-927b19de8034","local_time":"20210213182217","is_ascension_mode":false,"campfire_choices":[{"data":"Slimebound:Split","floor":1,"key":"SMITH"},{"data":"Slimebound:MegaLick","floor":6,"key":"SMITH"},{"data":"Slimebound:GoopSpray","floor":13,"key":"SMITH"},{"data":"Slimebound:MassRepurpose","floor":18,"key":"SMITH"},{"data":"Slimebound:LeadByExample","floor":23,"key":"SMITH"},{"data":"expansioncontent:QuickStudy","floor":25,"key":"SMITH"},{"data":"Slimebound:SplitSpecialist","floor":30,"key":"SMITH"},{"data":"Slimebound:DuplicatedForm","floor":35,"key":"SMITH"},{"data":"expansioncontent:StudyTheSpire","floor":44,"key":"SMITH"},{"data":"expansioncontent:QuickStudy","floor":46,"key":"SMITH"}],"circlet_count":0,"master_deck":["Slimebound:Strike_Slimebound","Slimebound:Tackle","Slimebound:Defend_Slimebound+1","Slimebound:Defend_Slimebound","Slimebound:Defend_Slimebound","Slimebound:Defend_Slimebound","Slimebound:Split+1","Slimebound:CorrosiveSpit+1","Slimebound:FinishingTackle","Slimebound:ProtectTheBoss","Slimebound:GoopSpray+1","Slimebound:MegaLick+1","Slimebound:PressTheAttack","Slimebound:SplitAcid","Slimebound:SlimeSpikes","Slimebound:HauntingLick","Slimebound:SplitAcid","expansioncontent:QuickStudy+1","Slimebound:MinionMaster","Slimebound:MassRepurpose+1","Slimebound:SplitMire+1","Slimebound:LeadByExample+1","Slimebound:SplitSpecialist+1","expansioncontent:QuickStudy+1","Slimebound:Dissolve","Slimebound:DuplicatedForm+1","Slimebound:Gluttony","expansioncontent:StudyTheSpire+1","Slimebound:LeechEnergy+1","expansioncontent:QuickStudy+1","Slimebound:SlimeTap"],"relics":["Slimebound:AbsorbEndCombat","Shuriken","downfall:CloakOfManyFaces","CultistMask","FaceOfCleric","NlothsMask","GremlinMask","SsserpentHead","Bag of Marbles","Letter Opener","Tiny House","StrikeDummy","Nunchaku","SlaversCollar","reliquary:JackalopeAntler","reliquary:PurpleTingedLeaf"],"acts_visited":["Exordium","TheCity","TheBeyond"],"potions_floor_usage":[10,10,16,19,28,29,33,33,33,40,50,50,50],"damage_taken":[{"damage":0,"enemies":"2 Louse","floor":2,"turns":2},{"damage":3,"enemies":"Cultist","floor":3,"turns":3},{"damage":3,"enemies":"Small Slimes","floor":4,"turns":3},{"damage":8,"enemies":"downfall:LooterAlt","floor":5,"turns":3},{"damage":36,"enemies":"downfall:FaceTrader","floor":8,"turns":8},{"damage":9,"enemies":"Exordium Wildlife","floor":9,"turns":4},{"damage":7,"enemies":"Exordium Thugs","floor":10,"turns":4},{"damage":21,"enemies":"Lagavulin","floor":11,"turns":5},{"damage":0,"enemies":"2 Fungi Beasts","floor":12,"turns":4},{"damage":3,"enemies":"downfall:FleeingMerchant","floor":14,"turns":4},{"damage":7,"enemies":"Gremlin Gang","floor":15,"turns":2},{"damage":6,"enemies":"SI_SHIV_ARCHETYPE","floor":16,"turns":6},{"damage":0,"enemies":"downfall:LooterAlt2","floor":19,"turns":4},{"damage":8,"enemies":"downfall:FleeingMerchant","floor":20,"turns":4},{"damage":0,"enemies":"3 Byrds","floor":22,"turns":4},{"damage":10,"enemies":"Sentry and Sphere","floor":26,"turns":3},{"damage":14,"enemies":"Snecko","floor":28,"turns":4},{"damage":10,"enemies":"Book of Stabbing","floor":29,"turns":6},{"damage":13,"enemies":"3 Cultists","floor":31,"turns":5},{"damage":0,"enemies":"Centurion and Healer","floor":32,"turns":5},{"damage":39,"enemies":"IC_MUSHROOM_ARCHETYPE","floor":33,"turns":9},{"damage":21,"enemies":"3 Darklings","floor":36,"turns":6},{"damage":24,"enemies":"3 Shapes","floor":38,"turns":5},{"damage":16,"enemies":"downfall:FleeingMerchant","floor":40,"turns":4},{"damage":0,"enemies":"downfall:FleeingMerchant","floor":42,"turns":2},{"damage":32,"enemies":"Maw","floor":43,"turns":7},{"damage":13,"enemies":"Sphere and 2 Shapes","floor":45,"turns":3},{"damage":10,"enemies":"Spire Growth","floor":47,"turns":5},{"damage":1,"enemies":"4 Shapes","floor":49,"turns":5},{"damage":70,"enemies":"DF_ARCHETYPE_ORBS","floor":50,"turns":5}],"seed_played":"-6114121576629215451","potions_obtained":[{"floor":4,"key":"Slimebound:SlimedPotion"},{"floor":5,"key":"SpeedPotion"},{"floor":10,"key":"sneckomod:MuddlingPotion"},{"floor":15,"key":"Slimebound:SpawnSlimePotion"},{"floor":16,"key":"Weak Potion"},{"floor":17,"key":"Block Potion"},{"floor":26,"key":"Weak Potion"},{"floor":28,"key":"Block Potion"},{"floor":29,"key":"Strength Potion"},{"floor":31,"key":"BlessingOfTheForge"},{"floor":32,"key":"Guardian:BlockOnCardUsePotion"},{"floor":33,"key":"Strength Potion"},{"floor":36,"key":"SteroidPotion"},{"floor":43,"key":"Dexterity Potion"},{"floor":47,"key":"Swift Potion"}],"is_trial":false,"path_per_floor":["R","M","M","M","M","R","T","?","M","M","E","M","R","$","M","B",null,"R","M","$","?","M","R","T","R","M","?","M","E","R","M","M","B",null,"R","M","?","M","?","$","T","$","M","R","M","R","M","$","M","B"],"character_chosen":"SLIMEBOUND","items_purchased":["expansioncontent:QuickStudy","Letter Opener","Slimebound:SplitSpecialist","reliquary:JackalopeAntler","expansioncontent:StudyTheSpire","expansioncontent:QuickStudy+1","EssenceOfSteel"],"campfire_rested":0,"item_purchase_floors":[14,14,20,40,40,42,48],"current_hp_per_floor":[65,65,64,63,59,59,59,31,27,27,15,22,22,28,28,31,77,77,78,75,75,80,80,80,80,71,71,62,57,57,53,60,30,86,86,74,74,55,55,46,46,50,38,38,28,28,44,44,59,0,0,0],"gold":54,"neow_bonus":"UPGRADE_CARD","is_daily":false,"chose_seed":false,"campfire_upgraded":10,"win_rate":0.0,"timestamp":1613269337,"path_taken":["R","M","M","M","M","R","T","?","M","M","E","M","R","?","M","BOSS","R","M","$","?","?","R","T","R","M","?","M","E","R","M","M","BOSS","R","M","?","M","?","?","T","$","M","R","M","R","M","$","M","BOSS"],"items_purchased_type":["Card","Relic","Card","Relic","Card","Card","Potion"],"build_version":"2020-12-22","purchased_purges":3,"victory":false,"max_hp_per_floor":[65,65,65,65,65,65,65,65,66,67,68,69,69,70,71,72,77,77,78,79,79,80,80,80,80,81,81,82,83,83,84,85,86,86,86,87,87,88,88,89,89,90,91,91,92,92,93,93,94,94,94,94],"card_choices":[{"not_picked":["Slimebound:ComboTackle","Slimebound:SamplingLick"],"picked":"Slimebound:FinishingTackle","floor":2},{"not_picked":["Slimebound:LivingWall","Slimebound:PressTheAttack"],"picked":"Slimebound:ProtectTheBoss","floor":3},{"not_picked":["Slimebound:SplitBruiser","Slimebound:HauntingLick"],"picked":"Slimebound:GoopSpray","floor":4},{"not_picked":["Slimebound:SlimeTap","Slimebound:Prepare"],"picked":"Slimebound:MegaLick","floor":5},{"not_picked":["Slimebound:SlimeSpikes","Slimebound:SamplingLick"],"picked":"Slimebound:PressTheAttack","floor":8},{"not_picked":["Slimebound:ForwardTackle","Slimebound:FinishingTackle"],"picked":"Slimebound:SplitAcid","floor":9},{"not_picked":["Slimebound:DivideAndConquer","Slimebound:AcidTongue"],"picked":"Slimebound:LeechingTouch","floor":10},{"not_picked":["Slimebound:BestDefense","Slimebound:Schlurp"],"picked":"Slimebound:SlimeSpikes","floor":11},{"not_picked":["Slimebound:LeechingTouch","Slimebound:ComboTackle"],"picked":"Slimebound:HauntingLick","floor":12},{"not_picked":["Slimebound:ComboTackle","Slimebound:Grow"],"picked":"Slimebound:SplitAcid","floor":14},{"not_picked":["Slimebound:ItLooksTasty","Slimebound:GoopSpray"],"picked":"Slimebound:MinionMaster","floor":15},{"not_picked":["Slimebound:OneTwoCombo","Slimebound:PrepareCrush"],"picked":"Slimebound:MassRepurpose","floor":16},{"not_picked":["Slimebound:ItLooksTasty+1","Slimebound:SamplingLick"],"picked":"Slimebound:SplitMire+1","floor":19},{"not_picked":["Slimebound:LivingWall","Slimebound:FinishingTackle"],"picked":"Slimebound:LeadByExample","floor":20},{"not_picked":["Slimebound:HauntingLick","Slimebound:ComboTackle","Slimebound:SplitAcid"],"picked":"SKIP","floor":22},{"not_picked":["Slimebound:DivideAndConquer+1","Slimebound:LivingWall","Slimebound:SplitBruiser"],"picked":"SKIP","floor":26},{"not_picked":["Slimebound:Chomp","Slimebound:DivideAndConquer","Slimebound:ViciousTackle"],"picked":"SKIP","floor":28},{"not_picked":["Slimebound:Schlurp","Slimebound:LeechEnergy"],"picked":"Slimebound:Dissolve","floor":29},{"not_picked":["Slimebound:LevelUp","Slimebound:GoopTackle","Slimebound:HauntingLick"],"picked":"SKIP","floor":31},{"not_picked":["Slimebound:HauntingLick","Slimebound:SlimeSpikes","Slimebound:MassFeed"],"picked":"SKIP","floor":32},{"not_picked":["Slimebound:SlimeSlap","Slimebound:FirmFortitude"],"picked":"Slimebound:DuplicatedForm","floor":33},{"not_picked":["Slimebound:SlimeBrawl","Slimebound:RollThrough+1","Slimebound:GrowthPunch+1"],"picked":"SKIP","floor":36},{"not_picked":["Slimebound:SlimeSpikes+1","Slimebound:DivideAndConquer+1","Slimebound:RollThrough"],"picked":"SKIP","floor":38},{"not_picked":["Slimebound:GoopTackle+1","Slimebound:Grow"],"picked":"Slimebound:Gluttony","floor":40},{"not_picked":["Slimebound:Recollect","Slimebound:Replication"],"picked":"Slimebound:LeechEnergy+1","floor":42},{"not_picked":["Slimebound:SplitLeeching","Slimebound:Schlurp"],"picked":"Slimebound:SlimeTap","floor":43},{"not_picked":["Slimebound:Grow+1","Slimebound:Schlurp","Slimebound:LeechEnergy"],"picked":"SKIP","floor":45},{"not_picked":["Slimebound:SplitLeeching+1","Slimebound:ItLooksTasty+1","Slimebound:GoopSpray+1"],"picked":"SKIP","floor":47},{"not_picked":["Slimebound:BestDefense","Slimebound:FinishingTackle","Slimebound:Gluttony"],"picked":"SKIP","floor":49}],"player_experience":629062,"relics_obtained":[{"floor":7,"key":"Shuriken"},{"floor":8,"key":"downfall:CloakOfManyFaces"},{"floor":11,"key":"Bag of Marbles"},{"floor":29,"key":"Nunchaku"},{"floor":41,"key":"reliquary:PurpleTingedLeaf"}],"event_choices":[{"cards_removed":["Slimebound:LeechingTouch"],"damage_healed":0,"gold_gain":0,"player_choice":"Removed Attack","damage_taken":0,"max_hp_gain":0,"max_hp_loss":0,"event_name":"Falling","floor":39,"gold_loss":0}],"is_beta":false,"boss_relics":[{"not_picked":["Fusion Hammer","Snecko Eye"],"picked":"Tiny House"},{"not_picked":["reliquary:RedCape","Philosopher\u0027s Stone"],"picked":"SlaversCollar"}],"items_purged_floors":[20,40,42],"is_endless":false,"potions_floor_spawned":[4,5,10,15,16,26,28,29,31,32,33,36,43,47,49],"killed_by":"DF_ARCHETYPE_ORBS","ascension_level":0}}