{"host":"q393yg6r5o2yq652","time":1613338311,"event":{"mods":["BaseMod","Colored Map","Minty Spire (QoL Compilation)","Relic Stats","everything is the same but u backflip on backflip"],"gold_per_floor":[367,8,83,93,111,145,145,175,223,242,242,242,242,268,268,373,373,388,388,388,388,398,431,458,487,787,804,534,547,565,580,580,677,677,695,695,695,713,729,760,760,760,760,517,517,534,70,89,89,89,89,89,89,119,119,119],"floor_reached":55,"language":"ENG","playtime":6890,"items_purged":["WaveOfTheHand","LessonLearned+1"],"score":1094,"play_id":"7c34c259-df56-43ae-84f6-220b7391e86c","local_time":"20210214163151","is_ascension_mode":true,"campfire_choices":[{"floor":7.0,"key":"REST"},{"data":"CarveReality","floor":12.0,"key":"SMITH"},{"data":"Vault","floor":15.0,"key":"SMITH"},{"data":"Scrawl","floor":32.0,"key":"SMITH"},{"floor":42.0,"key":"RECALL"},{"floor":49.0,"key":"REST"},{"floor":52.0,"key":"REST"}],"circlet_count":0,"master_deck":["Strike_P+1","Defend_P+1","Defend_P+1","Eruption+1","Vigilance+1","CarveReality+1","CutThroughFate+1","CrushJoints+1","Vault+1","Scrawl+1","LessonLearned+1","CurseOfTheBell","Ghostly+1","Ghostly+1","Ghostly+1","Ghostly+1","Ghostly+1","Tantrum+1","Consecrate+1","Omniscience+1","Wallop+1","ThirdEye+1","CarveReality+1","SandsOfTime+1","Halt+1","Indignation+1","ThirdEye+1"],"relics":["PureWater","Tiny Chest","Blue Candle","Bronze Scales","Pen Nib","Ancient Tea Set","Calling Bell","Juzu Bracelet","TeardropLocket","Pocketwatch","StoneCalendar","Anchor","MealTicket","Old Coin","Bag of Marbles","Empty Cage","Bag of Preparation","PreservedInsect","Yang","CloakClasp","Centennial Puzzle","Vajra"],"acts_visited":["Exordium","TheCity","TheBeyond","TheEnding"],"potions_floor_usage":[55,55,55],"damage_taken":[{"damage":9.0,"enemies":"Jaw Worm","floor":1.0,"turns":6.0},{"damage":3.0,"enemies":"Small Slimes","floor":4.0,"turns":3.0},{"damage":1.0,"enemies":"2 Louse","floor":5.0,"turns":2.0},{"damage":25.0,"enemies":"Lagavulin","floor":6.0,"turns":7.0},{"damage":12.0,"enemies":"3 Sentries","floor":8.0,"turns":4.0},{"damage":0.0,"enemies":"Blue Slaver","floor":10.0,"turns":6.0},{"damage":0.0,"enemies":"Slime Boss","floor":16.0,"turns":6.0},{"damage":4.0,"enemies":"Chosen","floor":18.0,"turns":3.0},{"damage":0.0,"enemies":"Shell Parasite","floor":22.0,"turns":2.0},{"damage":5.0,"enemies":"Gremlin Leader","floor":23.0,"turns":3.0},{"damage":3.0,"enemies":"Slavers","floor":25.0,"turns":7.0},{"damage":1.0,"enemies":"Snecko","floor":27.0,"turns":4.0},{"damage":0.0,"enemies":"Shelled Parasite and Fungi","floor":29.0,"turns":3.0},{"damage":0.0,"enemies":"Snake Plant","floor":30.0,"turns":2.0},{"damage":0.0,"enemies":"Chosen and Byrds","floor":31.0,"turns":2.0},{"damage":1.0,"enemies":"Champ","floor":33.0,"turns":6.0},{"damage":3.0,"enemies":"3 Shapes","floor":35.0,"turns":5.0},{"damage":3.0,"enemies":"3 Darklings","floor":38.0,"turns":3.0},{"damage":0.0,"enemies":"Jaw Worm Horde","floor":39.0,"turns":3.0},{"damage":0.0,"enemies":"Giant Head","floor":40.0,"turns":6.0},{"damage":0.0,"enemies":"Writhing Mass","floor":46.0,"turns":2.0},{"damage":0.0,"enemies":"Spire Growth","floor":48.0,"turns":3.0},{"damage":0.0,"enemies":"Donu and Deca","floor":50.0,"turns":8.0},{"damage":0.0,"enemies":"Shield and Spear","floor":54.0,"turns":3.0},{"damage":55,"enemies":"The Heart","floor":55,"turns":7}],"seed_played":"-6272907872957858700","potions_obtained":[{"floor":1.0,"key":"Swift Potion"},{"floor":6.0,"key":"SpeedPotion"},{"floor":18.0,"key":"LiquidMemories"},{"floor":23.0,"key":"Explosive Potion"},{"floor":29.0,"key":"SpeedPotion"},{"floor":30.0,"key":"AttackPotion"},{"floor":33.0,"key":"Ancient Potion"},{"floor":37.0,"key":"Fruit Juice"},{"floor":37.0,"key":"Regen Potion"}],"is_trial":false,"path_per_floor":["M","$","?","M","M","E","R","E","T","M","?","R","?","T","R","B",null,"M","?","?","?","M","E","T","E","T","M","$","M","M","M","R","B",null,"M","?","?","M","M","E","?","R","T","$","T","M","$","M","R","B",null,"R","$","E","B"],"character_chosen":"WATCHER","items_purchased":["LessonLearned","Tiny Chest","Explosive Potion","Bag of Marbles","ThirdEye","PreservedInsect","CloakClasp","Centennial Puzzle"],"campfire_rested":3,"item_purchase_floors":[2,2,2,28,28,44,47,47],"current_hp_per_floor":[42,42,31,28,27,2,23,11,11,11,35,35,35,35,35,35,72,68,68,36,36,36,31,31,28,28,27,36,36,36,36,36,35,36,33,33,38,35,35,35,35,35,35,39,39,39,39,39,39,39,39,39,39,39,0,0],"gold":119,"neow_bonus":"TWO_FIFTY_GOLD","is_daily":false,"chose_seed":false,"campfire_upgraded":3,"win_rate":0.0,"timestamp":1613338311,"path_taken":["M","$","?","M","M","E","R","E","T","M","?","R","?","?","R","BOSS","M","?","?","?","M","E","?","E","T","M","$","M","M","M","R","BOSS","M","?","?","M","M","E","?","R","T","$","?","M","$","M","R","BOSS","R","$","E","BOSS"],"items_purchased_type":["Card","Relic","Potion","Relic","Card","Relic","Relic","Relic"],"build_version":"2020-12-22","purchased_purges":2,"victory":false,"max_hp_per_floor":[72,72,72,72,72,72,72,72,72,72,72,72,72,72,72,72,72,72,72,36,36,36,36,36,36,36,36,36,36,36,36,36,36,36,36,36,41,41,41,41,39,39,39,39,39,39,39,39,39,39,39,39,39,39,39,39],"relic_stats":{"counters":[25,106],"Blue Candle":[0],"StoneCalendar":[104],"Yang":[52],"Pen Nib":[16],"PreservedInsect":68,"Juzu Bracelet":1,"Bag of Preparation":[10],"CloakClasp":[107],"Centennial Puzzle":[2],"Bronze Scales":[222],"Tiny Chest":3,"MealTicket":13,"obtain_stats":[{"Blue Candle":6,"Vajra":54,"StoneCalendar":23,"Yang":45,"Pen Nib":9,"PreservedInsect":44,"Juzu Bracelet":17,"Bag of Preparation":40,"CloakClasp":47,"TeardropLocket":17,"Ancient Tea Set":14,"Empty Cage":34,"Old Coin":26,"Calling Bell":17,"Anchor":24,"Centennial Puzzle":47,"Bronze Scales":8,"Tiny Chest":2,"MealTicket":25,"Bag of Marbles":28,"PureWater":0,"Pocketwatch":17},{"Blue Candle":4,"Vajra":24,"StoneCalendar":10,"Yang":20,"Pen Nib":5,"PreservedInsect":20,"Juzu Bracelet":7,"Bag of Preparation":20,"CloakClasp":21,"TeardropLocket":7,"Ancient Tea Set":6,"Empty Cage":16,"Old Coin":11,"Calling Bell":7,"Anchor":10,"Centennial Puzzle":21,"Bronze Scales":5,"Tiny Chest":1,"MealTicket":11,"Bag of Marbles":12,"PureWater":0,"Pocketwatch":7},{"Blue Candle":18,"Vajra":99,"StoneCalendar":42,"Yang":83,"Pen Nib":22,"PreservedInsect":83,"Juzu Bracelet":34,"Bag of Preparation":83,"CloakClasp":85,"TeardropLocket":34,"Ancient Tea Set":28,"Empty Cage":66,"Old Coin":49,"Calling Bell":34,"Anchor":42,"Centennial Puzzle":85,"Bronze Scales":22,"Tiny Chest":6,"MealTicket":49,"Bag of Marbles":53,"PureWater":0,"Pocketwatch":34}],"Pocketwatch":[104]},"card_choices":[{"not_picked":["Consecrate","ThirdEye"],"picked":"CarveReality","floor":1.0},{"not_picked":["FollowUp","FlurryOfBlows","Prostrate"],"picked":"SKIP","floor":4.0},{"not_picked":["ClearTheMind","Nirvana"],"picked":"CutThroughFate","floor":5.0},{"not_picked":["Adaptation","WreathOfFlame"],"picked":"CrushJoints","floor":6.0},{"not_picked":["DeceiveReality","Adaptation"],"picked":"Vault","floor":8.0},{"not_picked":["EmptyFist","PathToVictory","CrushJoints"],"picked":"SKIP","floor":10.0},{"not_picked":["Ragnarok","Brilliance"],"picked":"LessonLearned","floor":16.0},{"not_picked":["CrushJoints","EmptyBody+1"],"picked":"WaveOfTheHand","floor":18.0},{"not_picked":["Evaluate","Worship+1"],"picked":"Consecrate","floor":22.0},{"not_picked":["Prostrate","Meditate+1"],"picked":"Omniscience","floor":23.0},{"not_picked":["CutThroughFate","SignatureMove"],"picked":"Wallop","floor":25.0},{"not_picked":["Consecrate+1","JustLucky","InnerPeace"],"picked":"SKIP","floor":27.0},{"not_picked":["BowlingBash","Prostrate+1"],"picked":"CarveReality+1","floor":29.0},{"not_picked":["EmptyFist","FollowUp","Prostrate+1"],"picked":"SKIP","floor":30.0},{"not_picked":["Wireheading","ClearTheMind+1"],"picked":"SandsOfTime+1","floor":31.0},{"not_picked":["Consecrate","DeceiveReality+1"],"picked":"Halt+1","floor":35.0},{"not_picked":["CrushJoints","EmptyBody+1"],"picked":"Indignation+1","floor":38.0},{"not_picked":["Vengeance+1","Pray"],"picked":"ThirdEye","floor":39.0},{"not_picked":["ThirdEye+1","CutThroughFate","FlyingSleeves+1"],"picked":"SKIP","floor":40.0},{"not_picked":["BowlingBash","Wallop","Brilliance"],"picked":"SKIP","floor":46.0},{"not_picked":["CutThroughFate","FlurryOfBlows","Swivel+1"],"picked":"SKIP","floor":48.0},{"not_picked":["ThirdEye+1","WindmillStrike+1","Swivel+1"],"picked":"SKIP","floor":54.0}],"player_experience":317718,"relics_obtained":[{"floor":6.0,"key":"Blue Candle"},{"floor":8.0,"key":"Bronze Scales"},{"floor":9.0,"key":"Pen Nib"},{"floor":14.0,"key":"Ancient Tea Set"},{"floor":17.0,"key":"Juzu Bracelet"},{"floor":17.0,"key":"TeardropLocket"},{"floor":17.0,"key":"Pocketwatch"},{"floor":23.0,"key":"StoneCalendar"},{"floor":24.0,"key":"Anchor"},{"floor":25.0,"key":"MealTicket"},{"floor":26.0,"key":"Old Coin"},{"floor":40.0,"key":"Bag of Preparation"},{"floor":45.0,"key":"Yang"},{"floor":54.0,"key":"Vajra"}],"event_choices":[{"damage_healed":0.0,"max_hp_gain":0.0,"max_hp_loss":0.0,"gold_gain":75.0,"event_name":"World of Goop","player_choice":"Gather Gold","floor":3.0,"gold_loss":0.0,"damage_taken":11.0},{"damage_healed":24.0,"max_hp_gain":0.0,"max_hp_loss":0.0,"gold_gain":0.0,"event_name":"Big Fish","player_choice":"Banana","floor":11.0,"gold_loss":0.0,"damage_taken":0.0},{"damage_healed":0.0,"max_hp_gain":0.0,"max_hp_loss":0.0,"gold_gain":0.0,"cards_transformed":["Strike_P"],"event_name":"Living Wall","player_choice":"Change","floor":13.0,"gold_loss":0.0,"damage_taken":0.0,"cards_obtained":["Scrawl"]},{"damage_healed":0.0,"max_hp_gain":0.0,"max_hp_loss":0.0,"gold_gain":0.0,"event_name":"Vampires","player_choice":"Ignored","floor":19.0,"gold_loss":0.0,"damage_taken":0.0},{"damage_healed":0.0,"max_hp_gain":0.0,"max_hp_loss":36.0,"gold_gain":0.0,"event_name":"Ghosts","player_choice":"Became a Ghost","floor":20.0,"gold_loss":0.0,"damage_taken":0.0,"cards_obtained":["Ghostly","Ghostly","Ghostly","Ghostly","Ghostly"]},{"damage_healed":0.0,"max_hp_gain":0.0,"max_hp_loss":0.0,"gold_gain":0.0,"cards_transformed":["Defend_P","Defend_P"],"event_name":"Drug Dealer","player_choice":"Became Test Subject","floor":21.0,"gold_loss":0.0,"damage_taken":0.0,"cards_obtained":["Study","Tantrum"]},{"cards_removed":["Strike_P"],"damage_healed":0.0,"max_hp_gain":0.0,"max_hp_loss":0.0,"gold_gain":0.0,"event_name":"Falling","player_choice":"Removed Attack","floor":36.0,"gold_loss":0.0,"damage_taken":0.0},{"damage_healed":0.0,"max_hp_gain":0.0,"max_hp_loss":0.0,"gold_gain":0.0,"event_name":"Lab","player_choice":"Got Potions","floor":37.0,"gold_loss":0.0,"damage_taken":0.0},{"damage_healed":0.0,"max_hp_gain":0.0,"max_hp_loss":2.0,"gold_gain":0.0,"event_name":"Winding Halls","player_choice":"Max HP","floor":41.0,"gold_loss":0.0,"damage_taken":0.0}],"is_beta":false,"boss_relics":[{"not_picked":["Tiny House","Busted Crown"],"picked":"Calling Bell"},{"not_picked":["Cursed Key","HolyWater"],"picked":"Empty Cage"}],"items_purged_floors":[28,44],"is_endless":false,"potions_floor_spawned":[1,6,18,23,29,30,33,38,39],"killed_by":"The Heart","ascension_level":4}}