{"host":"8d3fefv2347kqkpz","time":1613339156,"event":{"mods":["AchievementEnabler","Act Like it!","BaseMod","Better Vampires","Colored Map","Colored Powertips","Downfall","GifTheSpireLib","Highlight Path","Minty Spire (QoL Compilation)","Quick Restart","Rare Cards Sparkle","Relic Stats","Replay The Spire","Spicy Shops","StSLib","Waifu the Spire"],"gold_per_floor":[99,111,123,123,139,139,139,139,239,239,252,54,54,72,88,185,185,185,203,14,30,30,30,30,30,130,142,142,162,180,0,17,116,116,116,136,153,125,125,144,192,205,224,243,243,269,269,289,308,308],"floor_reached":51,"language":"ZHS","playtime":2130,"items_purged":["Slimebound:Tackle","Slimebound:Strike_Slimebound","Slimebound:Strike_Slimebound","Slimebound:CorrosiveSpit"],"score":770,"play_id":"4288d790-f5ed-45cb-9f4c-e8e4b7526aab","local_time":"20210215054556","is_ascension_mode":false,"campfire_choices":[{"data":"Slimebound:Split","floor":1.0,"key":"SMITH"},{"data":"Slimebound:Darklings","floor":6.0,"key":"SMITH"},{"data":"Slimebound:Defend_Slimebound","floor":10.0,"key":"SMITH"},{"data":"Slimebound:Prepare","floor":13.0,"key":"SMITH"},{"data":"Slimebound:MinionMaster","floor":18.0,"key":"SMITH"},{"data":"Specialist","floor":25.0,"key":"SMITH"},{"data":"Slimebound:LevelUp","floor":28.0,"key":"SMITH"},{"data":"Slimebound:TagTeam","floor":35.0,"key":"SMITH"},{"floor":47.0,"key":"RECALL"}],"circlet_count":0,"master_deck":["Slimebound:Strike_Slimebound","Slimebound:Defend_Slimebound+1","Slimebound:Defend_Slimebound+1","Slimebound:Defend_Slimebound+1","Slimebound:Split+1","Slimebound:SplitMire","Slimebound:Darklings+1","Slimebound:Prepare+1","Slimebound:LeechEnergy+1","Slimebound:LevelUp+1","Slimebound:MinionMaster+1","Slimebound:SlimeBarrage+1","Slimebound:MegaLick+1","Specialist+1","Slimebound:SplitAcid","Slimebound:GoopSpray+1","Slimebound:LeadByExample","Slimebound:TagTeam+1","Slimebound:HauntingLick+1","Slimebound:SamplingLick+1","Slimebound:HauntingLick+1","Slimebound:HauntingLick+1","Slimebound:HauntingLick+1","Slimebound:SamplingLick+1"],"relics":["Slimebound:AbsorbEndCombat","Incense Burner","Membership Card","Coffee Dripper","downfall:RedIOU","Quantum Egg","SlaversCollar","Replay:Baseball","Lizard Tail","Orrery","ClockworkSouvenir","Durian","Anchor","Centennial Puzzle"],"acts_visited":["Exordium","TheCity","TheBeyond"],"potions_floor_usage":[],"damage_taken":[{"damage":3.0,"enemies":"Small Slimes","floor":2.0,"turns":4.0},{"damage":1.0,"enemies":"Jaw Worm","floor":3.0,"turns":5.0},{"damage":2.0,"enemies":"2 Louse","floor":5.0,"turns":2.0},{"damage":8.0,"enemies":"Gremlin Gang","floor":11.0,"turns":5.0},{"damage":5.0,"enemies":"downfall:FleeingMerchant","floor":12.0,"turns":4.0},{"damage":0.0,"enemies":"Blue Slaver","floor":14.0,"turns":4.0},{"damage":11.0,"enemies":"Lots of Slimes","floor":15.0,"turns":4.0},{"damage":56.0,"enemies":"DF_ARCHETYPE_STREAMLINE","floor":16.0,"turns":12.0},{"damage":14.0,"enemies":"Shell Parasite","floor":19.0,"turns":5.0},{"damage":0.0,"enemies":"downfall:FleeingMerchant","floor":20.0,"turns":4.0},{"damage":3.0,"enemies":"Spheric Guardian","floor":21.0,"turns":4.0},{"damage":21.0,"enemies":"Snake Plant","floor":27.0,"turns":2.0},{"damage":0.0,"enemies":"Snecko","floor":29.0,"turns":4.0},{"damage":4.0,"enemies":"Centurion and Healer","floor":30.0,"turns":5.0},{"damage":9.0,"enemies":"downfall:FleeingMerchant","floor":31.0,"turns":4.0},{"damage":2.0,"enemies":"Cultist and Chosen","floor":32.0,"turns":4.0},{"damage":21.0,"enemies":"IC_MUSHROOM_ARCHETYPE","floor":33.0,"turns":7.0},{"damage":8.0,"enemies":"3 Shapes","floor":36.0,"turns":4.0},{"damage":10.0,"enemies":"Orb Walker","floor":37.0,"turns":4.0},{"damage":0.0,"enemies":"downfall:FleeingMerchant","floor":38.0,"turns":4.0},{"damage":0.0,"enemies":"3 Darklings","floor":40.0,"turns":4.0},{"damage":0.0,"enemies":"Maw","floor":42.0,"turns":4.0},{"damage":0.0,"enemies":"4 Shapes","floor":43.0,"turns":5.0},{"damage":25.0,"enemies":"3 Darklings","floor":44.0,"turns":3.0},{"damage":0.0,"enemies":"Jaw Worm Horde","floor":48.0,"turns":2.0},{"damage":0,"enemies":"Transient","floor":49,"turns":5},{"damage":0,"enemies":"SI_POISON_ARCHETYPE","floor":50,"turns":5}],"seed_played":"-4438549794842266845","potions_obtained":[{"floor":3.0,"key":"Fruit Juice"},{"floor":5.0,"key":"Milkshake"},{"floor":16.0,"key":"BlessingOfTheForge"},{"floor":21.0,"key":"Strength Potion"},{"floor":33.0,"key":"Fire Potion"},{"floor":43.0,"key":"Weak Potion"}],"is_trial":false,"path_per_floor":["R_BF","M","M","?","M","R","T","?","?","R","M","$","R","M","M","B",null,"R","M","$","M","?","?","T","R","?","M","R","M","M","$","M","B",null,"R","M","M","$","?","M","T","M","M","M","?","T","R","M","M","B",null],"character_chosen":"SLIMEBOUND","items_purchased":["Membership Card","Specialist","Replay:Bottled Eggs","Slimebound:LeadByExample","Replay:Baseball","Lizard Tail","Orrery","ClockworkSouvenir","Durian"],"campfire_rested":0,"item_purchase_floors":[12,20,20,31,38,38,38,38,38],"current_hp_per_floor":[71,70,76,76,76,76,76,81,81,81,79,78,78,81,72,24,81,81,69,73,74,74,74,74,74,74,57,57,59,59,58,60,47,81,81,77,69,78,78,86,86,86,86,65,65,65,65,69,75,83],"gold":308,"neow_bonus":"TEN_PERCENT_HP_BONUS","is_daily":false,"chose_seed":false,"campfire_upgraded":8,"win_rate":0.0,"timestamp":1613339156,"path_taken":["R_BF","M","M","?","M","R","T","?","?","R","M","$","R","M","M","BOSS","R","M","$","M","?","?","T","R","?","M","R","M","?","$","M","BOSS","R","M","M","$","?","?","T","M","M","M","?","?","R","?","M","BOSS"],"items_purchased_type":["Relic","Card","Relic","Card","Relic","Relic","Relic","Relic","Relic"],"build_version":"2020-12-22","purchased_purges":4,"victory":true,"max_hp_per_floor":[71,71,76,76,76,76,76,81,81,81,81,81,81,81,81,81,81,81,81,81,81,81,81,81,81,81,81,81,81,81,81,81,81,81,81,81,81,86,86,86,86,86,86,86,86,86,86,86,86,86],"relic_stats":{"Lizard Tail":0,"Centennial Puzzle":[0],"counters":[27,114],"obtain_stats":[{"Quantum Egg":24,"Incense Burner":7,"ClockworkSouvenir":38,"SlaversCollar":34,"Replay:Baseball":38,"Lizard Tail":38,"Anchor":41,"Centennial Puzzle":46,"Orrery":38,"downfall:RedIOU":22,"Slimebound:AbsorbEndCombat":0,"Coffee Dripper":17,"Durian":38,"Membership Card":12,"Replay:Bottled Eggs":20},{"Quantum Egg":11,"Incense Burner":3,"ClockworkSouvenir":20,"SlaversCollar":17,"Replay:Baseball":20,"Lizard Tail":20,"Anchor":21,"Centennial Puzzle":24,"Orrery":20,"downfall:RedIOU":11,"Slimebound:AbsorbEndCombat":0,"Coffee Dripper":8,"Durian":20,"Membership Card":5,"Replay:Bottled Eggs":10},{"Quantum Egg":53,"Incense Burner":11,"ClockworkSouvenir":87,"SlaversCollar":77,"Replay:Baseball":87,"Lizard Tail":87,"Anchor":91,"Centennial Puzzle":102,"Orrery":87,"downfall:RedIOU":53,"Slimebound:AbsorbEndCombat":0,"Coffee Dripper":40,"Durian":87,"Membership Card":20,"Replay:Bottled Eggs":49}]},"card_choices":[{"not_picked":["Slimebound:SplitBruiser","Slimebound:Schlurp"],"picked":"Slimebound:SplitMire","floor":2.0},{"not_picked":["Slimebound:SlimeSpikes","Slimebound:SplitBruiser","Slimebound:GoopSpray"],"picked":"SKIP","floor":3.0},{"not_picked":["Slimebound:PressTheAttack","Slimebound:Replication"],"picked":"Slimebound:Darklings","floor":5.0},{"not_picked":["Slimebound:SplitMire","Slimebound:Recollect"],"picked":"Slimebound:Prepare","floor":11.0},{"not_picked":["Slimebound:PressTheAttack","Slimebound:RejuvenatingLick"],"picked":"Slimebound:LeechEnergy","floor":12.0},{"not_picked":["Slimebound:RainOfGoop","Slimebound:Grow","Slimebound:ComboTackle"],"picked":"SKIP","floor":14.0},{"not_picked":["Slimebound:SplitBruiser","Slimebound:LivingWall"],"picked":"Slimebound:LevelUp","floor":15.0},{"not_picked":["Slimebound:TagTeam","Slimebound:RallyTheTroops"],"picked":"Slimebound:MinionMaster","floor":16.0},{"not_picked":["Slimebound:Grow+1","Slimebound:LevelUp"],"picked":"Slimebound:SlimeBarrage+1","floor":19.0},{"not_picked":["Slimebound:HauntingLick","Slimebound:GoopSpray"],"picked":"Slimebound:MegaLick+1","floor":20.0},{"not_picked":["Slimebound:TongueLash","Slimebound:Schlurp","Slimebound:PressTheAttack"],"picked":"SKIP","floor":21.0},{"not_picked":["Slimebound:AcidTongue","Slimebound:SpikyOuterGoop+1"],"picked":"Slimebound:SplitAcid","floor":27.0},{"not_picked":["Slimebound:SplitBruiser","Slimebound:FinishingTackle+1"],"picked":"Slimebound:GoopSpray+1","floor":29.0},{"not_picked":["Slimebound:RollThrough","Slimebound:FinishingTackle","Slimebound:SplitAcid"],"picked":"SKIP","floor":30.0},{"not_picked":["Slimebound:SplitSpecialist","Slimebound:ItLooksTasty","Slimebound:SlimeBarrage"],"picked":"SKIP","floor":31.0},{"not_picked":["Slimebound:Replication+1","Slimebound:GoopTackle","Slimebound:DuplicatedForm"],"picked":"SKIP","floor":32.0},{"not_picked":["Slimebound:MassFeed","Slimebound:SlimeSlap"],"picked":"Slimebound:TagTeam","floor":33.0},{"not_picked":["Slimebound:LivingWall","Slimebound:ItLooksTasty"],"picked":"Slimebound:HauntingLick+1","floor":36.0},{"not_picked":["Slimebound:ForwardTackle","Slimebound:PressTheAttack+1"],"picked":"Slimebound:SamplingLick+1","floor":37.0},{"not_picked":["Slimebound:RollThrough+1","Slimebound:SlimeTap+1","Slimebound:LivingWall+1"],"picked":"SKIP","floor":38.0},{"not_picked":["Slimebound:DouseInSlime","Slimebound:LivingWall+1"],"picked":"Slimebound:HauntingLick+1","floor":38.0},{"not_picked":["Slimebound:ComboTackle","Slimebound:BestDefense+1"],"picked":"Slimebound:HauntingLick+1","floor":38.0},{"not_picked":["Slimebound:ProtectTheBoss","Slimebound:ComboTackle+1","Slimebound:ItLooksTasty"],"picked":"SKIP","floor":40.0},{"not_picked":["Slimebound:PrepareCrush","Slimebound:SpikyOuterGoop+1","Slimebound:Replication"],"picked":"SKIP","floor":42.0},{"not_picked":["Slimebound:LivingWall+1","Slimebound:RollThrough+1"],"picked":"Slimebound:HauntingLick+1","floor":43.0},{"not_picked":["Slimebound:Nibble","Slimebound:FinishingTackle+1","Slimebound:ItLooksTasty+1"],"picked":"SKIP","floor":44.0},{"not_picked":["Slimebound:LeechEnergy","Slimebound:HauntingLick"],"picked":"Slimebound:SamplingLick+1","floor":48.0},{"not_picked":["Slimebound:DivideAndConquer+1","Slimebound:SlimeBrawl+1","Slimebound:Dissolve+1"],"picked":"SKIP","floor":49}],"player_experience":375296,"relics_obtained":[{"floor":7.0,"key":"Incense Burner"},{"floor":24.0,"key":"Quantum Egg"},{"floor":41.0,"key":"Anchor"},{"floor":46.0,"key":"Centennial Puzzle"}],"event_choices":[{"damage_healed":0.0,"max_hp_gain":5.0,"max_hp_loss":0.0,"gold_gain":0.0,"event_name":"Big Fish","player_choice":"Donut","floor":8.0,"gold_loss":0.0,"damage_taken":0.0},{"damage_healed":0.0,"max_hp_gain":0.0,"max_hp_loss":0.0,"gold_gain":0.0,"event_name":"Mysterious Sphere","player_choice":"Ignored","floor":45.0,"gold_loss":0.0,"damage_taken":0.0}],"is_beta":false,"boss_relics":[{"not_picked":["Runic Dome","Velvet Choker"],"picked":"Coffee Dripper"},{"not_picked":["Black Star","Sozu"],"picked":"SlaversCollar"}],"items_purged_floors":[12,31,31,38],"is_endless":false,"potions_floor_spawned":[3,5,14,16,21,30,33,36,40,43],"ascension_level":0}}