{"host":"pj7egx7jkoz18hom","time":1613305270,"event":{"mods":["AchievementEnabler","BaseMod","Keyboard Shortcuts","Minty Spire (QoL Compilation)","SuperFastMode"],"gold_per_floor":[118,118,43,53,63,97,97,129,129,47,147,158,168,13,13,117,117,133,133,153,153,172,199,211,227,227,127,137,162,162,192,192,294,294,309,269,282,50,69,97,97,113,138,138,238,238,255,0,0,0,0],"floor_reached":50,"language":"KOR","playtime":5318,"items_purged":["Pain","Normality"],"score":649,"play_id":"e3b8985d-f06c-46e7-a2d5-c888a0225583","local_time":"20210214212110","is_ascension_mode":true,"campfire_choices":[{"floor":7,"key":"REST"},{"floor":15,"key":"REST"},{"floor":32,"key":"REST"},{"floor":41,"key":"REST"},{"floor":44,"key":"REST"},{"floor":49,"key":"REST"}],"circlet_count":0,"master_deck":["Defend_B+1","Defend_B+1","Defend_B+1","Zap","Dualcast","Seek","Coolheaded","Redo","Storm","Static Discharge","Storm","Electrodynamics","Capacitor+1","Bite","Bite","Bite","Bite+1","Bite","Coolheaded+1","Beam Cell+1","Consume+1","Darkness+1","Auto Shields+1","Capacitor","Parasite","Skim+1","Writhe","Deep Breath+1"],"relics":["Cracked Core","WarpedTongs","Toy Ornithopter","Toxic Egg 2","Mummified Hand","Runic Capacitor","Cursed Key","InkBottle","Matryoshka","Juzu Bracelet","Potion Belt","Empty Cage","Anchor","Bottled Lightning","White Beast Statue","Oddly Smooth Stone","Red Mask"],"acts_visited":["Exordium","TheCity","TheBeyond"],"potions_floor_usage":[6,16,16,16,16,23,28,29,29,33,42,50],"damage_taken":[{"damage":3.0,"enemies":"2 Louse","floor":1.0,"turns":2.0},{"damage":0,"enemies":"Cultist","floor":4,"turns":4},{"damage":8,"enemies":"Small Slimes","floor":5,"turns":3},{"damage":30,"enemies":"Gremlin Nob","floor":6,"turns":5},{"damage":28,"enemies":"3 Sentries","floor":8,"turns":7},{"damage":4,"enemies":"Red Slaver","floor":12,"turns":3},{"damage":5,"enemies":"Blue Slaver","floor":13,"turns":3},{"damage":9,"enemies":"Hexaghost","floor":16,"turns":8},{"damage":25,"enemies":"2 Thieves","floor":18,"turns":3},{"damage":8,"enemies":"Chosen","floor":20,"turns":4},{"damage":22,"enemies":"Centurion and Healer","floor":22,"turns":3},{"damage":0,"enemies":"Gremlin Leader","floor":23,"turns":5},{"damage":20,"enemies":"Snake Plant","floor":24,"turns":4},{"damage":2,"enemies":"3 Cultists","floor":25,"turns":3},{"damage":11,"enemies":"Snecko","floor":28,"turns":3},{"damage":33,"enemies":"Book of Stabbing","floor":29,"turns":4},{"damage":13,"enemies":"Gremlin Leader","floor":31,"turns":3},{"damage":44,"enemies":"Collector","floor":33,"turns":7},{"damage":5,"enemies":"3 Darklings","floor":35,"turns":3},{"damage":6,"enemies":"3 Shapes","floor":37,"turns":2},{"damage":40,"enemies":"Writhing Mass","floor":39,"turns":4},{"damage":24,"enemies":"Giant Head","floor":40,"turns":8},{"damage":14,"enemies":"Spire Growth","floor":42,"turns":4},{"damage":13,"enemies":"3 Darklings","floor":47,"turns":2},{"damage":55,"enemies":"Time Eater","floor":50,"turns":5}],"seed_played":"-3818015108060340639","potions_obtained":[{"floor":4,"key":"Weak Potion"},{"floor":8,"key":"EntropicBrew"},{"floor":12,"key":"Strength Potion"},{"floor":16,"key":"FearPotion"},{"floor":24,"key":"Strength Potion"},{"floor":29,"key":"FocusPotion"},{"floor":40,"key":"Fire Potion"},{"floor":47,"key":"Dexterity Potion"}],"is_trial":false,"path_per_floor":["M","?","$","M","M","E","R","E","T","$","?","M","M","$","R","B",null,"M","?","M","?","M","E","M","M","T","$","M","E","?","E","R","B",null,"M","?","M","$","M","E","R","M","T","R","?","?","M","?","R","B"],"character_chosen":"DEFECT","items_purchased":["Storm","FocusPotion","Runic Capacitor","Capacitor","Anchor"],"campfire_rested":6,"item_purchase_floors":[10,10,14,38,38],"current_hp_per_floor":[72,72,72,72,64,34,56,28,28,28,28,24,19,19,41,52,75,50,50,52,52,36,52,41,48,48,48,41,27,27,22,37,9,52,52,52,46,46,18,5,20,22,22,37,37,37,27,27,42,0,0],"gold":0,"neow_bonus":"ONE_RANDOM_RARE_CARD","is_daily":false,"chose_seed":false,"campfire_upgraded":0,"win_rate":0.0,"timestamp":1613305270,"path_taken":["M","?","$","M","M","E","R","E","T","?","?","M","?","$","R","BOSS","M","?","M","?","M","E","M","M","T","?","M","E","?","E","R","BOSS","M","?","M","$","M","E","R","M","T","R","?","?","M","?","R","BOSS"],"items_purchased_type":["Card","Potion","Relic","Card","Relic"],"build_version":"2020-12-22","purchased_purges":2,"victory":false,"max_hp_per_floor":[75,75,75,75,75,75,75,75,75,75,75,75,75,75,75,75,75,75,52,52,52,52,52,52,52,52,52,52,52,52,52,52,52,52,52,52,52,52,52,52,52,52,52,52,52,52,52,52,52,52,52],"card_choices":[{"not_picked":["Redo","Cold Snap"],"picked":"Coolheaded","floor":1.0},{"not_picked":["Gash","Doom and Gloom","Steam Power"],"picked":"SKIP","floor":4},{"not_picked":["Force Field","Turbo","Tempest"],"picked":"SKIP","floor":5},{"not_picked":["Rainbow","Compile Driver"],"picked":"Redo","floor":6},{"not_picked":["Sweeping Beam","Barrage"],"picked":"Cold Snap","floor":8},{"not_picked":["Melter","Streamline"],"picked":"Static Discharge","floor":12},{"not_picked":["Glacier+1","Compile Driver"],"picked":"Storm","floor":13},{"not_picked":["Hyperbeam","Echo Form"],"picked":"Electrodynamics","floor":16},{"not_picked":["Skim+1","Beam Cell"],"picked":"Capacitor","floor":18},{"not_picked":["Reinforced Body+1","Streamline"],"picked":"Coolheaded+1","floor":20},{"not_picked":["Recycle+1","Stack+1","Tempest+1"],"picked":"SKIP","floor":22},{"not_picked":["Rebound","Cold Snap+1"],"picked":"Beam Cell+1","floor":23},{"not_picked":["Hello World","Undo+1"],"picked":"Consume+1","floor":24},{"not_picked":["Gash","Redo+1"],"picked":"Darkness+1","floor":25},{"not_picked":["Cold Snap+1","Double Energy+1","Gash"],"picked":"SKIP","floor":28},{"not_picked":["Redo+1","Sweeping Beam"],"picked":"Auto Shields+1","floor":29},{"not_picked":["Undo+1","Barrage","Compile Driver+1"],"picked":"SKIP","floor":31},{"not_picked":["Steam+1","Sweeping Beam","Gash"],"picked":"SKIP","floor":35},{"not_picked":["Steam Power+1","Steam+1","Sweeping Beam+1"],"picked":"SKIP","floor":37},{"not_picked":["Doom and Gloom+1","Blizzard+1"],"picked":"Skim+1","floor":39},{"not_picked":["Steam+1","Scrape","Melter"],"picked":"SKIP","floor":40},{"not_picked":["Go for the Eyes+1","Beam Cell","Recycle+1"],"picked":"SKIP","floor":42},{"not_picked":["HandOfGreed","Metamorphosis+1"],"picked":"Deep Breath+1","floor":46},{"not_picked":["Ball Lightning+1","Sweeping Beam","Gash"],"picked":"SKIP","floor":47}],"player_experience":57401,"relics_obtained":[{"floor":6,"key":"Toy Ornithopter"},{"floor":8,"key":"Toxic Egg 2"},{"floor":9,"key":"Mummified Hand"},{"floor":23,"key":"InkBottle"},{"floor":26,"key":"Matryoshka"},{"floor":29,"key":"Juzu Bracelet"},{"floor":31,"key":"Potion Belt"},{"floor":40,"key":"Bottled Lightning"},{"floor":43,"key":"White Beast Statue"},{"floor":43,"key":"Oddly Smooth Stone"}],"event_choices":[{"damage_healed":0.0,"max_hp_gain":0.0,"max_hp_loss":0.0,"gold_gain":0.0,"event_name":"Accursed Blacksmith","player_choice":"Rummage","floor":2.0,"gold_loss":0.0,"damage_taken":0.0,"relics_obtained":["WarpedTongs"],"cards_obtained":["Pain"]},{"damage_healed":0,"gold_gain":100,"player_choice":"Pray","damage_taken":0,"max_hp_gain":0,"max_hp_loss":0,"event_name":"Golden Shrine","floor":11,"gold_loss":0},{"damage_healed":0,"gold_gain":0,"player_choice":"Became a vampire","damage_taken":0,"max_hp_gain":0,"max_hp_loss":23,"event_name":"Vampires","floor":19,"gold_loss":0,"cards_obtained":["Bite","Bite","Bite","Bite","Bite"]},{"damage_healed":0,"gold_gain":0,"player_choice":"Simplicity","damage_taken":0,"max_hp_gain":0,"max_hp_loss":0,"event_name":"Back to Basics","floor":21,"gold_loss":0,"cards_upgraded":["Defend_B","Defend_B","Defend_B","Defend_B"]},{"damage_healed":0,"gold_gain":0,"player_choice":"Ignored","damage_taken":0,"max_hp_gain":0,"max_hp_loss":0,"event_name":"Ghosts","floor":30,"gold_loss":0},{"damage_healed":0,"gold_gain":0,"player_choice":"Upgraded Two","damage_taken":0,"max_hp_gain":0,"max_hp_loss":0,"event_name":"Designer","floor":36,"gold_loss":40,"cards_upgraded":["Bite","Capacitor"]},{"damage_healed":0,"gold_gain":100,"player_choice":"Pray","damage_taken":0,"max_hp_gain":0,"max_hp_loss":0,"event_name":"Golden Shrine","floor":45,"gold_loss":0},{"damage_healed":0,"gold_gain":0,"player_choice":"Memory 1","damage_taken":0,"max_hp_gain":0,"max_hp_loss":0,"event_name":"SensoryStone","floor":46,"gold_loss":0},{"damage_healed":0,"gold_gain":0,"player_choice":"Paid","damage_taken":0,"relics_obtained":["Red Mask"],"max_hp_gain":0,"max_hp_loss":0,"event_name":"Tomb of Lord Red Mask","floor":48,"gold_loss":255}],"is_beta":false,"boss_relics":[{"not_picked":["Tiny House","Runic Dome"],"picked":"Cursed Key"},{"not_picked":["Philosopher\u0027s Stone","Fusion Hammer"],"picked":"Empty Cage"}],"items_purged_floors":[3,27],"is_endless":false,"potions_floor_spawned":[4,8,12,16,18,22,24,29,40,47],"killed_by":"Time Eater","ascension_level":2}}