{"host":"i4d8tgqbnmcnjm0a","time":1613337275,"event":{"mods":["BaseMod","Keyboard Shortcuts","Minty Spire (QoL Compilation)"],"gold_per_floor":[114,84,103,68,68,103,103,113,139,15,45,61,92,109,109,213,213,224,224,224],"floor_reached":19,"language":"ENG","playtime":1663,"items_purged":[],"score":301,"play_id":"18e24893-5d24-40fc-93b0-5cb29fd594c0","local_time":"20210214161435","is_ascension_mode":true,"campfire_choices":[{"floor":7,"key":"REST"},{"floor":15,"key":"REST"}],"circlet_count":0,"master_deck":["Strike_G","Strike_G","Strike_G","Strike_G","Defend_G","Defend_G","Defend_G","Defend_G","Defend_G","Survivor","Neutralize","Endless Agony","Quick Slash","Footwork","Blur","Escape Plan","Terror","Bouncing Flask","Predator","Tools of the Trade","CurseOfTheBell"],"relics":["Black Star","Happy Flower","Blood Vial","Lantern","Singing Bowl","Juzu Bracelet","Eternal Feather","Darkstone Periapt","Calling Bell","Potion Belt","Pear","Dead Branch"],"acts_visited":["Exordium","TheCity"],"potions_floor_usage":[2,6,11,11,13,13,16,16],"damage_taken":[{"damage":5,"enemies":"Small Slimes","floor":1,"turns":5},{"damage":1,"enemies":"Cultist","floor":3,"turns":3},{"damage":14,"enemies":"3 Sentries","floor":6,"turns":7},{"damage":0,"enemies":"Jaw Worm","floor":8,"turns":3},{"damage":37,"enemies":"Gremlin Nob","floor":11,"turns":6},{"damage":11,"enemies":"Large Slime","floor":12,"turns":12},{"damage":0,"enemies":"Lagavulin","floor":13,"turns":8},{"damage":11,"enemies":"Blue Slaver","floor":14,"turns":4},{"damage":30,"enemies":"The Guardian","floor":16,"turns":14},{"damage":2,"enemies":"2 Thieves","floor":18,"turns":4},{"damage":62,"enemies":"3 Byrds","floor":19,"turns":7}],"seed_played":"-8587085962203630338","potions_obtained":[{"floor":1,"key":"FearPotion"},{"floor":2,"key":"Fruit Juice"},{"floor":2,"key":"AttackPotion"},{"floor":8,"key":"Dexterity Potion"},{"floor":12,"key":"LiquidMemories"},{"floor":13,"key":"Weak Potion"},{"floor":14,"key":"SpeedPotion"}],"is_trial":false,"path_per_floor":["M","?","M","?","?","E","R","M","T","$","E","M","E","M","R","B",null,"M","M"],"character_chosen":"THE_SILENT","items_purchased":["Blur","BlessingOfTheForge"],"campfire_rested":2,"item_purchase_floors":[10,10],"current_hp_per_floor":[58,63,62,75,75,61,75,75,75,75,38,29,31,22,53,25,79,81,21,21],"gold":224,"neow_bonus":"BOSS_RELIC","is_daily":false,"chose_seed":false,"campfire_upgraded":0,"win_rate":0.0,"timestamp":1613337275,"path_taken":["M","?","?","?","?","E","R","M","T","$","E","M","E","M","R","BOSS","M","M"],"items_purchased_type":["Card","Potion"],"build_version":"2020-12-22","purchased_purges":0,"victory":false,"max_hp_per_floor":[70,75,75,75,75,75,75,75,75,75,75,75,75,75,75,75,91,93,93,93],"card_choices":[{"not_picked":["Slice","Calculated Gamble"],"picked":"Endless Agony","floor":1},{"not_picked":["Slice","Sucker Punch","Deflect"],"picked":"SKIP","floor":3},{"not_picked":["Cloak And Dagger","Distraction"],"picked":"Quick Slash","floor":6},{"not_picked":["Masterful Stab","Slice"],"picked":"Footwork","floor":8},{"not_picked":["Prepared","Poisoned Stab"],"picked":"Escape Plan","floor":11},{"not_picked":["Heel Hook","Cloak And Dagger"],"picked":"Terror","floor":12},{"not_picked":["Heel Hook","Blade Dance"],"picked":"Bouncing Flask","floor":13},{"not_picked":["Prepared","Calculated Gamble"],"picked":"Predator","floor":14},{"not_picked":["Envenom","Doppelganger"],"picked":"Tools of the Trade","floor":16},{"not_picked":["Outmaneuver","Deflect","Dagger Spray"],"picked":"Singing Bowl","floor":18}],"player_experience":354718,"relics_obtained":[{"floor":6,"key":"Happy Flower"},{"floor":6,"key":"Blood Vial"},{"floor":9,"key":"Lantern"},{"floor":11,"key":"Singing Bowl"},{"floor":11,"key":"Juzu Bracelet"},{"floor":13,"key":"Eternal Feather"},{"floor":13,"key":"Darkstone Periapt"},{"floor":17,"key":"Potion Belt"},{"floor":17,"key":"Pear"},{"floor":17,"key":"Dead Branch"}],"event_choices":[{"damage_healed":0,"gold_gain":0,"player_choice":"Bought 2 Potions","damage_taken":0,"max_hp_gain":0,"max_hp_loss":0,"event_name":"The Woman in Blue","floor":2,"gold_loss":0},{"damage_healed":18,"gold_gain":0,"player_choice":"Healed","damage_taken":0,"max_hp_gain":0,"max_hp_loss":0,"event_name":"The Cleric","floor":4,"gold_loss":35},{"cards_removed":["Strike_G"],"damage_healed":0,"gold_gain":0,"player_choice":"Forget","damage_taken":0,"max_hp_gain":0,"max_hp_loss":0,"event_name":"Living Wall","floor":5,"gold_loss":0}],"is_beta":false,"boss_relics":[{"not_picked":["Pandora\u0027s Box","Velvet Choker"],"picked":"Calling Bell"}],"items_purged_floors":[],"is_endless":false,"potions_floor_spawned":[1,8,12,13,14],"killed_by":"3 Byrds","ascension_level":6}}