{"host":"an6uhul3yec8m0jh","time":1613313727,"event":{"mods":["ATMod(阿瑾Mod)","Act Like it!","BaseMod","Colored Map","Colored Powertips","Gensokyo","Highlight Path","Minty Spire (QoL Compilation)","MostiFishMod","Pale of the Ancients","Quick Restart","StSLib","TestMod","UnlockEverythingMod","Waifu the Spire","noobMod","【遗物卡牌】REMEMod"],"gold_per_floor":[115,133,133,15,35,35,45,72,72,88,100,100,112,139,139,217,217,227,227,107,432,92,118,118,144,144,163,36,392,101,116,116,196,196,213,230,630,631,631,631,667,667,714,749,749,777,804,817,817,826,826,856,879,879,310,310,342,342,88,88,106],"floor_reached":62,"language":"ZHS","playtime":3191,"items_purged":["Defend_P","Defend_P","Defend_P","Defend_P"],"score":3578,"play_id":"36e55a71-9fc8-40da-96e3-fde49a966302","local_time":"20210214224207","is_ascension_mode":true,"campfire_choices":[{"data":"Eruption","floor":6.0,"key":"SMITH"},{"data":"AT_IchimonjiDouble","floor":12.0,"key":"SMITH"},{"data":"MostiFishMod:StarOceanP","floor":15.0,"key":"SMITH"},{"data":"Ragnarok","floor":24.0,"key":"SMITH"},{"data":"Skim","floor":32.0,"key":"SMITH"},{"data":"AT_MachinaRedman","floor":40.0,"key":"SMITH"},{"data":"AT_IrregularMenstruation","floor":42.0,"key":"SMITH"},{"floor":49.0,"key":"RECALL"},{"data":"TalkToTheHand","floor":56,"key":"SMITH"},{"data":"Scrawl","floor":58,"key":"SMITH"}],"circlet_count":0,"master_deck":["AscendersBane","Strike_P","Strike_P","Strike_P","Eruption+1","Vigilance","AT_IchimonjiDouble+1","After Image","MostiFishMod:StarOceanP+1","CutThroughFate","FlurryOfBlows","Clumsy","WheelKick","InnerPeace","Tantrum","MostiFishMod:Unraveling","BowlingBash","Ragnarok+1","Gensokyo:FourOfAKind","Gensokyo:FourOfAKind","Gensokyo:FourOfAKind","Gensokyo:FourOfAKind","Gensokyo:SpontaneousHumanCombustion","Crescendo","Skim+1","AT_IrregularMenstruation+1","Wallop+1","MentalFortress","Indignation","Scrawl+1","AT_MachinaRedman+1","Gensokyo:UnhurriedMind+1","Gensokyo:GreaterSplit","Doubt","TalkToTheHand+1","Omniscience","MostiFishMod:PathToVictory","Adaptation","MostiFishMod:#F4004"],"relics":["PureWater","ice","testmod-TestBox","REME_ComplimentaryCards","SacredBark","testmod-Brilliant","SynthV:TestCard","Gensokyo:NagashiBinaDoll","The Courier","testmod-HeartOfDaVinci","Transparent","Gensokyo:FoxMask","AT_RedNoBalance","testmod-Acrobat","Symbiotic Virus","Blood Vial","Anchor","ImprovedEquipment","testmod-IncinerationGenerator","testmod-Justice","Pantograph","SynthV:C4","Incense Burner","paleoftheancients:Timepiece","paleoftheancients:KeyRelic","Oddly Smooth Stone","Gremlin Horn","paleoftheancients:SoulOfTheWatcher","DaveBox","TakeMeEscape","REME_CardOfGreed","Shuriken","Red Skull","Bag of Preparation"],"acts_visited":["Gensokyo:Gensokyo","Gensokyo:Gensokyoer","Gensokyo:Gensokyoest","paleoftheancients:PaleOfTheAncients"],"potions_floor_usage":[52],"damage_taken":[{"damage":0.0,"enemies":"Gensokyo:Python","floor":1.0,"turns":2.0},{"damage":0.0,"enemies":"Gensokyo:2_Kodama","floor":2.0,"turns":1.0},{"damage":3.0,"enemies":"Gensokyo:Gryphon","floor":5.0,"turns":3.0},{"damage":0.0,"enemies":"Gensokyo:5_Fairies","floor":7.0,"turns":2.0},{"damage":19.0,"enemies":"Gensokyo:Aya","floor":8.0,"turns":6.0},{"damage":0.0,"enemies":"Gensokyo:Python_and_Kodama","floor":10.0,"turns":2.0},{"damage":3.0,"enemies":"Gensokyo:Kitsune","floor":11.0,"turns":2.0},{"damage":4.0,"enemies":"Gensokyo:VengefulSpirit","floor":13.0,"turns":3.0},{"damage":0.0,"enemies":"Gensokyo:Cirno","floor":14.0,"turns":4.0},{"damage":15.0,"enemies":"Gensokyo:Yukari","floor":16.0,"turns":4.0},{"damage":26.0,"enemies":"Gensokyo:Chomper","floor":18.0,"turns":2.0},{"damage":18.0,"enemies":"Gensokyo:Koishi","floor":23.0,"turns":2.0},{"damage":40.0,"enemies":"Gensokyo:Tenshi","floor":25.0,"turns":2.0},{"damage":18.0,"enemies":"Gensokyo:2_Gloops","floor":27.0,"turns":2.0},{"damage":18.0,"enemies":"Gensokyo:Koishi","floor":29.0,"turns":2.0},{"damage":9.0,"enemies":"Gensokyo:Swordslinger","floor":31.0,"turns":1.0},{"damage":18.0,"enemies":"Gensokyo:Eiki","floor":33.0,"turns":2.0},{"damage":18.0,"enemies":"Gensokyo:AncientGuardian","floor":35.0,"turns":2.0},{"damage":9.0,"enemies":"Gensokyo:3_Bats","floor":36.0,"turns":1.0},{"damage":12.0,"enemies":"Gensokyo:3_Bats","floor":38.0,"turns":1.0},{"damage":31.0,"enemies":"Gensokyo:Marisa","floor":41.0,"turns":2.0},{"damage":18.0,"enemies":"Gensokyo:Doremy","floor":44.0,"turns":2.0},{"damage":18.0,"enemies":"Gensokyo:Kasen","floor":46.0,"turns":2.0},{"damage":19.0,"enemies":"Gensokyo:Rafflesia","floor":47.0,"turns":2.0},{"damage":9.0,"enemies":"Gensokyo:4_Bats","floor":48.0,"turns":1.0},{"damage":27,"enemies":"Gensokyo:Shinki","floor":50,"turns":3},{"damage":9,"enemies":"Gensokyo:Yuyuko","floor":51,"turns":1},{"damage":18,"enemies":"Gensokyo:Yuyuko","floor":52,"turns":2},{"damage":18,"enemies":"Gensokyo:Yuyuko","floor":53,"turns":2},{"damage":9,"enemies":"Gensokyo:Yuyuko","floor":57,"turns":1},{"damage":27,"enemies":"paleoftheancients:N","floor":61,"turns":3}],"seed_played":"-8523066535725870615","potions_obtained":[{"floor":2.0,"key":"SkillPotion"},{"floor":8.0,"key":"Ancient Potion"},{"floor":10.0,"key":"FearPotion"},{"floor":27.0,"key":"ColorlessPotion"},{"floor":33.0,"key":"BottledMiracle"},{"floor":36.0,"key":"Ambrosia"},{"floor":44.0,"key":"Swift Potion"},{"floor":46.0,"key":"Energy Potion"},{"floor":53,"key":"Block Potion"}],"is_trial":false,"path_per_floor":["M","M","?","$","M","R","M","E","T","M","M","R","M","E","R","B",null,"M","?","?","?","COS","E","R","E","T","M","$","E","$","M","R","B",null,"M","M","?","?","?","R","E","R","T","E","?","E","M","M","R","B","B","M","M","?","$","R","M","R","$","?","B",null],"character_chosen":"WATCHER","items_purchased":["WheelKick","InnerPeace","MentalFortress","ImprovedEquipment","REME_CardOfGreed","Shuriken","Red Skull","Bag of Preparation"],"campfire_rested":0,"item_purchase_floors":[4,4,28,30,55,55,55,59],"current_hp_per_floor":[61,61,61,61,58,58,58,39,39,39,36,36,32,32,32,17,55,68,45,45,45,45,45,45,46,46,32,32,32,32,46,46,46,46,46,46,46,46,46,46,42,42,42,46,37,46,46,46,46,46,46,46,46,46,46,46,46,46,46,46,46],"gold":106,"neow_bonus":"ONE_RANDOM_RARE_CARD","is_daily":false,"chose_seed":false,"campfire_upgraded":9,"win_rate":0.0,"timestamp":1613313727,"path_taken":["M","M","?","$","M","R","M","E","T","M","?","R","M","E","R","BOSS","M","?","?","?","COS","E","R","E","T","?","?","E","$","M","R","BOSS","M","M","?","?","?","R","E","R","T","E","?","E","M","?","R","BOSS","BOSS","M","M","?","$","R","M","R","$","?","BOSS"],"items_purchased_type":["Card","Card","Card","Relic","Relic","Relic","Relic","Relic"],"build_version":"2020-12-22","purchased_purges":4,"victory":true,"max_hp_per_floor":[68,68,68,68,68,68,68,68,68,68,68,68,68,68,68,68,68,68,45,45,45,45,45,45,46,46,46,46,46,46,46,46,46,46,46,46,46,46,46,46,46,46,46,46,46,46,46,46,46,46,46,46,46,46,46,46,46,46,46,46,46],"card_choices":[{"not_picked":["ThirdEye","JustLucky"],"picked":"CutThroughFate","floor":1.0},{"not_picked":["ThirdEye","CarveReality","REME_MusicOfDeath","Fasting2"],"picked":"FlurryOfBlows","floor":2.0},{"not_picked":["ClearTheMind","ThirdEye","Evaluate","JustLucky","Pray"],"picked":"SKIP","floor":5.0},{"not_picked":["FollowUp","REME_Repentance","JustLucky","Consecrate","Pray"],"picked":"SKIP","floor":7.0},{"not_picked":["Evaluate","FlyingSleeves","Indignation","JustLucky"],"picked":"Tantrum","floor":8.0},{"not_picked":["WheelKick","Prostrate","Protect","Crescendo"],"picked":"MostiFishMod:Unraveling","floor":10.0},{"not_picked":["JustLucky","WindmillStrike","PathToVictory","SandsOfTime","ThirdEye"],"picked":"SKIP","floor":11.0},{"not_picked":["MostiFishMod:Unraveling","CutThroughFate","Prostrate","Meditate"],"picked":"BowlingBash","floor":13.0},{"not_picked":["FlurryOfBlows","Pray","FlyingSleeves","MostiFishMod:Nomercy","WreathOfFlame"],"picked":"SKIP","floor":14.0},{"not_picked":["MostiFishMod:Minus","MostiFishMod:Moonprays","ConjureBlade","Wish"],"picked":"Ragnarok","floor":16.0},{"not_picked":["REME_Repentance","SashWhip","Meditate","AT_SoftenMuscles","CutThroughFate"],"picked":"SKIP","floor":18.0},{"not_picked":["LikeWater","AT_SoftenMuscles","ClearTheMind","SashWhip"],"picked":"Crescendo","floor":23.0},{"not_picked":["EmptyBody","FollowUp","WaveOfTheHand","WreathOfFlame","Protect"],"picked":"SKIP","floor":25.0},{"not_picked":["DevaForm","MostiFishMod:Unraveling","MostiFishMod:StarHerder","MostiFishMod:DisColor"],"picked":"AT_IrregularMenstruation","floor":27.0},{"not_picked":["Vengeance+1","Fasting2","FollowUp","ThirdEye"],"picked":"Wallop+1","floor":27.0},{"not_picked":["SashWhip","AT_SoftenMuscles","Consecrate","EmptyMind+1"],"picked":"Indignation","floor":29.0},{"not_picked":["Crescendo","Wireheading","EmptyFist","CrushJoints"],"picked":"Scrawl","floor":31.0},{"not_picked":["Blasphemy","MostiFishMod:StarOceanP","Devotion","MostiFishMod:DisColor"],"picked":"AT_MachinaRedman","floor":33.0},{"not_picked":["CutThroughFate+1","Protect","SashWhip+1","REME_Repentance","ThirdEye+1"],"picked":"SKIP","floor":35.0},{"not_picked":["WreathOfFlame","MostiFishMod:Nomercy","FollowUp","FlyingSleeves","Protect"],"picked":"SKIP","floor":36.0},{"not_picked":["Gensokyo:DreamlikeParadise+1","Gensokyo:LifeSpringInfinity+1"],"picked":"Gensokyo:UnhurriedMind+1","floor":38.0},{"not_picked":["AT_SoftenMuscles+1","SashWhip","ClearTheMind","EmptyMind"],"picked":"TalkToTheHand","floor":41.0},{"not_picked":["Halt","FlyingSleeves","REME_MusicOfDeath","ClearTheMind"],"picked":"Omniscience","floor":44.0},{"not_picked":["Prostrate","Consecrate","Nirvana","CrushJoints"],"picked":"MostiFishMod:PathToVictory","floor":46.0},{"not_picked":["AT_RealFormLess","PathToVictory","FollowUp+1","FlurryOfBlows","REME_MusicOfDeath"],"picked":"SKIP","floor":47.0},{"not_picked":["EmptyBody","Collect","Crescendo","ReachHeaven"],"picked":"Adaptation","floor":48.0},{"not_picked":["EmptyMind","MostiFishMod:Clarity","Study","PathToVictory","Wireheading"],"picked":"SKIP","floor":52},{"not_picked":["EmptyFist+1","Consecrate","Halt","MostiFishMod:Nomercy","REME_Repentance"],"picked":"SKIP","floor":53},{"not_picked":["PathToVictory","Halt","REME_Repentance","ClearTheMind+1","CutThroughFate"],"picked":"SKIP","floor":57}],"player_experience":235669,"relics_obtained":[{"floor":1.0,"key":"SynthV:TestCard"},{"floor":8.0,"key":"The Courier"},{"floor":9.0,"key":"testmod-HeartOfDaVinci"},{"floor":14.0,"key":"InkBottle"},{"floor":23.0,"key":"AT_SilverBalance"},{"floor":25.0,"key":"testmod-Acrobat"},{"floor":26.0,"key":"Symbiotic Virus"},{"floor":29.0,"key":"Anchor"},{"floor":41.0,"key":"Pantograph"},{"floor":44.0,"key":"SynthV:C4"},{"floor":46.0,"key":"Incense Burner"},{"floor":52,"key":"paleoftheancients:SoulOfTheWatcher"},{"floor":53,"key":"paleoftheancients:SoulOfTheWokeBloke"},{"floor":57,"key":"paleoftheancients:SoulOfTheHexaghost"}],"event_choices":[{"damage_healed":0.0,"max_hp_gain":0.0,"max_hp_loss":0.0,"gold_gain":400.0,"event_name":"恩洛斯的盘子","player_choice":"Sell","floor":37.0,"relics_lost":["AT_ATBox"],"gold_loss":0.0,"damage_taken":0.0},{"damage_healed":0,"gold_gain":0,"player_choice":"Swap Relic","damage_taken":0,"relics_obtained":["DaveBox"],"max_hp_gain":0,"max_hp_loss":0,"event_name":"给自己的盒子","floor":54,"relics_lost":["DaveBox"],"gold_loss":0}],"is_beta":false,"boss_relics":[{"not_picked":["Runic Pyramid","MoonlightInvasionPlan"],"picked":"Transparent"},{"not_picked":["testmod-SaigiyounoYou","Tiny House"],"picked":"testmod-IncinerationGenerator"}],"items_purged_floors":[28,30,55,59],"is_endless":false,"potions_floor_spawned":[2,8,10,13,16,18,27,33,36,44,46,53],"ascension_level":20}}