{"host":"p0hktren06injwdf","time":1613318964,"event":{"mods":["AchievementEnabler","BaseMod","Colored Map","DeckTracker","Minty Spire (QoL Compilation)","Permanent Neow","StSLib","SuperFastMode"],"gold_per_floor":[118,131,6,16,16,49,49,49,49,67,67,67],"floor_reached":11,"language":"KOR","playtime":152,"items_purged":["Defend_B"],"score":196,"play_id":"b4b42449-14b4-4602-8954-9d3c5d02da80","local_time":"20210215010924","is_ascension_mode":true,"campfire_choices":[],"circlet_count":0,"master_deck":["AscendersBane","Strike_B","Strike_B","Strike_B","Strike_B","Defend_B","Defend_B","Defend_B","Zap","Dualcast","Apotheosis","Conserve Battery","Reprogram","Beam Cell","Hologram","Gash","Reprogram"],"relics":["Cracked Core","Shuriken","Oddly Smooth Stone"],"acts_visited":["Exordium"],"potions_floor_usage":[11],"damage_taken":[{"damage":0.0,"enemies":"Cultist","floor":1.0,"turns":4.0},{"damage":0.0,"enemies":"2 Louse","floor":2.0,"turns":3.0},{"damage":4.0,"enemies":"Jaw Worm","floor":4.0,"turns":3.0},{"damage":0.0,"enemies":"Lagavulin","floor":6.0,"turns":7.0},{"damage":14.0,"enemies":"3 Louse","floor":10.0,"turns":3.0},{"damage":44,"enemies":"Gremlin Nob","floor":11,"turns":4}],"seed_played":"-8559211517207608723","potions_obtained":[{"floor":1.0,"key":"FearPotion"}],"is_trial":false,"path_per_floor":["M","M","$","M","$","E","?","?","T","M","E"],"character_chosen":"DEFECT","items_purchased":["Beam Cell"],"campfire_rested":0,"item_purchase_floors":[3],"current_hp_per_floor":[64,64,64,60,60,60,60,60,60,46,2,2],"gold":67,"neow_bonus":"RANDOM_COLORLESS_2","is_daily":false,"chose_seed":false,"campfire_upgraded":0,"win_rate":0.0,"timestamp":1613318964,"path_taken":["M","?","$","M","?","E","?","?","T","M","E"],"items_purchased_type":["Card"],"build_version":"2020-12-22","purchased_purges":1,"victory":false,"max_hp_per_floor":[64,64,64,64,64,64,64,64,64,64,64,64],"card_choices":[{"not_picked":["Panache","Violence"],"picked":"Apotheosis","floor":0.0},{"not_picked":["Compile Driver","Static Discharge"],"picked":"Conserve Battery","floor":1.0},{"not_picked":["Sweeping Beam","Beam Cell"],"picked":"Reprogram","floor":2.0},{"not_picked":["Conserve Battery","Redo"],"picked":"Hologram","floor":4.0},{"not_picked":["Go for the Eyes","Beam Cell"],"picked":"Gash","floor":6.0},{"not_picked":["Darkness","Fission"],"picked":"Reprogram","floor":10.0}],"player_experience":1056265,"relics_obtained":[{"floor":6.0,"key":"Shuriken"},{"floor":9.0,"key":"Oddly Smooth Stone"}],"event_choices":[{"damage_healed":0.0,"max_hp_gain":0.0,"max_hp_loss":0.0,"gold_gain":0.0,"event_name":"Liars Game","player_choice":"Ignored","floor":7.0,"gold_loss":0.0,"damage_taken":0.0},{"damage_healed":0.0,"max_hp_gain":0.0,"max_hp_loss":0.0,"gold_gain":0.0,"event_name":"Shining Light","player_choice":"Ignored","floor":8.0,"gold_loss":0.0,"damage_taken":0.0}],"is_beta":false,"boss_relics":[],"items_purged_floors":[3],"is_endless":false,"potions_floor_spawned":[1],"killed_by":"Gremlin Nob","ascension_level":20}}