{"host":"o9lehcdjc4u6j9un","time":1613318829,"event":{"mods":["Aspiration","BaseMod","Better-Laid Plans","Colored Map","Downfall","Gremlin Mod","Hermit","Marisa£®ÏF”Í°°ƒß¿Ì…≥£©","Minty Spire (QoL Compilation)","Reimu£®≤©¿ˆ¡È√Œ£©","Remilia£®¿Ÿ√◊¿Ú—«£©","StSLib","The Alterego","The Hierophant","The Runesmith","The Senshi","The Servant 0.9.4","Yakumo Yukari mod","Youmu£®ªÍ∆«—˝√Œ£©","≤–¡Ù÷ÆŒÔ"],"gold_per_floor":[118,71,246,92,167,167,202,202,228,228,83,99,99,118,118,220,220,236,37,48,48,8,8,8],"floor_reached":23,"language":"ZHS","playtime":4753,"items_purged":["Doubt","Strike_G","Strike_G"],"score":210,"play_id":"ae9cfd70-fdf7-443b-bfdc-f967b1206081","local_time":"20210215000709","is_ascension_mode":false,"campfire_choices":[{"data":"Blade Dance","floor":6.0,"key":"SMITH"},{"data":"Blade Dance","floor":8.0,"key":"SMITH"},{"data":"Phantasmal Killer","floor":10.0,"key":"SMITH"},{"data":"Blade Dance","floor":13.0,"key":"SMITH"},{"data":"Cloak And Dagger","floor":15.0,"key":"SMITH"},{"data":"Infinite Blades","floor":23,"key":"SMITH"}],"circlet_count":0,"master_deck":["Strike_G","Strike_G","Strike_G","Defend_G","Defend_G","Defend_G","Defend_G","Defend_G","Survivor","Neutralize","Blade Dance+1","Blade Dance+1","Phantasmal Killer+1","Blade Dance+1","Cloak And Dagger+1","Infinite Blades+1","Infinite Blades+1"],"relics":["Ring of the Snake","NeowsBlessing","InkBottle","MealTicket","sneckomod:SneckoTalon","aspiration:RitualStick","ZunR:ReiMu"],"acts_visited":["Exordium","TheCity"],"potions_floor_usage":[],"damage_taken":[{"damage":0.0,"enemies":"Jaw Worm","floor":1.0,"turns":1.0},{"damage":0.0,"enemies":"3 Sentries","floor":7.0,"turns":1.0},{"damage":0.0,"enemies":"Small Slimes","floor":12.0,"turns":1.0},{"damage":0.0,"enemies":"Cultist","floor":14.0,"turns":2.0},{"damage":32,"enemies":"Hexaghost","floor":16,"turns":8},{"damage":7,"enemies":"2 Thieves","floor":18,"turns":4},{"damage":0,"enemies":"Spheric Guardian","floor":20,"turns":2}],"seed_played":"-5632887987660271042","potions_obtained":[{"floor":12.0,"key":"SpeedPotion"},{"floor":18,"key":"Poison Potion"}],"is_trial":false,"path_per_floor":["M","$","?","$","?","R","E","R","T","R","$","M","R","M","R","B",null,"M","$","M","?","?","R"],"character_chosen":"THE_SILENT","items_purchased":["Blade Dance","Guardian:BlockOnCardUsePotion","Blade Dance","PlaceholderMod:PlaceholderPotion"],"campfire_rested":0,"item_purchase_floors":[2,4,11,19],"current_hp_per_floor":[70,70,70,70,59,59,59,59,59,59,70,70,70,70,70,38,70,63,70,70,56,56,56,56],"gold":8,"neow_bonus":"THREE_ENEMY_KILL","is_daily":false,"chose_seed":false,"campfire_upgraded":6,"win_rate":0.0,"timestamp":1613318829,"path_taken":["M","$","?","$","?","R","E","R","T","R","?","M","R","M","R","BOSS","M","$","M","?","?","R"],"items_purchased_type":["Card","Potion","Card","Potion"],"build_version":"2020-12-22","purchased_purges":3,"victory":false,"max_hp_per_floor":[70,70,70,70,70,70,70,70,70,70,70,70,70,70,70,70,70,70,70,70,70,70,70,70],"card_choices":[{"not_picked":["Endless Agony","Footwork"],"picked":"Blade Dance","floor":1.0},{"not_picked":["Expertise","Adrenaline"],"picked":"Phantasmal Killer","floor":7.0},{"not_picked":["Backflip","Eviscerate","Dodge and Roll"],"picked":"SKIP","floor":12.0},{"not_picked":["Underhanded Strike","Corpse Explosion"],"picked":"Cloak And Dagger","floor":14.0},{"not_picked":["Masterful Stab","Underhanded Strike"],"picked":"Infinite Blades","floor":18},{"not_picked":["Flying Knee","Sucker Punch+1"],"picked":"Infinite Blades+1","floor":20}],"player_experience":300086,"relics_obtained":[{"floor":7.0,"key":"InkBottle"},{"floor":9.0,"key":"MealTicket"}],"event_choices":[{"damage_healed":0.0,"max_hp_gain":0.0,"max_hp_loss":0.0,"gold_gain":175.0,"event_name":"Liars Game","player_choice":"AGREE","floor":3.0,"gold_loss":0.0,"damage_taken":0.0,"cards_obtained":["Doubt"]},{"damage_healed":0.0,"max_hp_gain":0.0,"max_hp_loss":0.0,"gold_gain":75.0,"event_name":"World of Goop","player_choice":"Gather Gold","floor":5.0,"gold_loss":0.0,"damage_taken":11.0},{"damage_healed":0,"gold_gain":0,"player_choice":"π∫¬Ú…Òæ∆","damage_taken":0,"relics_obtained":["ZunR:ReiMu"],"max_hp_gain":0,"max_hp_loss":0,"event_name":"ZunEvent","floor":22,"gold_loss":40}],"is_beta":false,"boss_relics":[{"not_picked":["Philosopher\u0027s Stone","aspiration:RunesmithSkillbook"],"picked":"sneckomod:SneckoTalon"}],"items_purged_floors":[4,11,19],"is_endless":false,"potions_floor_spawned":[12,18,20],"ascension_level":0}}