{"host":"q8mjpf3krl0t4p3x","time":1613270952,"event":{"mods":["BaseMod","Colored Map","Colored Powertips","Googly Eyes","Minty Spire (QoL Compilation)","Quick Restart","StSLib","everything is the same but u backflip on backflip","slay the spire mod where everything is the same but ironclad has a cowboy hat"],"gold_per_floor":[114,132,145,165,178,178,205,216,216,250,250,250,250],"floor_reached":12,"language":"ENG","playtime":295,"items_purged":[],"score":156,"play_id":"af510e66-dcca-4aea-9bc8-92fe1c6184f2","local_time":"20210213184912","is_ascension_mode":true,"campfire_choices":[{"data":"Bash","floor":6.0,"key":"SMITH"},{"data":"Clothesline","floor":11,"key":"SMITH"}],"circlet_count":0,"master_deck":["AscendersBane","Strike_R","Strike_R","Strike_R","Strike_R","Strike_R","Defend_R","Defend_R","Defend_R","Defend_R","Bash+1","Thunderclap","Clothesline+1","Anger","Spot Weakness","Flame Barrier"],"relics":["Burning Blood","Anchor","Art of War","Bronze Scales"],"acts_visited":["Exordium"],"potions_floor_usage":[10],"damage_taken":[{"damage":10.0,"enemies":"Small Slimes","floor":1.0,"turns":4.0},{"damage":1.0,"enemies":"Cultist","floor":2.0,"turns":3.0},{"damage":8.0,"enemies":"2 Louse","floor":3.0,"turns":3.0},{"damage":13.0,"enemies":"Exordium Wildlife","floor":4.0,"turns":3.0},{"damage":35.0,"enemies":"Exordium Thugs","floor":5.0,"turns":5.0},{"damage":18.0,"enemies":"Gremlin Nob","floor":7.0,"turns":4.0},{"damage":0,"enemies":"2 Fungi Beasts","floor":8,"turns":2},{"damage":12,"enemies":"3 Sentries","floor":10,"turns":5},{"damage":26,"enemies":"Gremlin Nob","floor":12,"turns":3}],"seed_played":"7142096018869680922","potions_obtained":[{"floor":2.0,"key":"Block Potion"},{"floor":4.0,"key":"Swift Potion"},{"floor":5.0,"key":"Ancient Potion"}],"is_trial":false,"path_per_floor":["M","M","M","M","M","R","E","M","T","E","R","E"],"character_chosen":"IRONCLAD","items_purchased":[],"campfire_rested":0,"item_purchase_floors":[],"current_hp_per_floor":[71,76,74,67,38,38,26,32,32,26,26,0,0],"gold":250,"neow_bonus":"TEN_PERCENT_HP_BONUS","is_daily":false,"chose_seed":false,"campfire_upgraded":2,"win_rate":0.0,"timestamp":1613270952,"path_taken":["M","M","M","M","M","R","E","M","T","E","R","E"],"items_purchased_type":[],"build_version":"2020-12-22","purchased_purges":0,"victory":false,"max_hp_per_floor":[82,82,82,82,82,82,82,82,82,82,82,82,82],"card_choices":[{"not_picked":["Twin Strike","Sever Soul"],"picked":"Thunderclap","floor":1.0},{"not_picked":["Perfected Strike","Clash"],"picked":"Clothesline","floor":2.0},{"not_picked":["Fire Breathing","Rage"],"picked":"Anger","floor":3.0},{"not_picked":["Twin Strike","Thunderclap"],"picked":"Spot Weakness","floor":4.0},{"not_picked":["Seeing Red","Anger"],"picked":"Flame Barrier","floor":5.0},{"not_picked":["Sentinel","Second Wind","Disarm"],"picked":"SKIP","floor":7.0},{"not_picked":["Demon Form","Sword Boomerang","Blood for Blood"],"picked":"SKIP","floor":8},{"not_picked":["Anger","Whirlwind","Iron Wave"],"picked":"SKIP","floor":10}],"player_experience":348689,"relics_obtained":[{"floor":7.0,"key":"Anchor"},{"floor":9,"key":"Art of War"},{"floor":10,"key":"Bronze Scales"}],"event_choices":[],"is_beta":false,"boss_relics":[],"items_purged_floors":[],"is_endless":false,"potions_floor_spawned":[2,4,5],"killed_by":"Gremlin Nob","ascension_level":14}}