{"host":"c0rqchpxu0yjpthq","time":1613323411,"event":{"mods":["100% Spire Juice","BaseMod","Challenge The Spire","Conspire","Downfall","HololiveMod","Minty Spire (QoL Compilation)","Reimu£®≤©¿ˆ¡È√Œ£©","Relic Stats","Reliquary","Spicy Shops","StSLib","Wide Potions","[GremlinLeader]The Maniac"],"gold_per_floor":[66,66,66,66,66,929292,929304,928250,928050,928062,927962,927995,927995,926663,926678,926778,926778,926778,926798,926817,926829,925656,925756,925756,925791,925806,925837,924681,924681,924701,924717,924736,924841,924841,924741,924752,924762,924762,924797,923530,923599,923630,923645,923679,923679,923691,922537,922563,922577,922577,922577],"floor_reached":50,"language":"ZHS","playtime":3193,"items_purged":["Clumsy","Doubt"],"score":1055,"play_id":"5e3ebeb2-4b99-4998-b615-fc4452ba4c7e","local_time":"20210215012331","is_ascension_mode":true,"campfire_choices":[{"floor":1.0,"key":"RECALL"},{"data":"Hololive_Rebirth","floor":9,"key":"SMITH"},{"data":"Ghostly","floor":13,"key":"SMITH"},{"data":"Hololive_DDD","floor":18,"key":"SMITH"},{"data":"Panache","floor":35,"key":"SMITH"},{"data":"Hololive_CallHimemoriLuna","floor":45,"key":"SMITH"}],"circlet_count":0,"master_deck":["Hololive_Rebirth+1","Hololive_Spy","Ghostly+1","Hololive_OpenUp","Panache+1","Hololive_DDD+1","Hololive_DurableLive","Hololive_Yoholoon+1","Hololive_Spy+1","Hololive_Teleport+1","Hololive_Teleport+1","expansioncontent:DashGenerateEvil+1","DeusExMachina+1"],"relics":["Hololive_TheStar","Hololive_TheOnlyOne","downfall:HeartsMalice","MawBank","White Beast Statue","TheAbacus","Toolbox","reliquary:TuningFork","Shuriken","TungstenRod","downfall:HeartBlessingRed","downfall:HeartBlessingBlue","conspire:DecoderRing","Darkstone Periapt","Molten Egg 2","Strange Spoon","Frozen Eye","reliquary:OuijaBoard","Bottled Tornado","conspire:RoyalGoblet","Bag of Marbles","Gambling Chip","Sling","reliquary:TatteredRug","reliquary:Aerogel","Orrery","Pocketwatch","Toxic Egg 2","CrazyTorch:ReiMu","reliquary:SharkskinSheath","reliquary:Boomerang","Hololive_LightStick","Lantern","Mercury Hourglass","Torii","PrismaticShard","Cauldron","reliquary:RedCape","downfall:HeartBlessingGreen","reliquary:SilkGlove","conspire:DeflatedDodgeball","DollysMirror","Mastiff:ReiMu","Ice Cream","Chemical X","Question Card","HornCleat","reliquary:BallBearing","Tea:ReiMu","reliquary:Buckler","HandDrill","Lee\u0027s Waffle","Frozen Egg 2","Orichalcum","Ancient Tea Set"],"acts_visited":["Exordium","TheCity","TheBeyond"],"potions_floor_usage":[20],"damage_taken":[{"damage":0.0,"enemies":"Small Slimes","floor":2.0,"turns":1.0},{"damage":0.0,"enemies":"Jaw Worm","floor":3.0,"turns":1.0},{"damage":0.0,"enemies":"2 Louse","floor":5.0,"turns":1.0},{"damage":0.0,"enemies":"Gremlin Nob","floor":6.0,"turns":3.0},{"damage":0,"enemies":"downfall:FleeingMerchant","floor":8,"turns":4},{"damage":0,"enemies":"Gremlin Gang","floor":10,"turns":5},{"damage":0,"enemies":"3 Sentries","floor":12,"turns":6},{"damage":0,"enemies":"downfall:FleeingMerchant","floor":14,"turns":4},{"damage":5,"enemies":"2 Fungi Beasts","floor":15,"turns":4},{"damage":3,"enemies":"SI_SHIV_ARCHETYPE","floor":16,"turns":7},{"damage":0,"enemies":"downfall:LooterAlt2","floor":19,"turns":3},{"damage":0,"enemies":"Spheric Guardian","floor":20,"turns":3},{"damage":0,"enemies":"Centurion and Healer","floor":21,"turns":7},{"damage":0,"enemies":"downfall:FleeingMerchant","floor":22,"turns":4},{"damage":0,"enemies":"Colosseum Nobs","floor":23,"turns":3},{"damage":0,"enemies":"Gremlin Leader","floor":25,"turns":5},{"damage":0,"enemies":"conspire:HollyBat","floor":26,"turns":6},{"damage":0,"enemies":"conspire:SneckoGhost","floor":27,"turns":4},{"damage":0,"enemies":"downfall:FleeingMerchant","floor":28,"turns":4},{"damage":0,"enemies":"Shelled Parasite and Fungi","floor":30,"turns":2},{"damage":0,"enemies":"Snake Plant","floor":31,"turns":3},{"damage":0,"enemies":"Snecko","floor":32,"turns":3},{"damage":0,"enemies":"IC_MUSHROOM_ARCHETYPE","floor":33,"turns":5},{"damage":7,"enemies":"Orb Walker","floor":36,"turns":2},{"damage":0,"enemies":"3 Shapes","floor":37,"turns":2},{"damage":0,"enemies":"Maw","floor":39,"turns":4},{"damage":0,"enemies":"Giant Head","floor":42,"turns":2},{"damage":0,"enemies":"Transient","floor":43,"turns":5},{"damage":0,"enemies":"Nemesis","floor":44,"turns":4},{"damage":0,"enemies":"Jaw Worm Horde","floor":46,"turns":2},{"damage":0,"enemies":"Reptomancer","floor":48,"turns":4},{"damage":0,"enemies":"3 Darklings","floor":49,"turns":1},{"damage":96,"enemies":"WA_ARCHETYPE_DIVINITY","floor":50,"turns":7}],"seed_played":"1360153526895319033","potions_obtained":[{"floor":10,"key":"BlessingOfTheForge"},{"floor":12,"key":"Fire Potion"},{"floor":22,"key":"SpeedPotion"},{"floor":33,"key":"GrandPatriotsElixir:ReiMu"}],"is_trial":false,"path_per_floor":["R","M","M","?","M","E","T","$","R","M","?","E","R","$","M","B",null,"R","M","M","M","$","?","T","E","M","E","$","?","M","M","M","B",null,"R","M","M","?","M","$","T","E","M","E","R","M","$","E","M","B"],"character_chosen":"Hololive_HololiveCharacter","items_purchased":["White Beast Statue","TheAbacus","Toolbox","reliquary:TuningFork","Shuriken","TungstenRod","Darkstone Periapt","Molten Egg 2","Strange Spoon","Frozen Eye","reliquary:OuijaBoard","Panache","Bottled Tornado","Bag of Marbles","Gambling Chip","Sling","reliquary:TatteredRug","reliquary:Aerogel","Orrery","Hololive_CallUruhaRushia","Hololive_Spy","Hololive_LightStick","Lantern","Mercury Hourglass","Torii","PrismaticShard","Cauldron","Hololive_CallCivia","Hololive_Teleport+1","expansioncontent:DashGenerateEvil","reliquary:SilkGlove","conspire:DeflatedDodgeball","Hololive_CallHimemoriLuna","DollysMirror","Mastiff:ReiMu","Ice Cream","Chemical X","Tea:ReiMu","reliquary:Buckler","HandDrill","Lee\u0027s Waffle","Frozen Egg 2","Orichalcum","Hololive_CallShishiroBotan+1"],"campfire_rested":0,"item_purchase_floors":[8,8,8,8,8,8,14,14,14,14,14,14,14,22,22,22,22,22,22,22,22,28,28,28,28,28,28,28,28,28,40,40,40,40,40,40,40,47,47,47,47,47,47,47],"current_hp_per_floor":[35,35,35,35,35,35,35,35,45,45,45,45,45,51,46,43,51,51,51,51,51,51,51,51,51,51,51,57,57,57,57,57,57,57,57,50,50,50,50,50,50,50,50,50,50,50,64,64,64,0,0],"gold":922577,"neow_bonus":"THREE_ENEMY_KILL","is_daily":false,"chose_seed":false,"campfire_upgraded":5,"win_rate":0.0,"timestamp":1613323411,"path_taken":["R","M","M","?","M","E","T","$","R","M","?","E","R","$","M","BOSS","R","M","M","M","$","?","T","E","M","E","$","?","?","M","M","BOSS","R","M","M","?","M","$","T","E","M","E","R","M","$","E","M","BOSS"],"items_purchased_type":["Relic","Relic","Relic","Relic","Relic","Relic","Relic","Relic","Relic","Relic","Relic","Card","Relic","Relic","Relic","Relic","Relic","Relic","Relic","Card","Card","Relic","Relic","Relic","Relic","Relic","Relic","Card","Card","Card","Relic","Relic","Card","Relic","Relic","Relic","Relic","Relic","Relic","Relic","Relic","Relic","Relic","Card"],"build_version":"2020-12-22","purchased_purges":2,"victory":false,"max_hp_per_floor":[35,35,35,35,35,35,35,35,45,45,45,45,45,51,51,51,51,51,51,51,51,51,51,51,51,51,51,57,57,57,57,57,57,57,57,57,57,57,57,57,57,57,57,57,57,57,64,64,64,64,64],"relic_stats":{"Darkstone Periapt":12,"Lee\u0027s Waffle":14,"Torii":3,"counters":[33,118],"Orichalcum":[18],"MawBank":24,"Question Card":6,"Mercury Hourglass":[146],"Strange Spoon":[111],"TheAbacus":[294],"Shuriken":[12],"Gambling Chip":[3],"HandDrill":[10],"Chemical X":[1],"obtain_stats":[{"reliquary:OuijaBoard":14,"Ice Cream":40,"conspire:RoyalGoblet":17,"Tea:ReiMu":47,"downfall:HeartBlessingGreen":35,"Bottled Tornado":14,"reliquary:RedCape":34,"Hololive_TheOnlyOne":0,"Sling":22,"HornCleat":42,"DollysMirror":40,"Mastiff:ReiMu":40,"conspire:DecoderRing":12,"HandDrill":47,"Toxic Egg 2":23,"reliquary:SharkskinSheath":25,"downfall:HeartsMalice":0,"reliquary:TatteredRug":22,"Question Card":41,"Shuriken":8,"Hololive_TheStar":0,"Molten Egg 2":14,"reliquary:BallBearing":44,"Pocketwatch":23,"Darkstone Periapt":14,"Lantern":28,"reliquary:Boomerang":27,"reliquary:SilkGlove":40,"Torii":28,"reliquary:Aerogel":22,"PrismaticShard":28,"Ancient Tea Set":48,"Frozen Eye":14,"TheAbacus":8,"downfall:HeartBlessingBlue":9,"Gambling Chip":22,"Toolbox":8,"reliquary:Buckler":47,"Chemical X":40,"Lee\u0027s Waffle":47,"downfall:HeartBlessingRed":9,"Frozen Egg 2":47,"Orichalcum":47,"MawBank":6,"White Beast Statue":8,"Mercury Hourglass":28,"Strange Spoon":14,"Cauldron":28,"Hololive_LightStick":28,"Orrery":22,"CrazyTorch:ReiMu":24,"reliquary:TuningFork":8,"Bag of Marbles":22,"conspire:DeflatedDodgeball":40,"TungstenRod":8},{"reliquary:OuijaBoard":8,"Ice Cream":26,"conspire:RoyalGoblet":10,"Tea:ReiMu":30,"downfall:HeartBlessingGreen":23,"Bottled Tornado":8,"reliquary:RedCape":23,"Hololive_TheOnlyOne":0,"Sling":14,"HornCleat":27,"DollysMirror":26,"Mastiff:ReiMu":26,"conspire:DecoderRing":7,"HandDrill":30,"Toxic Egg 2":15,"reliquary:SharkskinSheath":16,"downfall:HeartsMalice":0,"reliquary:TatteredRug":14,"Question Card":26,"Shuriken":5,"Hololive_TheStar":0,"Molten Egg 2":8,"reliquary:BallBearing":29,"Pocketwatch":15,"Darkstone Periapt":8,"Lantern":19,"reliquary:Boomerang":18,"reliquary:SilkGlove":26,"Torii":19,"reliquary:Aerogel":14,"PrismaticShard":19,"Ancient Tea Set":31,"Frozen Eye":8,"TheAbacus":5,"downfall:HeartBlessingBlue":5,"Gambling Chip":14,"Toolbox":5,"reliquary:Buckler":30,"Chemical X":26,"Lee\u0027s Waffle":30,"downfall:HeartBlessingRed":5,"Frozen Egg 2":30,"Orichalcum":30,"MawBank":4,"White Beast Statue":5,"Mercury Hourglass":19,"Strange Spoon":8,"Cauldron":19,"Hololive_LightStick":19,"Orrery":14,"CrazyTorch:ReiMu":15,"reliquary:TuningFork":5,"Bag of Marbles":14,"conspire:DeflatedDodgeball":26,"TungstenRod":5},{"reliquary:OuijaBoard":22,"Ice Cream":93,"conspire:RoyalGoblet":33,"Tea:ReiMu":106,"downfall:HeartBlessingGreen":85,"Bottled Tornado":22,"reliquary:RedCape":85,"Hololive_TheOnlyOne":0,"Sling":50,"HornCleat":95,"DollysMirror":93,"Mastiff:ReiMu":93,"conspire:DecoderRing":18,"HandDrill":106,"Toxic Egg 2":53,"reliquary:SharkskinSheath":58,"downfall:HeartsMalice":0,"reliquary:TatteredRug":50,"Question Card":93,"Shuriken":7,"Hololive_TheStar":0,"Molten Egg 2":22,"reliquary:BallBearing":104,"Pocketwatch":53,"Darkstone Periapt":22,"Lantern":72,"reliquary:Boomerang":68,"reliquary:SilkGlove":93,"Torii":72,"reliquary:Aerogel":50,"PrismaticShard":72,"Ancient Tea Set":110,"Frozen Eye":22,"TheAbacus":7,"downfall:HeartBlessingBlue":7,"Gambling Chip":50,"Toolbox":7,"reliquary:Buckler":106,"Chemical X":93,"Lee\u0027s Waffle":106,"downfall:HeartBlessingRed":7,"Frozen Egg 2":106,"Orichalcum":106,"MawBank":3,"White Beast Statue":7,"Mercury Hourglass":72,"Strange Spoon":22,"Cauldron":72,"Hololive_LightStick":72,"Orrery":50,"CrazyTorch:ReiMu":53,"reliquary:TuningFork":7,"Bag of Marbles":50,"conspire:DeflatedDodgeball":93,"TungstenRod":7}],"TungstenRod":11,"Pocketwatch":[21]},"card_choices":[{"not_picked":["Hololive_StrengthChampion","Hololive_CandyCastle","Hololive_RevenueBasedLive","Hololive_CallAyundaRisu"],"picked":"SKIP","floor":2.0},{"not_picked":["Hololive_Trident","Hololive_Rebound","Hololive_StrengthChampion","Hololive_Sequa"],"picked":"SKIP","floor":3.0},{"not_picked":["Hololive_Drill","Hololive_Sequa","Hololive_CallKiryuuCoco","Hololive_FlyingPonyTail"],"picked":"SKIP","floor":5.0},{"not_picked":["Hololive_Breathe","Hololive_CocoNews","Hololive_Sequa"],"picked":"Hololive_Rebirth","floor":6},{"not_picked":["Hololive_Sequa","Hololive_FlyingPonyTail","Hololive_Drill"],"picked":"Hololive_Spy","floor":8},{"not_picked":["Hololive_CallOmaruPolka","Hololive_StrengthChampion","Hololive_CallNakiriAyame"],"picked":"Hololive_CallHimemoriLuna","floor":10},{"not_picked":["Hololive_Sequa","Hololive_CallMinatoAqua","Hololive_Drill","Hololive_FlyingPonyTail"],"picked":"SKIP","floor":12},{"not_picked":["Hololive_HuntDinosaur","Hololive_Sequa","Hololive_CallManoAloe"],"picked":"Hololive_OpenUp","floor":14},{"not_picked":["Hololive_CallAyundaRisu","Hololive_Trident+1","Hololive_CallHimemoriLuna"],"picked":"Hololive_CallHoshimachiSuisei","floor":15},{"not_picked":["Hololive_Rebirth","Hololive_ASMR+1","Hololive_OpenUp+1"],"picked":"Hololive_DDD","floor":16},{"not_picked":["Hololive_Breathe","Hololive_Sequa+1","Hololive_Psychosis+1","Hololive_HuntDinosaur"],"picked":"SKIP","floor":19},{"not_picked":["Hololive_HuntDinosaur","Hololive_CallNatsuiroMatsuri","Hololive_Rebound+1"],"picked":"Hololive_CallOmaruPolka","floor":20},{"not_picked":["Hololive_Drill+1","Hololive_ILoveYou","Hololive_Psychosis+1"],"picked":"Hololive_CallRosalyn","floor":21},{"not_picked":["Hololive_Sequa+1","Hololive_Trident+1","Hololive_CocoNews+1"],"picked":"Hololive_DurableLive","floor":22},{"not_picked":["Hololive_CallSpadeEcho+1","Hololive_BringToTrial","Hololive_CallShirakamiFubuki"],"picked":"Hololive_CallHoushouMarine","floor":22},{"not_picked":["Hololive_CallHoshimachiSuisei+1","Hololive_RevenueBasedLive","Hololive_OvertimeWork+1"],"picked":"Hololive_Yoholoon+1","floor":22},{"not_picked":["Hololive_CallRoboco","Hololive_Trident+1","Hololive_StrengthChampion+1"],"picked":"Hololive_CallShirakamiFubuki+1","floor":22},{"not_picked":["Hololive_HuntDinosaur","Hololive_SoulCatcher+1","Hololive_StrengthChampion+1"],"picked":"Hololive_CallRosalyn+1","floor":22},{"not_picked":["Hololive_WolfAndLamb+1","Hololive_Breathe+1","Hololive_CallKiryuuCoco","Hololive_StrengthChampion+1"],"picked":"SKIP","floor":25},{"not_picked":["Hololive_StrengthChampion+1","Hololive_CocoNews+1","Hololive_Sequa+1"],"picked":"Hololive_CallManoAloe","floor":26},{"not_picked":["Hololive_Trident+1","Hololive_CallUsadaPekora","Hololive_CocoNews+1"],"picked":"Hololive_Teleport+1","floor":27},{"not_picked":["Hololive_HighAtkLowDef+1","Hololive_HuntDinosaur+1","Hololive_CallOkamiMio"],"picked":"Hololive_CallMoonaHoshinova+1","floor":28},{"not_picked":["Hololive_Psychosis+1","WheelKick+1","Guardian:Planning+1","Deadly Poison+1"],"picked":"SKIP","floor":30},{"not_picked":["Shrug It Off+1","Flex+1","champ:AdrenalArmor+1","Hololive_ILoveYou+1"],"picked":"SKIP","floor":31},{"not_picked":["sneckomod:UnknownVulnerable+1","Slimebound:Schlurp+1","Noxious Fumes+1","Hololive_RevenueBasedLive+1"],"picked":"SKIP","floor":32},{"not_picked":["Guardian:FloatingOrbs","sneckomod:SoulDraw+1","Fire Breathing+1","Moonworks:ExtendedPhotonRifle+1"],"picked":"SKIP","floor":36},{"not_picked":["Guardian:Suspension+1","champ:CrownThrow+1","maniac:Infuriate+1"],"picked":"Hololive_CallRoboco+1","floor":37},{"not_picked":["bronze:Invalidate+1","bronze:OilSpill+1","SpringWay:ReiMu+1","sneckomod:IronFang+1"],"picked":"SKIP","floor":39},{"not_picked":["Leap+1","bronze:WildBeam+1","Distraction+1","bronze:WhirlingStrike+1"],"picked":"DeusExMachina+1","floor":42},{"not_picked":["Moonworks:BigMagnum+1","hexamod:BacktrackSmack+1","Guardian:MultiBeam+1","Slimebound:ItLooksTasty+1","Hololive_LuckPotion+1"],"picked":"SKIP","floor":43},{"not_picked":["Conquer:ReiMu+1","Burning Pact+1","Slimebound:FirmFortitude+1","Collect+1","Spot Weakness+1"],"picked":"SKIP","floor":44},{"not_picked":["sneckomod:DiceBlock+1","hexamod:SwordOfDarkness+1","hexamod:BurningTouch+1","Slimebound:SplitBruiser+1"],"picked":"Hololive_CallHoshimachiSuisei+1","floor":46},{"not_picked":["expansioncontent:Hexaburn+1","Moonworks:AwakeningOfTalent+1","hexamod:NightmareGuise+1","champ:Backstep+1","Coolheaded+1"],"picked":"SKIP","floor":48},{"not_picked":["hexamod:BacktrackSmack+1","Iron Wave+1","expansioncontent:Chronoboost+1","Moonworks:TacticalRetreat+1","Quick Slash+1"],"picked":"SKIP","floor":49}],"player_experience":65209,"relics_obtained":[{"floor":6,"key":"MawBank"},{"floor":12,"key":"conspire:DecoderRing"},{"floor":23,"key":"Pocketwatch"},{"floor":23,"key":"Toxic Egg 2"},{"floor":24,"key":"CrazyTorch:ReiMu"},{"floor":25,"key":"reliquary:SharkskinSheath"},{"floor":27,"key":"reliquary:Boomerang"},{"floor":41,"key":"Question Card"},{"floor":42,"key":"HornCleat"},{"floor":44,"key":"reliquary:BallBearing"},{"floor":48,"key":"Ancient Tea Set"}],"event_choices":[{"damage_healed":0,"gold_gain":0,"player_choice":"Argue","damage_taken":0,"max_hp_gain":0,"max_hp_loss":0,"event_name":"conspire:LoneGhost","floor":11,"gold_loss":0}],"is_beta":false,"boss_relics":[{"not_picked":["conspire:SlowCooker","conspire:RunicOctahedron"],"picked":"conspire:RoyalGoblet"},{"not_picked":["Fusion Hammer","reliquary:WritOfMandamus"],"picked":"reliquary:RedCape"}],"items_purged_floors":[14,28],"is_endless":false,"potions_floor_spawned":[6,10,12,14,15,16,19,20,21,22,23,25,26,27,28,30,31,32,33,36,37,39,42,43,44,46,48,49],"killed_by":"WA_ARCHETYPE_DIVINITY","ascension_level":3}}