{"host":"za1qviwhp34x909e","time":1613283553,"event":{"mods":["Act Like it!","BaseMod","Colored Map","Colored Powertips","Downfall","Highlight Path","Marisa????????","Minty Spire (QoL Compilation)","Quick Restart","StSLib","The Disciple","The Servant 0.9.4"],"gold_per_floor":[112,130,90,100,16,50,67,82,129,14,14,89,89,89,89,190,190,209,260,260,274,40,40,40,40],"floor_reached":24,"language":"ENG","playtime":1535,"items_purged":[],"score":194,"play_id":"37558b09-b8a7-4d4f-b67b-8a9709232ada","local_time":"20210214001913","is_ascension_mode":false,"campfire_choices":[{"data":"RealityMarble","floor":11,"key":"SMITH"},{"data":"Barrier","floor":13,"key":"SMITH"},{"data":"Sabotage","floor":15,"key":"SMITH"},{"data":"BottledTime","floor":23,"key":"SMITH"}],"circlet_count":0,"master_deck":["Strike_S","Strike_S","Strike_S","Strike_S","Defend_S","Defend_S","Defend_S","Defend_S","KidneyShot","Exchange","Defy","DoubleEdge","ShiftingGears","Sabotage+1","DoubleEdge","TimeTheft","Barrier+1","Misdirection","Comet","RealityMarble+1","Dilation","Revamp","Comet","BottledTime+1","LightFlow","DoubleEdge"],"relics":["Uniform","Ancient Tea Set","Juzu Bracelet","Omamori","StoneMask","Potion Belt","KneeBrace"],"acts_visited":["Exordium","TheCity"],"potions_floor_usage":[6,6,18,24],"damage_taken":[{"damage":4,"enemies":"Small Slimes","floor":1,"turns":4},{"damage":1,"enemies":"Cultist","floor":2,"turns":5},{"damage":1,"enemies":"2 Louse","floor":4,"turns":3},{"damage":17,"enemies":"Lagavulin","floor":6,"turns":5},{"damage":5,"enemies":"Looter","floor":7,"turns":3},{"damage":0,"enemies":"Exordium Thugs","floor":8,"turns":6},{"damage":1,"enemies":"The Guardian","floor":16,"turns":12},{"damage":13,"enemies":"2 Thieves","floor":18,"turns":5},{"damage":24,"enemies":"3 Byrds","floor":21,"turns":9},{"damage":46,"enemies":"Gremlin Leader","floor":24,"turns":8}],"seed_played":"6604037379694153186","potions_obtained":[{"floor":3,"key":"champ:CounterPotion"},{"floor":3,"key":"BlessingOfTheForge"},{"floor":3,"key":"LiquidBronze"},{"floor":6,"key":"sneckomod:MuddlingPotion"},{"floor":7,"key":"CultistPotion"},{"floor":8,"key":"Guardian:BlockOnCardUsePotion"},{"floor":21,"key":"champ:CounterPotion"}],"is_trial":false,"path_per_floor":["M","M","?","M","$","E","M","M","T","$","R","?","R","?","R","B",null,"M","T","?","M","$","R","E"],"character_chosen":"THE_SERVANT","items_purchased":["Sabotage","DoubleEdge","Comet","RealityMarble","BottledTime","LightFlow","DoubleEdge"],"campfire_rested":0,"item_purchase_floors":[5,5,10,10,22,22,22],"current_hp_per_floor":[61,60,60,59,59,42,37,37,37,37,37,26,26,26,26,25,65,58,58,58,43,43,43,0,0],"gold":40,"neow_bonus":"RANDOM_COMMON_RELIC","is_daily":false,"chose_seed":false,"campfire_upgraded":4,"win_rate":0.0,"timestamp":1613283553,"path_taken":["M","M","?","?","$","E","M","M","T","$","R","?","R","?","R","BOSS","M","?","?","M","$","R","E"],"items_purchased_type":["Card","Card","Card","Card","Card","Card","Card"],"build_version":"2020-12-22","purchased_purges":0,"victory":false,"max_hp_per_floor":[65,65,65,65,65,65,65,65,65,65,65,65,65,65,65,65,65,67,67,67,70,70,70,70,70],"card_choices":[{"not_picked":["Rewind","ShatteredReality"],"picked":"Defy","floor":1},{"not_picked":["Defy","FanOfKnives"],"picked":"DoubleEdge","floor":2},{"not_picked":["Alleviate","Foresight"],"picked":"ShiftingGears","floor":4},{"not_picked":["WasteNot","DoubleEdge"],"picked":"TimeTheft","floor":6},{"not_picked":["TimeTheft","Sunlight"],"picked":"Barrier","floor":7},{"not_picked":["TimeTheft","Rearm"],"picked":"Misdirection","floor":8},{"not_picked":["Solidify","PendulumOfEternity"],"picked":"Dilation","floor":16},{"not_picked":["Spin","Contraction"],"picked":"Revamp","floor":18},{"not_picked":["InstantArmor","Alleviate"],"picked":"Comet","floor":21}],"player_experience":707721,"relics_obtained":[{"floor":6,"key":"Juzu Bracelet"},{"floor":9,"key":"Omamori"},{"floor":19,"key":"Potion Belt"}],"event_choices":[{"damage_healed":0,"gold_gain":0,"player_choice":"Bought 3 Potions","damage_taken":0,"max_hp_gain":0,"max_hp_loss":0,"event_name":"The Woman in Blue","floor":3,"gold_loss":0},{"damage_healed":0,"gold_gain":75,"player_choice":"Gather Gold","damage_taken":11,"max_hp_gain":0,"max_hp_loss":0,"event_name":"World of Goop","floor":12,"gold_loss":0},{"damage_healed":0,"gold_gain":0,"player_choice":"Ignored","damage_taken":0,"max_hp_gain":0,"max_hp_loss":0,"event_name":"NoteForYourself","floor":14,"gold_loss":0},{"damage_healed":0,"gold_gain":0,"player_choice":"Opened","damage_taken":0,"relics_obtained":["KneeBrace"],"max_hp_gain":0,"max_hp_loss":0,"event_name":"The Mausoleum","floor":20,"gold_loss":0,"cards_obtained":["Writhe"]}],"is_beta":false,"boss_relics":[{"not_picked":["Coffee Dripper","Fusion Hammer"],"picked":"StoneMask"}],"items_purged_floors":[],"is_endless":false,"potions_floor_spawned":[4,6,7,8,21],"killed_by":"Gremlin Leader","ascension_level":0}}