{"host":"0iey8v53xvwqxh5z","time":1613277756,"event":{"mods":["BaseMod","BetterRewards","Hubris","Minty Spire (QoL Compilation)","Relic Stats","Replay The Spire","Shop Mod","StSLib","The Cursed"],"gold_per_floor":[109,73,147,247,7,39,39,74,126,146,174,189,219,232,232,330,330,310,310,47,47,65,93,93,93,139,152,165,199,52,84,84,189,189,208,1207,1217,575,575,603,630,642,681,723,746,792,804,831,843,855,867,879,1041,1067,1067],"floor_reached":56,"language":"ENG","playtime":3481,"items_purged":["TheCursedMod:Strike_TheCursed","TheCursedMod:Strike_TheCursed","Normality","TheCursedMod:Defend_TheCursed"],"score":1757,"play_id":"74037c0f-3716-4ab3-9535-6b2e9d659eb8","local_time":"20210213234236","is_ascension_mode":true,"campfire_choices":[{"data":"Apotheosis","floor":7,"key":"SMITH"},{"data":"TheCursedMod:AntiAging","floor":24,"key":"SMITH"},{"data":"TheCursedMod:CursedRelics","floor":32,"key":"SMITH"},{"floor":47,"key":"RECALL"},{"data":"TheCursedMod:SpitefulPlan","floor":49,"key":"SMITH"},{"data":"TheCursedMod:CursedRelics","floor":52,"key":"SMITH"}],"circlet_count":0,"master_deck":["TheCursedMod:Strike_TheCursed","TheCursedMod:Defend_TheCursed","TheCursedMod:Defend_TheCursed","TheCursedMod:Defend_TheCursed","TheCursedMod:CursedWand","TheCursedMod:CleanUpWorkshop","TheCursedMod:Dregs","TheCursedMod:CursedShiv","TheCursedMod:RapidMovement+1","Apotheosis+1","TheCursedMod:SurpriseAttack+1","TheCursedMod:Obscuration","TheCursedMod:Evocation","TheCursedMod:SpitefulPlan+1","TheCursedMod:CursedRelics+1","TheCursedMod:Neurasthenia","TheCursedMod:AntiAging+1","TheCursedMod:LuckyCharm+1","TheCursedMod:FleshFromBone","TheCursedMod:SmokeScreen","TheCursedMod:SurpriseAttack+1","TheCursedMod:CursedBlade","TheCursedMod:HellsGateOpen+1","TheCursedMod:RapidMovement","TheCursedMod:ForbiddenAlchemy","TheCursedMod:CursedShiv","Normality","TheCursedMod:FleshFromBone+1","TheCursedMod:CursedRelics+1","TheCursedMod:CursedMace","TheCursedMod:ReleasedStrength+1","TheCursedMod:RapidMovement+1","TheCursedMod:ReleasedStrength+1","TheCursedMod:AshesToAshes+1"],"relics":["TheCursedMod:BlackMagic101","NeowsBlessing","ReplayTheSpireMod:Shallot","Tiny Chest","Bag of Preparation","Orichalcum","Gremlin Horn","Odd Mushroom","TheCursedMod:OminousMark","Letter Opener","PreservedInsect","Bottled Tornado","Matryoshka","Boot","Happy Flower","Bronze Scales","Mirror","SlaversCollar","Frozen Eye","Anchor","MawBank","TheCursedMod:BloodyHarpoon","hubris:TenFootPole","Counterbalance","ReplayTheSpireMod:TigerMarble","hubris:NiceRug","hubris:HerbalPaste","Replay:Bottled Eggs","Replay:Baseball","Gremlin Food"],"acts_visited":["Exordium","TheCity","TheBeyond","TheEnding"],"potions_floor_usage":[18,18,18,18,23,28,37,40,40,40,40,44,45,45,48,48,48,48,50,55,55,55,55,55,55,55,55,55,55],"damage_taken":[{"damage":0,"enemies":"Cultist","floor":1,"turns":1},{"damage":0,"enemies":"Lagavulin","floor":6,"turns":1},{"damage":0,"enemies":"3 Sentries","floor":8,"turns":1},{"damage":0,"enemies":"Small Slimes","floor":10,"turns":2},{"damage":6,"enemies":"Gremlin Nob","floor":11,"turns":4},{"damage":0,"enemies":"Jaw Worm","floor":12,"turns":3},{"damage":0,"enemies":"The Mushroom Lair","floor":13,"turns":3},{"damage":0,"enemies":"Blue Slaver","floor":14,"turns":3},{"damage":0,"enemies":"Slime Boss","floor":16,"turns":8},{"damage":5,"enemies":"2 Thieves","floor":18,"turns":4},{"damage":0,"enemies":"Chosen","floor":22,"turns":5},{"damage":2,"enemies":"Replay:Snechameleon","floor":23,"turns":8},{"damage":0,"enemies":"Snake Plant","floor":27,"turns":6},{"damage":0,"enemies":"Shelled Parasite and Fungi","floor":28,"turns":6},{"damage":1,"enemies":"Book of Stabbing","floor":29,"turns":5},{"damage":12,"enemies":"Slavers","floor":31,"turns":3},{"damage":0,"enemies":"Collector","floor":33,"turns":7},{"damage":0,"enemies":"3 Shapes","floor":35,"turns":5},{"damage":0,"enemies":"3 Darklings","floor":37,"turns":7},{"damage":3,"enemies":"Giant Head","floor":40,"turns":5},{"damage":0,"enemies":"Maw","floor":41,"turns":5},{"damage":0,"enemies":"Reptomancer","floor":44,"turns":4},{"damage":0,"enemies":"Spire Growth","floor":45,"turns":5},{"damage":0,"enemies":"R_Hoarder","floor":46,"turns":5},{"damage":7,"enemies":"Sphere and 2 Shapes","floor":48,"turns":3},{"damage":0,"enemies":"Replay:Hell Engine","floor":50,"turns":7},{"damage":7,"enemies":"hubris:Merchant","floor":53,"turns":6},{"damage":0,"enemies":"Shield and Spear","floor":54,"turns":3},{"damage":21,"enemies":"The Heart","floor":55,"turns":6}],"seed_played":"6863735181982071282","potions_obtained":[{"floor":1,"key":"EntropicBrew"},{"floor":6,"key":"Strength Potion"},{"floor":12,"key":"Dexterity Potion"},{"floor":18,"key":"Reflective Coating"},{"floor":27,"key":"Strength Potion"},{"floor":41,"key":"Elixir"},{"floor":44,"key":"AttackPotion"},{"floor":48,"key":"AttackPotion"}],"is_trial":false,"path_per_floor":["M","$","T","?","$","E","R","E","T","M","E","M","?","M","R","B",null,"M","?","$","T","M","E","R","?","T","M","M","E","$","E","R","B",null,"M","?","M","$","?","E","M","T","T","E","M","E","R","M","R","B",null,"R","$","E","B",null],"character_chosen":"THE_CURSED","items_purchased":["TheCursedMod:RapidMovement+1","Apotheosis","TheCursedMod:SurpriseAttack","PreservedInsect","TheCursedMod:FleshFromBone","TheCursedMod:RapidMovement","Frozen Eye","Anchor","TheCursedMod:CursedRelics","TheCursedMod:CursedMace"],"campfire_rested":0,"item_purchase_floors":[2,5,5,20,20,30,38,38,38,38],"current_hp_per_floor":[75,75,75,75,75,75,75,75,75,75,69,69,69,69,69,69,75,72,72,72,72,75,75,75,75,75,78,81,83,83,74,74,77,97,100,100,103,103,103,103,103,103,103,106,109,112,112,108,108,111,121,121,120,128,127],"gold":1067,"neow_bonus":"THREE_ENEMY_KILL","is_daily":false,"chose_seed":false,"campfire_upgraded":5,"win_rate":0.0,"timestamp":1613277756,"path_taken":["M","$","?","?","$","E","R","E","T","?","E","M","?","M","R","BOSS","M","?","$","?","M","E","R","?","T","M","M","E","$","E","R","BOSS","M","?","M","$","?","E","M","?","T","E","M","E","R","?","R","BOSS","R","$","E","BOSS"],"items_purchased_type":["Card","Card","Card","Relic","Card","Card","Relic","Relic","Card","Card"],"build_version":"2020-12-22","purchased_purges":4,"victory":true,"max_hp_per_floor":[75,75,75,75,75,75,75,75,75,75,75,75,75,75,75,75,75,77,77,77,77,80,82,82,82,82,85,88,91,91,94,94,97,97,100,100,103,103,103,106,106,106,106,109,112,115,115,118,118,121,121,121,127,130,133],"relic_stats":{"Gremlin Horn":[30,26],"Happy Flower":[29],"counters":[29,131],"Bronze Scales":[261],"Tiny Chest":2,"PreservedInsect":444,"Bag of Preparation":[52],"Letter Opener":[197],"Orichalcum":[24],"Boot":[19],"MawBank":156,"obtain_stats":[{"TheCursedMod:BloodyHarpoon":42,"Gremlin Horn":11,"Bag of Preparation":8,"Bottled Tornado":21,"Boot":26,"Frozen Eye":38,"Matryoshka":23,"hubris:HerbalPaste":53,"Tiny Chest":6,"Replay:Bottled Eggs":53,"Gremlin Food":54,"TheCursedMod:BlackMagic101":0,"NeowsBlessing":0,"Happy Flower":26,"Counterbalance":44,"PreservedInsect":20,"Letter Opener":19,"Orichalcum":9,"Odd Mushroom":13,"MawBank":40,"SlaversCollar":34,"Anchor":38,"Replay:Baseball":53,"ReplayTheSpireMod:Shallot":3,"TheCursedMod:OminousMark":17,"Bronze Scales":29,"hubris:TenFootPole":43,"ReplayTheSpireMod:TigerMarble":46,"Mirror":31,"hubris:NiceRug":53},{"TheCursedMod:BloodyHarpoon":21,"Gremlin Horn":5,"Bag of Preparation":3,"Bottled Tornado":10,"Boot":12,"Frozen Eye":19,"Matryoshka":12,"hubris:HerbalPaste":27,"Tiny Chest":2,"Replay:Bottled Eggs":27,"Gremlin Food":28,"TheCursedMod:BlackMagic101":0,"NeowsBlessing":0,"Happy Flower":12,"Counterbalance":22,"PreservedInsect":10,"Letter Opener":10,"Orichalcum":3,"Odd Mushroom":7,"MawBank":20,"SlaversCollar":17,"Anchor":19,"Replay:Baseball":27,"ReplayTheSpireMod:Shallot":1,"TheCursedMod:OminousMark":9,"Bronze Scales":15,"hubris:TenFootPole":21,"ReplayTheSpireMod:TigerMarble":24,"Mirror":16,"hubris:NiceRug":27},{"TheCursedMod:BloodyHarpoon":92,"Gremlin Horn":9,"Bag of Preparation":3,"Bottled Tornado":30,"Boot":43,"Frozen Eye":82,"Matryoshka":43,"hubris:HerbalPaste":122,"Tiny Chest":2,"Replay:Bottled Eggs":122,"Gremlin Food":125,"TheCursedMod:BlackMagic101":0,"NeowsBlessing":0,"Happy Flower":43,"Counterbalance":96,"PreservedInsect":30,"Letter Opener":30,"Orichalcum":3,"Odd Mushroom":15,"MawBank":87,"SlaversCollar":70,"Anchor":82,"Replay:Baseball":122,"ReplayTheSpireMod:Shallot":1,"TheCursedMod:OminousMark":26,"Bronze Scales":60,"hubris:TenFootPole":92,"ReplayTheSpireMod:TigerMarble":106,"Mirror":63,"hubris:NiceRug":122}]},"card_choices":[{"not_picked":["TheCursedMod:CircleOfAmplification","TheCursedMod:Grudge"],"picked":"TheCursedMod:CursedShiv","floor":1},{"not_picked":["TheCursedMod:TacticalStrike","TheCursedMod:Wield"],"picked":"TheCursedMod:Obscuration","floor":6},{"not_picked":["TheCursedMod:BloodBarrier","TheCursedMod:CursedAmulet"],"picked":"TheCursedMod:Evocation","floor":8},{"not_picked":["TheCursedMod:FleshFromBone","TheCursedMod:RapidMovement"],"picked":"TheCursedMod:SpitefulPlan","floor":10},{"not_picked":["TheCursedMod:FuryStrike","TheCursedMod:VitalStrike"],"picked":"TheCursedMod:CursedRelics","floor":11},{"not_picked":["TheCursedMod:VitalStrike","TheCursedMod:SpitefulStrike","TheCursedMod:Wield"],"picked":"SKIP","floor":12},{"not_picked":["TheCursedMod:CircleOfFocus","TheCursedMod:Grudge","TheCursedMod:CircleOfAmplification"],"picked":"SKIP","floor":14},{"not_picked":["TheCursedMod:ParallelWorld","TheCursedMod:ManaCirculation"],"picked":"TheCursedMod:AntiAging","floor":16},{"not_picked":["TheCursedMod:VitalStrike+1","TheCursedMod:StingEye"],"picked":"TheCursedMod:LuckyCharm+1","floor":18},{"not_picked":["TheCursedMod:ReleasedKnowledge","TheCursedMod:SoulCrush","TheCursedMod:Stretching"],"picked":"SKIP","floor":22},{"not_picked":["TheCursedMod:UltimatePain","TheCursedMod:CircleOfAbyss"],"picked":"TheCursedMod:SmokeScreen","floor":23},{"not_picked":["TheCursedMod:CursedMace","TheCursedMod:BloodBarrier"],"picked":"TheCursedMod:SurpriseAttack","floor":27},{"not_picked":["TheCursedMod:PrepareRite","TheCursedMod:FuryStrike"],"picked":"TheCursedMod:CursedBlade","floor":28},{"not_picked":["TheCursedMod:CursedMace","TheCursedMod:SurpriseAttack"],"picked":"TheCursedMod:HellsGateOpen+1","floor":29},{"not_picked":["TheCursedMod:Wield","TheCursedMod:HellfireBreathing","TheCursedMod:Obscuration"],"picked":"SKIP","floor":31},{"not_picked":["TheCursedMod:UltimatePain","TheCursedMod:DemonicPact"],"picked":"TheCursedMod:ForbiddenAlchemy","floor":33},{"not_picked":["TheCursedMod:CircleOfFlame+1","TheCursedMod:CursedBlade"],"picked":"TheCursedMod:CursedShiv","floor":35},{"not_picked":["TheCursedMod:Obscuration","TheCursedMod:AbyssShockwave"],"picked":"TheCursedMod:FleshFromBone+1","floor":37},{"not_picked":["TheCursedMod:ForbiddenAlchemy","TheCursedMod:WearCloak","TheCursedMod:Evocation+1"],"picked":"SKIP","floor":40},{"not_picked":["TheCursedMod:CircleOfCorruption","TheCursedMod:FleshFromBone","TheCursedMod:DoubleShield"],"picked":"SKIP","floor":41},{"not_picked":["TheCursedMod:FleshFromBone","TheCursedMod:SurpriseAttack"],"picked":"TheCursedMod:ReleasedStrength+1","floor":44},{"not_picked":["TheCursedMod:CircleOfCorruption","TheCursedMod:CircleOfFlame","TheCursedMod:TacticalStrike+1"],"picked":"SKIP","floor":45},{"not_picked":["TheCursedMod:VitalStrike","TheCursedMod:DemonSword"],"picked":"TheCursedMod:RapidMovement+1","floor":46},{"not_picked":["TheCursedMod:Obscuration","TheCursedMod:CursedShiv"],"picked":"TheCursedMod:ReleasedStrength+1","floor":48},{"not_picked":["TheCursedMod:StingEye"],"picked":"SKIP","floor":53},{"not_picked":["TheCursedMod:ShockAndAwe"],"picked":"SKIP","floor":53},{"not_picked":["TheCursedMod:CircleOfFocus"],"picked":"SKIP","floor":53},{"not_picked":["TheCursedMod:CircleOfCorruption"],"picked":"SKIP","floor":53},{"not_picked":["TheCursedMod:HellfireBreathing"],"picked":"SKIP","floor":53},{"not_picked":["hubris:Insight"],"picked":"SKIP","floor":53},{"not_picked":["ReplayTheSpireMod:Necrogeddon"],"picked":"SKIP","floor":53},{"not_picked":["TheCursedMod:Stretching","TheCursedMod:SpitefulStrike+1"],"picked":"TheCursedMod:AshesToAshes+1","floor":54}],"player_experience":318424,"relics_obtained":[{"floor":3,"key":"ReplayTheSpireMod:Shallot"},{"floor":6,"key":"Tiny Chest"},{"floor":8,"key":"Bag of Preparation"},{"floor":9,"key":"Orichalcum"},{"floor":11,"key":"Gremlin Horn"},{"floor":13,"key":"Odd Mushroom"},{"floor":21,"key":"Bottled Tornado"},{"floor":23,"key":"Matryoshka"},{"floor":26,"key":"Boot"},{"floor":26,"key":"Happy Flower"},{"floor":29,"key":"Bronze Scales"},{"floor":31,"key":"Mirror"},{"floor":40,"key":"MawBank"},{"floor":42,"key":"TheCursedMod:BloodyHarpoon"},{"floor":43,"key":"hubris:TenFootPole"},{"floor":44,"key":"Counterbalance"},{"floor":46,"key":"ReplayTheSpireMod:TigerMarble"},{"floor":53,"key":"hubris:HerbalPaste"},{"floor":53,"key":"Replay:Bottled Eggs"},{"floor":53,"key":"Replay:Baseball"},{"floor":54,"key":"Gremlin Food"}],"event_choices":[{"damage_healed":0,"gold_gain":100,"player_choice":"Gold","damage_taken":0,"max_hp_gain":0,"max_hp_loss":0,"event_name":"Wheel of Change","floor":4,"gold_loss":0},{"damage_healed":0,"gold_gain":0,"player_choice":"Fought Mushrooms","damage_taken":0,"max_hp_gain":0,"max_hp_loss":0,"event_name":"Mushrooms","floor":13,"gold_loss":0},{"damage_healed":0,"gold_gain":999,"player_choice":"Gold","damage_taken":0,"max_hp_gain":0,"max_hp_loss":0,"event_name":"MindBloom","floor":36,"gold_loss":0,"cards_obtained":["Normality","Normality"]},{"damage_healed":0,"gold_gain":0,"player_choice":"Ignored","damage_taken":0,"max_hp_gain":0,"max_hp_loss":0,"event_name":"Tomb of Lord Red Mask","floor":39,"gold_loss":0}],"is_beta":false,"boss_relics":[{"not_picked":["SacredBark","hubris:GrandSneckoEye"],"picked":"TheCursedMod:OminousMark"},{"not_picked":["Calling Bell","Sozu"],"picked":"SlaversCollar"}],"items_purged_floors":[20,30,38,53],"is_endless":false,"potions_floor_spawned":[1,6,12,13,18,27,41,44,48,54],"ascension_level":2}}