{"host":"k7udt7atmcuzf6l0","time":1613295476,"event":{"mods":["AchievementEnabler","Act Like it!","BaseMod","BetterRewards","Colored Map","Colored Powertips","Highlight Path","Minty Spire (QoL Compilation)","Quick Restart","Rare Cards Sparkle","StSLib","UnlockEverythingMod"],"gold_per_floor":[15,15,15,15,31,31,70,70,70,70,23,69,69,82,82,207,207,231,231,256,256,26,26,70,70,70,111,111,126,146,4,4,128,128,149,129,145,145,0,0,44,44,71,85,116,116,116,134,134,134],"floor_reached":51,"language":"ZHS","playtime":1426,"items_purged":[],"score":789,"play_id":"fef3b5ea-af8a-40df-bb9d-888a8e4dc16c","local_time":"20210214173756","is_ascension_mode":false,"campfire_choices":[{"data":"Flex","floor":6.0,"key":"SMITH"},{"data":"Twin Strike","floor":8.0,"key":"SMITH"},{"data":"Bash","floor":10.0,"key":"SMITH"},{"data":"Sword Boomerang","floor":15.0,"key":"SMITH"},{"data":"Feed","floor":23.0,"key":"SMITH"},{"data":"Shockwave","floor":25.0,"key":"SMITH"},{"data":"Second Wind","floor":28,"key":"SMITH"},{"data":"Dark Embrace","floor":32,"key":"SMITH"},{"data":"Corruption","floor":40,"key":"SMITH"},{"data":"Blind","floor":42,"key":"SMITH"},{"floor":46,"key":"REST"},{"data":"Seeing Red","floor":49,"key":"SMITH"}],"circlet_count":0,"master_deck":["Strike_R","Strike_R","Strike_R","Defend_R","Defend_R","Defend_R","Defend_R","Bash+1","Body Slam+1","Flex+1","Twin Strike+1","Sword Boomerang+1","Pummel","Feed+1","CurseOfTheBell","Shrug It Off+1","Flex+1","Infernal Blade+1","Second Wind+1","Shockwave+1","Warcry+1","Seeing Red+1","Dark Embrace+1","Blind+1","Corruption+1","Wild Strike+1","Flex+1","Disarm+1","Warcry+1","Pummel+1","Sword Boomerang+1"],"relics":["Burning Blood","Golden Idol","Bottled Flame","Mummified Hand","Dream Catcher","Centennial Puzzle","Calling Bell","MealTicket","Sundial","Unceasing Top","Red Skull","Meat on the Bone","Matryoshka","Boot","Philosopher\u0027s Stone","Frozen Eye","Paper Frog","Omamori","Oddly Smooth Stone","The Courier"],"acts_visited":["Exordium","TheCity","TheBeyond"],"potions_floor_usage":[27,27,27,30,33,33,37,37,38],"damage_taken":[{"damage":10.0,"enemies":"Jaw Worm","floor":1.0,"turns":5.0},{"damage":5.0,"enemies":"Small Slimes","floor":5.0,"turns":4.0},{"damage":43.0,"enemies":"3 Sentries","floor":7.0,"turns":10.0},{"damage":0.0,"enemies":"2 Louse","floor":14.0,"turns":1.0},{"damage":22.0,"enemies":"Slime Boss","floor":16.0,"turns":11.0},{"damage":11.0,"enemies":"3 Byrds","floor":18.0,"turns":5.0},{"damage":5.0,"enemies":"Chosen","floor":20.0,"turns":4.0},{"damage":0.0,"enemies":"Gremlin Leader","floor":24.0,"turns":2.0},{"damage":28,"enemies":"Slavers","floor":27,"turns":6},{"damage":10,"enemies":"Snecko","floor":29,"turns":3},{"damage":5,"enemies":"Cultist and Chosen","floor":30,"turns":4},{"damage":79,"enemies":"Champ","floor":33,"turns":9},{"damage":16,"enemies":"3 Shapes","floor":35,"turns":3},{"damage":3,"enemies":"3 Darklings","floor":37,"turns":3},{"damage":0,"enemies":"Jaw Worm Horde","floor":38,"turns":1},{"damage":5,"enemies":"Giant Head","floor":41,"turns":5},{"damage":24,"enemies":"Writhing Mass","floor":44,"turns":2},{"damage":74,"enemies":"Nemesis","floor":45,"turns":5},{"damage":20,"enemies":"4 Shapes","floor":48,"turns":3},{"damage":62,"enemies":"Donu and Deca","floor":50,"turns":7}],"seed_played":"-7514782941373373425","potions_obtained":[{"floor":1.0,"key":"Regen Potion"},{"floor":5.0,"key":"Fruit Juice"},{"floor":14.0,"key":"BlessingOfTheForge"},{"floor":20.0,"key":"Energy Potion"},{"floor":24.0,"key":"EntropicBrew"},{"floor":29,"key":"FearPotion"},{"floor":30,"key":"Strength Potion"},{"floor":35,"key":"Explosive Potion"},{"floor":36,"key":"LiquidBronze"},{"floor":48,"key":"SpeedPotion"}],"is_trial":false,"path_per_floor":["M","$","?","?","M","R","E","R","T","R","$","T","?","M","R","B",null,"M","?","M","?","$","R","E","R","T","E","R","M","M","$","R","B",null,"M","?","M","M","$","R","E","R","T","M","E","R","?","M","R","B",null],"character_chosen":"IRONCLAD","items_purchased":["Sword Boomerang","Red Skull","Second Wind","Blind","FearPotion","Frozen Eye"],"campfire_rested":1,"item_purchase_floors":[11,22,22,31,31,39],"current_hp_per_floor":[76,76,56,56,57,57,40,40,40,40,40,40,28,34,34,18,85,83,83,84,84,88,88,88,88,88,70,70,70,75,90,90,29,100,94,94,101,107,108,108,108,108,108,90,34,66,66,64,64,20],"gold":134,"neow_bonus":"REMOVE_TWO","is_daily":false,"chose_seed":false,"campfire_upgraded":11,"win_rate":0.0,"timestamp":1613295476,"path_taken":["M","$","?","?","M","R","E","R","T","R","$","?","?","M","R","BOSS","M","?","M","?","$","R","E","R","T","E","R","M","M","$","R","BOSS","M","?","M","?","$","R","E","R","T","M","E","R","?","M","R","BOSS"],"items_purchased_type":["Card","Relic","Card","Card","Potion","Relic"],"build_version":"2020-12-22","purchased_purges":0,"victory":true,"max_hp_per_floor":[80,80,80,80,80,80,85,85,85,85,85,85,85,85,85,85,85,88,88,88,88,88,88,88,88,88,92,92,96,100,100,100,100,100,104,104,108,108,108,108,108,108,108,108,108,108,108,108,108,108],"card_choices":[{"not_picked":["Dual Wield","Anger"],"picked":"Body Slam","floor":1.0},{"not_picked":["Intimidate","Clothesline"],"picked":"Flex","floor":5.0},{"not_picked":["Sever Soul","Body Slam"],"picked":"Twin Strike","floor":7.0},{"not_picked":["Perfected Strike","Rampage"],"picked":"Pummel","floor":14.0},{"not_picked":["Fiend Fire","Berserk"],"picked":"Feed","floor":16.0},{"not_picked":["Sword Boomerang","Warcry"],"picked":"Shrug It Off+1","floor":18.0},{"not_picked":["Flame Barrier","Power Through"],"picked":"Flex+1","floor":20.0},{"not_picked":["Power Through","Wild Strike"],"picked":"Shockwave","floor":24.0},{"not_picked":["Thunderclap","Ghostly Armor"],"picked":"Warcry+1","floor":27},{"not_picked":["Cleave","Wild Strike"],"picked":"Seeing Red","floor":29},{"not_picked":["Offering","Warcry"],"picked":"Dark Embrace","floor":30},{"not_picked":["Exhume","Double Tap"],"picked":"Corruption","floor":33},{"not_picked":["Twin Strike+1","Thunderclap+1"],"picked":"Wild Strike+1","floor":35},{"not_picked":["Clash+1","Shrug It Off+1"],"picked":"Flex+1","floor":37},{"not_picked":["Wild Strike+1","Heavy Blade+1","Inflame"],"picked":"SKIP","floor":41},{"not_picked":["Rampage","Bludgeon"],"picked":"Disarm+1","floor":44},{"not_picked":["Dual Wield","Rampage"],"picked":"Warcry+1","floor":45},{"not_picked":["Headbutt+1","Twin Strike"],"picked":"Pummel+1","floor":46},{"not_picked":["Iron Wave","Rampage"],"picked":"Sword Boomerang+1","floor":48}],"player_experience":120951,"relics_obtained":[{"floor":7.0,"key":"Bottled Flame"},{"floor":9.0,"key":"Mummified Hand"},{"floor":12.0,"key":"Dream Catcher"},{"floor":17.0,"key":"MealTicket"},{"floor":17.0,"key":"Sundial"},{"floor":17.0,"key":"Unceasing Top"},{"floor":24.0,"key":"Meat on the Bone"},{"floor":26.0,"key":"Matryoshka"},{"floor":27,"key":"Boot"},{"floor":41,"key":"Paper Frog"},{"floor":43,"key":"Omamori"},{"floor":43,"key":"Oddly Smooth Stone"},{"floor":45,"key":"The Courier"}],"event_choices":[{"damage_healed":0.0,"max_hp_gain":0.0,"max_hp_loss":0.0,"gold_gain":0.0,"event_name":"Golden Idol","player_choice":"Take Damage","floor":3.0,"gold_loss":0.0,"damage_taken":20.0,"relics_obtained":["Golden Idol"]},{"damage_healed":0.0,"max_hp_gain":0.0,"max_hp_loss":0.0,"gold_gain":0.0,"event_name":"Living Wall","player_choice":"Grow","floor":4.0,"gold_loss":0.0,"damage_taken":0.0,"cards_upgraded":["Body Slam"]},{"damage_healed":0.0,"max_hp_gain":0.0,"max_hp_loss":0.0,"gold_gain":0.0,"event_name":"Scrap Ooze","player_choice":"Success","floor":13.0,"gold_loss":0.0,"damage_taken":12.0,"relics_obtained":["Centennial Puzzle"]},{"damage_healed":0.0,"max_hp_gain":0.0,"max_hp_loss":0.0,"gold_gain":0.0,"event_name":"Ghosts","player_choice":"Ignored","floor":19.0,"gold_loss":0.0,"damage_taken":0.0},{"damage_healed":0.0,"max_hp_gain":0.0,"max_hp_loss":0.0,"gold_gain":0.0,"event_name":"The Library","player_choice":"Read","floor":21.0,"gold_loss":0.0,"damage_taken":0.0,"cards_obtained":["Infernal Blade"]},{"damage_healed":0,"gold_gain":0,"player_choice":"Bought 1 Potion","damage_taken":0,"max_hp_gain":0,"max_hp_loss":0,"event_name":"The Woman in Blue","floor":36,"gold_loss":0},{"damage_healed":0,"gold_gain":0,"player_choice":"Forge","damage_taken":0,"max_hp_gain":0,"max_hp_loss":0,"event_name":"Accursed Blacksmith","floor":47,"gold_loss":0,"cards_upgraded":["Infernal Blade"]}],"is_beta":false,"boss_relics":[{"not_picked":["Runic Dome","Empty Cage"],"picked":"Calling Bell"},{"not_picked":["Mark of Pain","Black Blood"],"picked":"Philosopher\u0027s Stone"}],"items_purged_floors":[],"is_endless":false,"potions_floor_spawned":[1,5,14,20,24,29,30,35,48],"ascension_level":0}}