{"host":"1e3ivg30op4goso1","time":1613340794,"event":{"mods":["AchievementEnabler","Ascension Unlocker","BaseMod","Colored Map","Minty Spire (QoL Compilation)","Permanent Neow","Quick Restart","Relic Filter","StSLib","SuperFastMode"],"gold_per_floor":[109,120,120,120,137,168,185,185,262,275,291,291,291,309,309,382,382,400,600,105,119,138,138,148,148,224,224,224],"floor_reached":27,"language":"ENG","playtime":1113,"items_purged":["Strike_B"],"score":459,"play_id":"76bcd29b-67fc-4834-81be-2c6b623fc6d3","local_time":"20210214171314","is_ascension_mode":true,"campfire_choices":[{"data":"1","floor":8.0,"key":"LIFT"},{"floor":13.0,"key":"REST"},{"floor":15.0,"key":"REST"},{"floor":23.0,"key":"REST"}],"circlet_count":0,"master_deck":["AscendersBane","Defend_B","Defend_B","Defend_B","Defend_B","All For One","Sweeping Beam","Beam Cell","Streamline","FTL","Go for the Eyes","Go for the Eyes","Seek","FTL","Flash of Steel","Go for the Eyes+1","Beam Cell","Bite","Bite","Bite","Bite","Bite"],"relics":["Cracked Core","Strawberry","Girya","Pear","Empty Cage","Unceasing Top","InkBottle"],"acts_visited":["Exordium","TheCity"],"potions_floor_usage":[],"damage_taken":[{"damage":1.0,"enemies":"Cultist","floor":1.0,"turns":3.0},{"damage":7.0,"enemies":"Jaw Worm","floor":2.0,"turns":3.0},{"damage":3.0,"enemies":"Small Slimes","floor":5.0,"turns":3.0},{"damage":8.0,"enemies":"Gremlin Nob","floor":6.0,"turns":3.0},{"damage":11.0,"enemies":"Blue Slaver","floor":7.0,"turns":3.0},{"damage":7.0,"enemies":"Gremlin Gang","floor":10.0,"turns":4.0},{"damage":13.0,"enemies":"Large Slime","floor":11.0,"turns":3.0},{"damage":11.0,"enemies":"3 Louse","floor":14.0,"turns":2.0},{"damage":33.0,"enemies":"Hexaghost","floor":16.0,"turns":7.0},{"damage":19.0,"enemies":"2 Thieves","floor":18.0,"turns":4.0},{"damage":0.0,"enemies":"Spheric Guardian","floor":21.0,"turns":3.0},{"damage":40.0,"enemies":"Shelled Parasite and Fungi","floor":22.0,"turns":3.0},{"damage":35.0,"enemies":"Sentry and Sphere","floor":24.0,"turns":6.0},{"damage":14,"enemies":"Centurion and Healer","floor":27,"turns":1}],"seed_played":"-3683101103550874172","potions_obtained":[{"floor":5.0,"key":"LiquidMemories"},{"floor":6.0,"key":"PowerPotion"},{"floor":14.0,"key":"PowerPotion"},{"floor":18.0,"key":"DistilledChaos"}],"is_trial":false,"path_per_floor":["M","M","T","?","M","E","M","R","T","M","M","$","R","M","R","B",null,"M","?","$","M","M","R","M","?","T","M"],"character_chosen":"DEFECT","items_purchased":["Flash of Steel","Unceasing Top"],"campfire_rested":3,"item_purchase_floors":[20,20],"current_hp_per_floor":[45,38,45,45,42,34,23,23,33,26,13,13,39,28,54,21,71,52,52,52,52,12,38,3,3,3,0,0],"gold":224,"neow_bonus":"THREE_RARE_CARDS","is_daily":false,"chose_seed":false,"campfire_upgraded":0,"win_rate":0.0,"timestamp":1613340794,"path_taken":["M","?","?","?","M","E","M","R","T","M","M","$","R","M","R","BOSS","M","?","$","?","M","R","M","?","T","M"],"items_purchased_type":["Card","Relic"],"build_version":"2020-12-22","purchased_purges":1,"victory":false,"max_hp_per_floor":[71,71,78,78,78,78,78,78,88,88,88,88,88,88,88,88,88,88,88,88,88,88,88,88,61,61,61,61],"card_choices":[{"not_picked":["Fission","Reboot"],"picked":"All For One","floor":0.0},{"not_picked":["Rebound","Storm","Ball Lightning"],"picked":"SKIP","floor":1.0},{"not_picked":["Leap","Barrage"],"picked":"Sweeping Beam","floor":2.0},{"not_picked":["Barrage","Streamline"],"picked":"Beam Cell","floor":5.0},{"not_picked":["Hologram","Capacitor"],"picked":"Streamline","floor":6.0},{"not_picked":["Steam Power","Echo Form"],"picked":"FTL","floor":7.0},{"not_picked":["Conserve Battery","Redo"],"picked":"Go for the Eyes","floor":10.0},{"not_picked":["Barrage","Hello World","Ball Lightning"],"picked":"SKIP","floor":11.0},{"not_picked":["Barrage","Fission"],"picked":"Go for the Eyes","floor":14.0},{"not_picked":["Rainbow","Buffer"],"picked":"Seek","floor":16.0},{"not_picked":["Tempest","Doom and Gloom+1"],"picked":"FTL","floor":18.0},{"not_picked":["Sweeping Beam","Redo"],"picked":"Go for the Eyes+1","floor":21.0},{"not_picked":["Steam","Glacier"],"picked":"Beam Cell","floor":22.0},{"not_picked":["Glacier","Cold Snap+1","Stack"],"picked":"SKIP","floor":24.0}],"player_experience":3615,"relics_obtained":[{"floor":3.0,"key":"Strawberry"},{"floor":6.0,"key":"Girya"},{"floor":9.0,"key":"Pear"},{"floor":26.0,"key":"InkBottle"}],"event_choices":[{"damage_healed":0.0,"max_hp_gain":0.0,"max_hp_loss":0.0,"gold_gain":0.0,"event_name":"Shining Light","player_choice":"Ignored","floor":4.0,"gold_loss":0.0,"damage_taken":0.0},{"damage_healed":0.0,"max_hp_gain":0.0,"max_hp_loss":0.0,"gold_gain":200.0,"event_name":"Wheel of Change","player_choice":"Gold","floor":19.0,"gold_loss":0.0,"damage_taken":0.0},{"damage_healed":0.0,"max_hp_gain":0.0,"max_hp_loss":27.0,"gold_gain":0.0,"event_name":"Vampires","player_choice":"Became a vampire","floor":25.0,"gold_loss":0.0,"damage_taken":0.0,"cards_obtained":["Bite","Bite","Bite","Bite","Bite"]}],"is_beta":false,"boss_relics":[{"not_picked":["Ectoplasm","Inserter"],"picked":"Empty Cage"}],"items_purged_floors":[20],"is_endless":false,"potions_floor_spawned":[5,6,14,18],"killed_by":"Centurion and Healer","ascension_level":20}}