{"host":"oigynbtg272c19pw","time":1613316811,"event":{"mods":["BaseMod","Colored Map","Minty Spire (QoL Compilation)","Relic Stats","Slay the Relics Exporter","StSLib"],"gold_per_floor":[113,38,55,74,90,123,123,148,173,173,173,186,186,197,197,197,197],"floor_reached":16,"playtime":525,"items_purged":["Strike_R"],"score":224,"play_id":"dc31c1d4-76f9-4a86-9b07-c21caabb81f4","local_time":"20210214163331","is_ascension_mode":true,"campfire_choices":[{"data":"Clothesline","floor":7.0,"key":"SMITH"},{"floor":11.0,"key":"REST"},{"data":"Iron Wave","floor":13.0,"key":"SMITH"},{"data":"Pommel Strike","floor":15.0,"key":"SMITH"}],"circlet_count":0,"master_deck":["AscendersBane","Strike_R","Strike_R","Strike_R","Strike_R","Defend_R","Defend_R","Defend_R","Defend_R","Bash","Twin Strike","Pommel Strike+1","Clothesline+1","Iron Wave+1","Dark Embrace","Clash","Second Wind"],"relics":["Burning Blood","Oddly Smooth Stone","InkBottle","Pen Nib","Boot","Regal Pillow"],"acts_visited":["Exordium"],"potions_floor_usage":[16],"damage_taken":[{"damage":14.0,"enemies":"Small Slimes","floor":1.0,"turns":4.0},{"damage":0.0,"enemies":"2 Louse","floor":3.0,"turns":2.0},{"damage":0.0,"enemies":"Cultist","floor":4.0,"turns":3.0},{"damage":16.0,"enemies":"3 Louse","floor":5.0,"turns":4.0},{"damage":30.0,"enemies":"3 Sentries","floor":6.0,"turns":10.0},{"damage":18.0,"enemies":"Gremlin Nob","floor":8.0,"turns":4.0},{"damage":0.0,"enemies":"Large Slime","floor":12.0,"turns":4.0},{"damage":15.0,"enemies":"Gremlin Gang","floor":14.0,"turns":5.0},{"damage":53,"enemies":"The Guardian","floor":16,"turns":8}],"seed_played":"664981938065083503","potions_obtained":[{"floor":3.0,"key":"SteroidPotion"},{"floor":4.0,"key":"PowerPotion"},{"floor":5.0,"key":"Strength Potion"},{"floor":8.0,"key":"CultistPotion"},{"floor":12.0,"key":"Ancient Potion"}],"is_trial":false,"path_per_floor":["M","$","M","M","M","E","R","E","T","?","R","M","R","M","R","B"],"character_chosen":"IRONCLAD","items_purchased":[],"campfire_rested":1,"item_purchase_floors":[],"current_hp_per_floor":[60,60,66,72,62,38,38,26,26,15,52,58,58,49,49,0,0],"gold":197,"neow_bonus":"RANDOM_COMMON_RELIC","is_daily":false,"chose_seed":false,"campfire_upgraded":3,"win_rate":0.0,"timestamp":1613316811,"path_taken":["M","$","M","M","M","E","R","E","T","?","R","M","R","M","R","BOSS"],"items_purchased_type":[],"build_version":"2020-12-13","purchased_purges":1,"victory":false,"max_hp_per_floor":[75,75,75,75,75,75,75,75,75,75,75,75,75,75,75,75,75],"relic_stats":{"Regal Pillow":15,"counters":[9,44],"Pen Nib":[3],"Boot":[2],"obtain_stats":[{"Regal Pillow":10,"Oddly Smooth Stone":0,"Pen Nib":8,"Boot":9,"Burning Blood":0,"InkBottle":6},{"Regal Pillow":6,"Oddly Smooth Stone":0,"Pen Nib":6,"Boot":6,"Burning Blood":0,"InkBottle":5},{"Regal Pillow":27,"Oddly Smooth Stone":0,"Pen Nib":27,"Boot":27,"Burning Blood":0,"InkBottle":23}],"Burning Blood":48,"InkBottle":[5]},"card_choices":[{"not_picked":["Sword Boomerang","Thunderclap"],"picked":"Twin Strike","floor":1.0},{"not_picked":["Clash","Flex"],"picked":"Pommel Strike","floor":3.0},{"not_picked":["Intimidate","Dual Wield"],"picked":"Clothesline","floor":4.0},{"not_picked":["Anger","Armaments"],"picked":"Iron Wave","floor":5.0},{"not_picked":["Infernal Blade","Blood for Blood"],"picked":"Dark Embrace","floor":6.0},{"not_picked":["Perfected Strike","Evolve"],"picked":"Clash","floor":8.0},{"not_picked":["Whirlwind","Clash","Havoc"],"picked":"SKIP","floor":12.0},{"not_picked":["Dual Wield","Sword Boomerang"],"picked":"Second Wind","floor":14.0}],"player_experience":1605997,"relics_obtained":[{"floor":6.0,"key":"InkBottle"},{"floor":8.0,"key":"Pen Nib"},{"floor":9.0,"key":"Boot"}],"event_choices":[{"damage_healed":0.0,"max_hp_gain":0.0,"max_hp_loss":0.0,"gold_gain":0.0,"event_name":"Scrap Ooze","player_choice":"Success","floor":10.0,"gold_loss":0.0,"damage_taken":11.0,"relics_obtained":["Regal Pillow"]}],"is_beta":false,"boss_relics":[],"items_purged_floors":[2],"is_endless":false,"potions_floor_spawned":[3,4,5,8,12],"killed_by":"The Guardian","ascension_level":20}}