{"host":"fbdlh90rovbiajun","time":1613288042,"event":{"mods":["AchievementEnabler","BaseMod","Colored Map","Keyboard Shortcuts","Minty Spire (QoL Compilation)","SuperFastMode"],"gold_per_floor":[112,112,112,112,127,161,161,176,176,191,191,191,191,210,210,314,314,330,349,299,19,19,30,30,30,30,30,48,48,64,64,64],"floor_reached":31,"language":"KOR","playtime":852,"items_purged":[],"score":260,"play_id":"2448a11a-978d-480e-aa9c-02a4aec11fd4","local_time":"20210214163402","is_ascension_mode":false,"campfire_choices":[{"data":"Offering","floor":7,"key":"SMITH"},{"data":"Inflame","floor":12,"key":"SMITH"},{"floor":15,"key":"REST"},{"data":"Inflame","floor":27,"key":"SMITH"},{"data":"Spot Weakness","floor":29,"key":"SMITH"}],"circlet_count":0,"master_deck":["Strike_R+1","Strike_R+1","Strike_R+1","Strike_R+1","Strike_R+1","Defend_R+1","Defend_R+1","Defend_R+1","Bash","Clash","Offering+1","Inflame+1","Offering","Spot Weakness+1","Iron Wave","Warcry+1","Inflame+1","Flex","Battle Trance","Thunderclap","Battle Trance"],"relics":["Burning Blood","NeowsBlessing","Lantern","Question Card","White Beast Statue","Black Star","Orichalcum"],"acts_visited":["Exordium","TheCity"],"potions_floor_usage":[14,16,19,19,28],"damage_taken":[{"damage":0,"enemies":"Small Slimes","floor":1,"turns":2},{"damage":0,"enemies":"Cultist","floor":5,"turns":1},{"damage":0,"enemies":"Lagavulin","floor":6,"turns":1},{"damage":0,"enemies":"2 Louse","floor":8,"turns":2},{"damage":27,"enemies":"Exordium Thugs","floor":10,"turns":4},{"damage":6,"enemies":"Looter","floor":14,"turns":1},{"damage":43,"enemies":"The Guardian","floor":16,"turns":9},{"damage":6,"enemies":"Spheric Guardian","floor":18,"turns":3},{"damage":16,"enemies":"2 Thieves","floor":19,"turns":3},{"damage":30,"enemies":"Snake Plant","floor":23,"turns":3},{"damage":8,"enemies":"3 Cultists","floor":28,"turns":4},{"damage":14,"enemies":"Cultist and Chosen","floor":30,"turns":4},{"damage":41,"enemies":"Snake Plant","floor":31,"turns":2}],"seed_played":"5785893388782337400","potions_obtained":[{"floor":1,"key":"Swift Potion"},{"floor":4,"key":"Energy Potion"},{"floor":4,"key":"AttackPotion"},{"floor":4,"key":"Weak Potion"},{"floor":10,"key":"GamblersBrew"},{"floor":14,"key":"Fire Potion"},{"floor":16,"key":"LiquidMemories"},{"floor":18,"key":"DuplicationPotion"},{"floor":19,"key":"PowerPotion"},{"floor":23,"key":"Energy Potion"},{"floor":28,"key":"SpeedPotion"}],"is_trial":false,"path_per_floor":["M","?","?","?","M","E","R","M","T","M","?","R","?","M","R","B",null,"M","M","?","$","$","M","?","?","T","R","M","R","M","M"],"character_chosen":"IRONCLAD","items_purchased":["Inflame","Orichalcum","Flex"],"campfire_rested":1,"item_purchase_floors":[21,21,21],"current_hp_per_floor":[80,80,64,64,70,76,76,80,80,59,47,47,47,47,71,34,80,80,70,70,70,70,46,46,46,46,46,44,44,36,0,0],"gold":64,"neow_bonus":"THREE_ENEMY_KILL","is_daily":false,"chose_seed":false,"campfire_upgraded":4,"win_rate":0.0,"timestamp":1613288042,"path_taken":["M","?","?","?","M","E","R","M","T","?","?","R","?","M","R","BOSS","M","M","?","?","$","M","?","?","T","R","M","R","?","M"],"items_purchased_type":["Card","Relic","Card"],"build_version":"2020-12-22","purchased_purges":0,"victory":false,"max_hp_per_floor":[80,80,80,80,80,80,80,80,80,80,80,80,80,80,80,80,80,80,80,80,80,80,80,80,80,80,80,80,80,80,80,80],"card_choices":[{"not_picked":["Dropkick","Disarm"],"picked":"Clash","floor":1},{"not_picked":["Armaments","Dual Wield","Twin Strike"],"picked":"SKIP","floor":5},{"not_picked":["Perfected Strike","Juggernaut","Brutality"],"picked":"SKIP","floor":6},{"not_picked":["Pommel Strike","Body Slam"],"picked":"Inflame","floor":8},{"not_picked":["Pommel Strike","Carnage","Perfected Strike","Clash"],"picked":"SKIP","floor":10},{"not_picked":["Anger","Armaments","Body Slam"],"picked":"Spot Weakness","floor":14},{"not_picked":["Pommel Strike+1","Fire Breathing+1","Feel No Pain"],"picked":"Iron Wave","floor":18},{"not_picked":["Dropkick","Flame Barrier","Clash"],"picked":"Warcry+1","floor":19},{"not_picked":["Sword Boomerang","True Grit","Shrug It Off","Anger"],"picked":"SKIP","floor":23},{"not_picked":["Pommel Strike","Feel No Pain","Twin Strike"],"picked":"Thunderclap","floor":28},{"not_picked":["Brutality","Dual Wield","Blood for Blood"],"picked":"Battle Trance","floor":30}],"player_experience":37237,"relics_obtained":[{"floor":6,"key":"Lantern"},{"floor":9,"key":"Question Card"}],"event_choices":[{"damage_healed":0,"gold_gain":0,"cards_transformed":["Defend_R"],"player_choice":"Change","damage_taken":0,"max_hp_gain":0,"max_hp_loss":0,"event_name":"Living Wall","floor":2,"gold_loss":0,"cards_obtained":["Offering"]},{"damage_healed":0,"gold_gain":0,"player_choice":"Entered Light","damage_taken":16,"max_hp_gain":0,"max_hp_loss":0,"event_name":"Shining Light","floor":3,"gold_loss":0,"cards_upgraded":["Defend_R","Strike_R"]},{"damage_healed":0,"gold_gain":0,"player_choice":"Got Potions","damage_taken":0,"max_hp_gain":0,"max_hp_loss":0,"event_name":"Lab","floor":4,"gold_loss":0},{"damage_healed":0,"gold_gain":0,"player_choice":"Success","damage_taken":12,"relics_obtained":["White Beast Statue"],"max_hp_gain":0,"max_hp_loss":0,"event_name":"Scrap Ooze","floor":11,"gold_loss":0},{"damage_healed":0,"gold_gain":0,"player_choice":"1 cards matched","damage_taken":0,"max_hp_gain":0,"max_hp_loss":0,"event_name":"Match and Keep!","floor":13,"gold_loss":0,"cards_obtained":["Offering"]},{"damage_healed":0,"gold_gain":0,"player_choice":"Bet on Owner","damage_taken":0,"max_hp_gain":0,"max_hp_loss":0,"event_name":"The Joust","floor":20,"gold_loss":50},{"damage_healed":0,"gold_gain":0,"player_choice":"Simplicity","damage_taken":0,"max_hp_gain":0,"max_hp_loss":0,"event_name":"Back to Basics","floor":24,"gold_loss":0,"cards_upgraded":["Strike_R","Strike_R","Strike_R","Strike_R","Defend_R","Defend_R"]},{"damage_healed":0,"gold_gain":0,"player_choice":"Read","damage_taken":0,"max_hp_gain":0,"max_hp_loss":0,"event_name":"The Library","floor":25,"gold_loss":0,"cards_obtained":["Battle Trance"]}],"is_beta":false,"boss_relics":[{"not_picked":["Runic Cube","Fusion Hammer"],"picked":"Black Star"}],"items_purged_floors":[],"is_endless":false,"potions_floor_spawned":[1,6,10,14,16,18,19,23,28,30],"killed_by":"Snake Plant","ascension_level":0}}