{"host":"7yyoe0ei0fseceei","time":1613296268,"event":{"mods":["BaseMod","Colored Map","Highlight Path","Minty Spire (QoL Compilation)","Quick Restart"],"gold_per_floor":[112,262,282,298,298,333,333,18,43,43,43],"floor_reached":10,"language":"ENG","playtime":258,"items_purged":["Doubt"],"score":132,"play_id":"745b3a5d-a37d-4096-bbfe-42779dbf1511","local_time":"20210214105108","is_ascension_mode":true,"campfire_choices":[{"floor":7,"key":"REST"}],"circlet_count":0,"master_deck":["AscendersBane","Strike_B","Strike_B","Strike_B","Strike_B","Defend_B","Defend_B","Defend_B","Defend_B","Zap","Dualcast","Electrodynamics+1","Redo","Leap","Leap","Capacitor","Bandage Up","Electrodynamics+1"],"relics":["Cracked Core","CeramicFish","DollysMirror","Ancient Tea Set"],"acts_visited":[],"potions_floor_usage":[10],"damage_taken":[{"damage":1,"enemies":"Cultist","floor":1,"turns":3},{"damage":4,"enemies":"2 Louse","floor":3,"turns":3},{"damage":19,"enemies":"Jaw Worm","floor":4,"turns":4},{"damage":32,"enemies":"Lagavulin","floor":6,"turns":9},{"damage":44,"enemies":"Gremlin Nob","floor":10,"turns":3}],"seed_played":"-4202205505239116160","potions_obtained":[{"floor":6,"key":"SkillPotion"}],"is_trial":false,"path_per_floor":["M","?","M","M","?","E","R","$","T","E"],"character_chosen":"DEFECT","items_purchased":["Bandage Up","DollysMirror"],"campfire_rested":1,"item_purchase_floors":[8,8],"current_hp_per_floor":[63,63,59,40,40,8,27,27,27,0,0],"gold":43,"neow_bonus":"THREE_RARE_CARDS","is_daily":false,"chose_seed":false,"campfire_upgraded":0,"win_rate":0.0,"timestamp":1613296268,"path_taken":["M","?","M","M","?","E","R","$","T","E"],"items_purchased_type":["Card","Relic"],"build_version":"2020-12-22","purchased_purges":1,"victory":false,"max_hp_per_floor":[64,64,64,64,64,64,64,64,64,64,64],"card_choices":[{"not_picked":["Core Surge","Buffer"],"picked":"Electrodynamics","floor":0},{"not_picked":["Gash","Blizzard"],"picked":"Redo","floor":1},{"not_picked":["Rebound","Go for the Eyes"],"picked":"Leap","floor":3},{"not_picked":["Consume","Stack"],"picked":"Leap","floor":4},{"not_picked":["Tempest","Go for the Eyes"],"picked":"Capacitor","floor":6}],"player_experience":920996,"relics_obtained":[{"floor":6,"key":"CeramicFish"},{"floor":9,"key":"Ancient Tea Set"}],"event_choices":[{"damage_healed":0,"gold_gain":150,"player_choice":"AGREE","damage_taken":0,"max_hp_gain":0,"max_hp_loss":0,"event_name":"Liars Game","floor":2,"gold_loss":0,"cards_obtained":["Doubt"]},{"damage_healed":0,"gold_gain":0,"player_choice":"Grow","damage_taken":0,"max_hp_gain":0,"max_hp_loss":0,"event_name":"Living Wall","floor":5,"gold_loss":0,"cards_upgraded":["Electrodynamics"]}],"is_beta":false,"boss_relics":[],"items_purged_floors":[8],"is_endless":false,"potions_floor_spawned":[6],"killed_by":"Gremlin Nob","ascension_level":20}}