{"host":"kda2p2afd6bvz6qo","time":1613335165,"event":{"mods":["BaseMod","Colored Map","Minty Spire (QoL Compilation)","Relic Stats"],"gold_per_floor":[116,116,116,116,132,132,132,132],"floor_reached":7,"language":"ENG","playtime":478,"items_purged":[],"score":78,"play_id":"d3933cf4-a257-41e4-a7b8-7dabbb5b62af","local_time":"20210214203925","is_ascension_mode":true,"campfire_choices":[{"data":"Leg Sweep","floor":6,"key":"SMITH"}],"circlet_count":0,"master_deck":["AscendersBane","Strike_G","Strike_G+1","Strike_G","Strike_G","Strike_G","Defend_G","Defend_G","Defend_G","Defend_G","Defend_G","Survivor","Neutralize+1","CurseOfTheBell","Leg Sweep+1","Reflex"],"relics":["Calling Bell","Bag of Preparation","InkBottle","Gambling Chip"],"acts_visited":["Exordium"],"potions_floor_usage":[4,7,7],"damage_taken":[{"damage":6,"enemies":"Cultist","floor":1,"turns":5},{"damage":0,"enemies":"Small Slimes","floor":5,"turns":4},{"damage":40,"enemies":"3 Sentries","floor":7,"turns":12}],"seed_played":"3652682392633546605","potions_obtained":[{"floor":1,"key":"Fruit Juice"},{"floor":4,"key":"Poison Potion"},{"floor":4,"key":"GamblersBrew"}],"is_trial":false,"path_per_floor":["M","?","?","?","M","R","E"],"character_chosen":"THE_SILENT","items_purchased":[],"campfire_rested":0,"item_purchase_floors":[],"current_hp_per_floor":[53,53,33,38,38,38,0,0],"gold":132,"neow_bonus":"BOSS_RELIC","is_daily":false,"chose_seed":false,"campfire_upgraded":1,"win_rate":0.0,"timestamp":1613335165,"path_taken":["M","?","?","?","M","R","E"],"items_purchased_type":[],"build_version":"2020-12-22","purchased_purges":0,"victory":false,"max_hp_per_floor":[66,66,66,71,71,71,71,71],"relic_stats":{"counters":[3,21],"Gambling Chip":[14],"Bag of Preparation":[6],"obtain_stats":[{"Calling Bell":0,"Gambling Chip":0,"Bag of Preparation":0,"InkBottle":0,"Ring of the Snake":0},{"Calling Bell":0,"Gambling Chip":0,"Bag of Preparation":0,"InkBottle":0,"Ring of the Snake":0},{"Calling Bell":0,"Gambling Chip":0,"Bag of Preparation":0,"InkBottle":0,"Ring of the Snake":0}],"InkBottle":[5]},"card_choices":[{"not_picked":["Poisoned Stab","Flechettes"],"picked":"Leg Sweep","floor":1},{"not_picked":["Slice","Dodge and Roll"],"picked":"Reflex","floor":5}],"player_experience":264953,"relics_obtained":[{"floor":0,"key":"Bag of Preparation"},{"floor":0,"key":"InkBottle"},{"floor":0,"key":"Gambling Chip"}],"event_choices":[{"damage_healed":0,"gold_gain":0,"player_choice":"Ignored","damage_taken":0,"max_hp_gain":0,"max_hp_loss":0,"event_name":"Liars Game","floor":2,"gold_loss":0},{"damage_healed":0,"gold_gain":0,"player_choice":"Entered Light","damage_taken":20,"max_hp_gain":0,"max_hp_loss":0,"event_name":"Shining Light","floor":3,"gold_loss":0,"cards_upgraded":["Neutralize","Strike_G"]},{"damage_healed":0,"gold_gain":0,"player_choice":"Got Potions","damage_taken":0,"max_hp_gain":0,"max_hp_loss":0,"event_name":"Lab","floor":4,"gold_loss":0}],"is_beta":false,"boss_relics":[],"items_purged_floors":[],"is_endless":false,"potions_floor_spawned":[1],"killed_by":"3 Sentries","ascension_level":20}}