{"host":"qc8p2flj7wsy3zpg","time":1613344991,"event":{"mods":["BaseMod","Highlight Path","Minty Spire (QoL Compilation)","Relic Stats","StSLib"],"gold_per_floor":[111,111,60,80,99,124,149,194,206,232,263,275,319,345,357,442,454,484,506,19,33,33,33,68,68,68,68,97,97,17,48,48,124,124,138,157,157,207,221,221,221,221],"floor_reached":41,"language":"ENG","playtime":2632,"items_purged":["Strike_R"],"score":992,"play_id":"d6bf2cb9-09fb-4a2e-b7ea-b7e012a2555b","local_time":"20210214172311","is_ascension_mode":true,"campfire_choices":[{"floor":12.0,"key":"REST"},{"floor":15.0,"key":"REST"},{"floor":23.0,"key":"REST"},{"floor":27.0,"key":"REST"},{"floor":29.0,"key":"REST"},{"floor":32.0,"key":"REST"},{"floor":40,"key":"REST"}],"circlet_count":0,"master_deck":["AscendersBane","Defend_R+1","Defend_R+1","Defend_R+1","Defend_R+1","Bash","Pommel Strike","Heavy Blade","Battle Trance","Clothesline","Sever Soul","Power Through","Blood for Blood","Feel No Pain","Armaments","Bludgeon","Second Wind","Offering","True Grit","Ghostly Armor+1","Evolve","Sentinel","Feel No Pain","Reaper","Impervious+1","Havoc+1","Shockwave+1","Pommel Strike+1"],"relics":["Mark of Pain","MawBank","Regal Pillow","Gremlin Horn","StrikeDummy","Empty Cage","OrangePellets","Strawberry","StoneCalendar","Orichalcum","Lantern","Toy Ornithopter","Astrolabe","Torii"],"acts_visited":["Exordium","TheCity","TheBeyond"],"potions_floor_usage":[41],"damage_taken":[{"damage":2.0,"enemies":"2 Louse","floor":1.0,"turns":3.0},{"damage":1.0,"enemies":"Cultist","floor":4.0,"turns":3.0},{"damage":1.0,"enemies":"Small Slimes","floor":5.0,"turns":3.0},{"damage":17.0,"enemies":"3 Sentries","floor":6.0,"turns":9.0},{"damage":11.0,"enemies":"Exordium Wildlife","floor":7.0,"turns":5.0},{"damage":10.0,"enemies":"Lagavulin","floor":8.0,"turns":5.0},{"damage":0.0,"enemies":"2 Fungi Beasts","floor":10.0,"turns":4.0},{"damage":19.0,"enemies":"Large Slime","floor":11.0,"turns":6.0},{"damage":8.0,"enemies":"3 Sentries","floor":13.0,"turns":8.0},{"damage":9.0,"enemies":"3 Louse","floor":14.0,"turns":2.0},{"damage":37.0,"enemies":"The Guardian","floor":16.0,"turns":9.0},{"damage":16.0,"enemies":"2 Thieves","floor":18.0,"turns":5.0},{"damage":12.0,"enemies":"3 Byrds","floor":19.0,"turns":3.0},{"damage":10.0,"enemies":"Centurion and Healer","floor":21.0,"turns":4.0},{"damage":28.0,"enemies":"Slavers","floor":24.0,"turns":6.0},{"damage":49.0,"enemies":"Book of Stabbing","floor":28.0,"turns":7.0},{"damage":20.0,"enemies":"Slavers","floor":31.0,"turns":5.0},{"damage":68.0,"enemies":"Collector","floor":33.0,"turns":10.0},{"damage":14.0,"enemies":"3 Darklings","floor":35.0,"turns":7.0},{"damage":5,"enemies":"Orb Walker","floor":36,"turns":2},{"damage":25,"enemies":"2 Orb Walkers","floor":38,"turns":7},{"damage":35,"enemies":"Maw","floor":39,"turns":9},{"damage":74,"enemies":"Giant Head","floor":41,"turns":9}],"seed_played":"-2766400507603773312","potions_obtained":[{"floor":1.0,"key":"Swift Potion"},{"floor":2.0,"key":"GamblersBrew"},{"floor":2.0,"key":"Block Potion"},{"floor":10.0,"key":"Swift Potion"},{"floor":13.0,"key":"LiquidBronze"},{"floor":18.0,"key":"PowerPotion"},{"floor":28.0,"key":"PowerPotion"},{"floor":36,"key":"Swift Potion"},{"floor":38,"key":"Swift Potion"}],"is_trial":false,"path_per_floor":["M","?","$","M","M","E","M","E","T","M","M","R","E","M","R","B",null,"M","M","$","M","?","R","E","?","T","R","E","R","$","E","R","B",null,"M","M","?","?","M","R","E"],"character_chosen":"IRONCLAD","items_purchased":["Heavy Blade","OrangePellets","Strawberry","Evolve","Feel No Pain"],"campfire_rested":7,"item_purchase_floors":[3,20,20,20,30],"current_hp_per_floor":[66,66,66,65,64,47,36,26,26,26,7,44,36,27,64,27,63,47,35,42,32,32,71,43,43,43,82,33,72,72,52,82,14,65,63,58,58,45,16,55,0,0],"gold":221,"neow_bonus":"BOSS_RELIC","is_daily":false,"chose_seed":false,"campfire_upgraded":0,"win_rate":0.0,"timestamp":1613344991,"path_taken":["M","?","$","M","M","E","M","E","T","M","M","R","E","M","R","BOSS","M","M","$","M","?","R","E","?","T","R","E","R","$","E","R","BOSS","M","M","?","?","M","R","E"],"items_purchased_type":["Card","Relic","Relic","Card","Card"],"build_version":"2020-12-22","purchased_purges":1,"victory":false,"max_hp_per_floor":[75,75,75,75,75,75,75,75,75,75,75,75,75,75,75,75,75,75,75,82,82,82,82,82,82,82,82,82,82,82,82,82,82,82,82,82,82,82,82,82,82,82],"relic_stats":{"OrangePellets":[9],"Regal Pillow":96,"Gremlin Horn":[18,21],"Torii":0,"counters":[23,131],"Astrolabe":["Impervious","Havoc","Shockwave"],"StoneCalendar":[283],"Orichalcum":[18],"MawBank":168,"obtain_stats":[{"Regal Pillow":8,"Lantern":28,"Gremlin Horn":9,"Torii":38,"Astrolabe":34,"StoneCalendar":24,"Orichalcum":26,"MawBank":6,"Empty Cage":17,"Burning Blood":0,"OrangePellets":20,"Strawberry":20,"Mark of Pain":0,"StrikeDummy":13,"Toy Ornithopter":31},{"Regal Pillow":6,"Lantern":16,"Gremlin Horn":6,"Torii":21,"Astrolabe":18,"StoneCalendar":15,"Orichalcum":15,"MawBank":4,"Empty Cage":11,"Burning Blood":0,"OrangePellets":13,"Strawberry":13,"Mark of Pain":0,"StrikeDummy":9,"Toy Ornithopter":17},{"Regal Pillow":28,"Lantern":82,"Gremlin Horn":28,"Torii":113,"Astrolabe":97,"StoneCalendar":75,"Orichalcum":75,"MawBank":18,"Empty Cage":57,"Burning Blood":0,"OrangePellets":65,"Strawberry":65,"Mark of Pain":0,"StrikeDummy":46,"Toy Ornithopter":87}],"Toy Ornithopter":5},"card_choices":[{"not_picked":["Evolve","Wild Strike"],"picked":"Pommel Strike","floor":1.0},{"not_picked":["Warcry","True Grit"],"picked":"Battle Trance","floor":4.0},{"not_picked":["Intimidate","Wild Strike"],"picked":"Clothesline","floor":5.0},{"not_picked":["Dual Wield","Shrug It Off"],"picked":"Sever Soul","floor":6.0},{"not_picked":["Iron Wave","Fire Breathing"],"picked":"Power Through","floor":7.0},{"not_picked":["Rage","Infernal Blade"],"picked":"Blood for Blood","floor":8.0},{"not_picked":["Headbutt","Battle Trance"],"picked":"Feel No Pain","floor":10.0},{"not_picked":["Sentinel","Flex"],"picked":"Armaments","floor":11.0},{"not_picked":["Power Through","Havoc"],"picked":"Bludgeon","floor":13.0},{"not_picked":["Combust","Blood for Blood"],"picked":"Second Wind","floor":14.0},{"not_picked":["Juggernaut","Brutality"],"picked":"Offering","floor":16.0},{"not_picked":["Thunderclap","Cleave"],"picked":"True Grit","floor":18.0},{"not_picked":["Combust","Headbutt"],"picked":"Ghostly Armor+1","floor":19.0},{"not_picked":["Carnage+1","Blood for Blood"],"picked":"Cleave","floor":21.0},{"not_picked":["Anger","Combust","Headbutt"],"picked":"SKIP","floor":24.0},{"not_picked":["Thunderclap","Body Slam+1"],"picked":"Sentinel","floor":28.0},{"not_picked":["Feed","Barricade"],"picked":"Reaper","floor":33.0},{"not_picked":["Rage+1","Whirlwind","Pommel Strike"],"picked":"SKIP","floor":35.0},{"not_picked":["Armaments","Clothesline"],"picked":"Pommel Strike+1","floor":38}],"player_experience":2386458,"relics_obtained":[{"floor":6.0,"key":"MawBank"},{"floor":8.0,"key":"Regal Pillow"},{"floor":9.0,"key":"Gremlin Horn"},{"floor":13.0,"key":"StrikeDummy"},{"floor":24.0,"key":"StoneCalendar"},{"floor":26.0,"key":"Orichalcum"},{"floor":28.0,"key":"Lantern"},{"floor":31.0,"key":"Toy Ornithopter"},{"floor":38,"key":"Torii"}],"event_choices":[{"damage_healed":0.0,"max_hp_gain":0.0,"max_hp_loss":0.0,"gold_gain":0.0,"event_name":"Lab","player_choice":"Got Potions","floor":2.0,"gold_loss":0.0,"damage_taken":0.0},{"damage_healed":0.0,"max_hp_gain":0.0,"max_hp_loss":0.0,"gold_gain":0.0,"event_name":"Back to Basics","player_choice":"Simplicity","floor":25.0,"gold_loss":0.0,"damage_taken":0.0,"cards_upgraded":["Strike_R","Strike_R","Defend_R","Defend_R","Defend_R","Defend_R"]},{"damage_healed":0,"gold_gain":0,"player_choice":"Ignored","damage_taken":0,"max_hp_gain":0,"max_hp_loss":0,"event_name":"Tomb of Lord Red Mask","floor":37,"gold_loss":0},{"damage_healed":0,"gold_gain":0,"player_choice":"Fight","damage_taken":0,"max_hp_gain":0,"max_hp_loss":0,"event_name":"Mysterious Sphere","floor":38,"gold_loss":0}],"is_beta":false,"boss_relics":[{"not_picked":["SacredBark","Runic Dome"],"picked":"Empty Cage"},{"not_picked":["Runic Pyramid","Black Star"],"picked":"Astrolabe"}],"items_purged_floors":[20],"is_endless":false,"potions_floor_spawned":[1,4,5,10,13,18,28,36,38],"killed_by":"Giant Head","ascension_level":20}}