{"host":"xgo7i0560n9mwvr8","time":1613277338,"event":{"mods":["BaseMod","Colored Map","Downfall","Minty Spire (QoL Compilation)","Permanent Neow","StSLib"],"gold_per_floor":[349,364,376,376,388,405,431,459,488,488,188,198,198,210,227,331,331,331,348,448,548,375,410,410,62,96,96,114,114,126,137,147,249,249,249,263,263,263,105,105,131,131,148,158,158,40,40,51,62,62,62,92,16,16,16,16,16,16],"floor_reached":56,"language":"ENG","playtime":7089,"items_purged":[],"score":772,"play_id":"1458e87f-6db1-46d9-9bd3-12dde5e662e1","local_time":"20210213233538","is_ascension_mode":true,"campfire_choices":[{"floor":1.0,"key":"RECALL"},{"floor":11.0,"key":"REST"},{"data":"Guardian:CompilePackage","floor":13.0,"key":"SMITH"},{"data":"Guardian:BaubleBeam","floor":18.0,"key":"SMITH"},{"floor":27.0,"key":"REST"},{"floor":29.0,"key":"REST"},{"data":"Guardian:RefractedBeam+1","floor":35.0,"key":"SMITH"},{"data":"Guardian:RefractedBeam+2","floor":42.0,"key":"SMITH"},{"data":"Guardian:RefractedBeam+3","floor":45.0,"key":"SMITH"},{"data":"Guardian:RefractedBeam+4","floor":47.0,"key":"SMITH"},{"floor":54,"key":"REST"}],"circlet_count":0,"master_deck":["Guardian:Defend_Guardian","Guardian:CurlUp","Guardian:TwinSlam","Guardian:FuturePlans","Guardian:PolyBeam","Guardian:TemporalShield","Guardian:SpikerProtocol","Guardian:VentSteam","Guardian:Recover","Guardian:CompilePackage+1","Guardian:Harden","Guardian:ShieldSpikes","Guardian:BaubleBeam+1","Guardian:RefractedBeam+5","Guardian:Suspension+1","Guardian:Recover+1","Guardian:Suspension+1","Guardian:Harden","Guardian:Emergency","J.A.X.","Guardian:Incinerate+1","Guardian:EvasiveProtocol","expansioncontent:PolyBeam","Guardian:Orbwalk","Guardian:FierceBash","Guardian:SpikerProtocol","Guardian:FloatingOrbs","Guardian:Clone","Guardian:ShieldCharger","Guardian:ChargeUp","Guardian:BronzeArmor","Guardian:Recover+1","Guardian:GemFinder","CurseOfTheBell","Guardian:WalkerClaw+1","expansioncontent:YouAreMine","Guardian:RevengeProtocol","Guardian:TimeSifter","Guardian:Orbwalk+1","Guardian:Planning+1","Guardian:TimeSifter","Guardian:TimeCapacitor+1","Guardian:MultiBeam+1","Guardian:ChargeUp","Guardian:TemporalStrike+1","Guardian:PiercingHide+1","Guardian:FloatingOrbs","Guardian:SpikerProtocol+1","Guardian:Incinerate+1"],"relics":["Guardian:ModeShifter","Strawberry","Odd Mushroom","Lantern","downfall:HeartBlessingBlue","downfall:HeartBlessingRed","downfall:HeartBlessingGreen","Astrolabe","CaptainsWheel","Kunai","MutagenicStrength","Dream Catcher","Molten Egg 2","Toy Ornithopter","Question Card","Calling Bell","Art of War","Mercury Hourglass","Unceasing Top","Orrery","Ancient Tea Set","Gremlin Horn"],"acts_visited":["Exordium","TheCity","TheBeyond","TheEnding"],"potions_floor_usage":[49,50,52,55,55],"damage_taken":[{"damage":1.0,"enemies":"Small Slimes","floor":2.0,"turns":6.0},{"damage":1.0,"enemies":"Cultist","floor":3.0,"turns":4.0},{"damage":1.0,"enemies":"Jaw Worm","floor":5.0,"turns":4.0},{"damage":5.0,"enemies":"Red Slaver","floor":6.0,"turns":5.0},{"damage":23.0,"enemies":"The Mushroom Lair","floor":8.0,"turns":6.0},{"damage":30.0,"enemies":"Lagavulin","floor":9.0,"turns":11.0},{"damage":5.0,"enemies":"Exordium Wildlife","floor":12.0,"turns":4.0},{"damage":0.0,"enemies":"Large Slime","floor":14.0,"turns":1.0},{"damage":4.0,"enemies":"downfall:LooterAlt","floor":15.0,"turns":3.0},{"damage":15.0,"enemies":"DF_ARCHETYPE_STREAMLINE","floor":16.0,"turns":11.0},{"damage":0.0,"enemies":"3 Byrds","floor":19.0,"turns":4.0},{"damage":5.0,"enemies":"WA_ARCHETYPE_RETAIN","floor":20.0,"turns":12.0},{"damage":41.0,"enemies":"downfall:Augmenter","floor":21.0,"turns":12.0},{"damage":6.0,"enemies":"downfall:FleeingMerchant","floor":22.0,"turns":4.0},{"damage":24.0,"enemies":"Book of Stabbing","floor":23.0,"turns":4.0},{"damage":15.0,"enemies":"downfall:FleeingMerchant","floor":25.0,"turns":4.0},{"damage":19.0,"enemies":"Slavers","floor":26.0,"turns":3.0},{"damage":0.0,"enemies":"Spheric Guardian","floor":28.0,"turns":1.0},{"damage":14.0,"enemies":"Centurion and Healer","floor":30.0,"turns":8.0},{"damage":0.0,"enemies":"Cultist and Chosen","floor":31.0,"turns":4.0},{"damage":6.0,"enemies":"Shelled Parasite and Fungi","floor":32.0,"turns":7.0},{"damage":11.0,"enemies":"SI_MIRROR_ARCHETYPE","floor":33.0,"turns":9.0},{"damage":0.0,"enemies":"3 Shapes","floor":36.0,"turns":5.0},{"damage":0.0,"enemies":"downfall:FleeingMerchant","floor":39.0,"turns":2.0},{"damage":3.0,"enemies":"3 Darklings","floor":43.0,"turns":4.0},{"damage":13.0,"enemies":"4 Shapes","floor":44.0,"turns":4.0},{"damage":0,"enemies":"Spire Growth","floor":48,"turns":4},{"damage":7,"enemies":"Jaw Worm Horde","floor":49,"turns":5},{"damage":58,"enemies":"WA_ARCHETYPE_DIVINITY","floor":50,"turns":9},{"damage":98,"enemies":"downfall:CharBossMerchant","floor":52,"turns":9},{"damage":22,"enemies":"downfall:NeowBoss","floor":55,"turns":15},{"damage":45,"enemies":"downfall:NeowBossFinal","floor":56,"turns":9}],"seed_played":"5770764164369236047","potions_obtained":[{"floor":2.0,"key":"sneckomod:MuddlingPotion"},{"floor":4.0,"key":"Fruit Juice"},{"floor":4.0,"key":"FearPotion"},{"floor":4.0,"key":"SneckoOil"},{"floor":9.0,"key":"Explosive Potion"},{"floor":14.0,"key":"DistilledChaos"},{"floor":15.0,"key":"EntropicBrew"},{"floor":23.0,"key":"Fire Potion"},{"floor":28.0,"key":"bronze:BurnAndBuffPotion"},{"floor":30.0,"key":"Block Potion"},{"floor":31.0,"key":"Block Potion"},{"floor":33.0,"key":"GamblersBrew"},{"floor":36.0,"key":"FearPotion"},{"floor":43.0,"key":"SpeedPotion"},{"floor":44.0,"key":"Fire Potion"},{"floor":49,"key":"Weak Potion"}],"is_trial":false,"path_per_floor":["R","M","M","?","M","M","T","?","E","T","R","M","R","M","M","B",null,"R","M","?","?","$","E","T","$","E","R","M","R","M","M","M","B",null,"R","M","?","?","?","?","T","R","M","M","R","$","R","M","M","B",null,"E","$","R","B","B"],"character_chosen":"GUARDIAN","items_purchased":["expansioncontent:PolyBeam","Guardian:Orbwalk","Toy Ornithopter","Guardian:AcceleratePotion","LiquidBronze","AttackPotion","expansioncontent:YouAreMine","Fruit Juice","Guardian:Gem_Orange","Orrery","Guardian:ChargeUp","Guardian:TemporalStrike+1","Guardian:BlockOnCardUsePotion"],"campfire_rested":4,"item_purchase_floors":[22,22,25,25,25,25,39,39,39,39,46,46,53],"current_hp_per_floor":[56,55,54,59,58,53,60,37,7,7,47,42,42,42,38,23,102,102,102,97,56,50,26,26,11,7,37,37,67,53,53,52,51,102,102,102,102,102,102,102,102,102,99,96,96,96,96,96,94,41,107,14,14,46,34,0,0,0],"gold":16,"neow_bonus":"TWO_FIFTY_GOLD","is_daily":false,"chose_seed":false,"campfire_upgraded":6,"win_rate":0.0,"timestamp":1613277338,"path_taken":["R","M","M","?","M","?","T","?","E","?","R","M","R","?","M","BOSS","R","M","?","?","$","E","T","$","E","R","M","R","M","M","M","BOSS","R","M","?","?","?","?","T","R","M","M","R","$","R","?","M","BOSS","E","$","R","BOSS","BOSS"],"items_purchased_type":["Card","Card","Relic","Potion","Potion","Potion","Card","Potion","Card","Relic","Card","Card","Potion"],"build_version":"2020-12-22","purchased_purges":0,"victory":false,"max_hp_per_floor":[80,80,80,85,85,85,92,92,92,92,102,102,102,102,102,102,102,102,102,102,102,102,102,102,102,102,102,102,102,102,102,102,102,102,102,102,102,102,102,102,102,102,102,107,107,107,107,107,107,107,107,107,107,107,107,107,107,107],"card_choices":[{"not_picked":["Guardian:ChargeCore","Guardian:Harden"],"picked":"Guardian:FuturePlans","floor":2.0},{"not_picked":["Guardian:Reroute","Guardian:Gem_Cyan"],"picked":"Guardian:PolyBeam","floor":3.0},{"not_picked":["Guardian:Gem_Yellow","Guardian:FuturePlans"],"picked":"Guardian:TemporalShield","floor":5.0},{"not_picked":["Guardian:PrimingBeam","Guardian:TemporalStrike"],"picked":"Guardian:SpikerProtocol","floor":6.0},{"not_picked":["Guardian:PrimingBeam","Guardian:ChargeCore"],"picked":"Guardian:VentSteam","floor":8.0},{"not_picked":["Guardian:Gem_Red","Guardian:Incinerate"],"picked":"Guardian:Recover","floor":9.0},{"not_picked":["Guardian:Gem_Green","Guardian:Repulse"],"picked":"Guardian:CompilePackage","floor":12.0},{"not_picked":["Guardian:WalkerClaw","Guardian:Suspension"],"picked":"Guardian:Harden","floor":14.0},{"not_picked":["Guardian:Suspension","Guardian:SentryBeam"],"picked":"Guardian:ShieldSpikes","floor":15.0},{"not_picked":["Guardian:ExploitGems","Guardian:AncientConstruct"],"picked":"Guardian:BaubleBeam","floor":16.0},{"not_picked":["Guardian:WalkerClaw","Guardian:CrystalBeam"],"picked":"Guardian:Suspension+1","floor":19.0},{"not_picked":[],"picked":"J.A.X.","floor":21.0},{"not_picked":["Guardian:Gem_Green","Guardian:MultiBeam"],"picked":"Guardian:Incinerate+1","floor":21.0},{"not_picked":["Guardian:Gem_Fragmented","Guardian:Gem_White"],"picked":"Guardian:EvasiveProtocol","floor":22.0},{"not_picked":["Guardian:MultiBeam","Guardian:Repulse"],"picked":"Guardian:FierceBash","floor":23.0},{"not_picked":["Guardian:TemporalStrike+1","Guardian:Gem_Blue"],"picked":"Guardian:SpikerProtocol","floor":25.0},{"not_picked":["Guardian:BronzeArmor","Guardian:Gem_Purple"],"picked":"Guardian:FloatingOrbs","floor":26.0},{"not_picked":["Guardian:Recover","Guardian:PrimingBeam+1","Guardian:Gem_Lightblue"],"picked":"Guardian:Clone","floor":27.0},{"not_picked":["Guardian:RollAttack+1","Guardian:TemporalStrike+1","Guardian:WalkerClaw+1"],"picked":"Guardian:ShieldCharger","floor":28.0},{"not_picked":["Guardian:PrimingBeam+1","Guardian:Gem_Green","Guardian:Gem_Cyan"],"picked":"Guardian:ChargeUp","floor":29.0},{"not_picked":["Guardian:Preprogram","Guardian:PrismaticBeam+1","Guardian:TemporalShield"],"picked":"Guardian:BronzeArmor","floor":30.0},{"not_picked":["Guardian:ChargeCore+1","Guardian:Suspension+1","Guardian:PiercingHide"],"picked":"Guardian:Gem_Orange","floor":31.0},{"not_picked":["Guardian:Gem_Yellow","Guardian:FuturePlans+1","Guardian:Gem_Green"],"picked":"Guardian:Recover+1","floor":32.0},{"not_picked":["Guardian:FierceBash+1","Guardian:Gem_Orange","Guardian:BaubleBeam+1"],"picked":"Guardian:GemFinder","floor":33.0},{"not_picked":["Guardian:Gem_Green","Guardian:Gem_Lightblue"],"picked":"Guardian:Gem_Red","floor":36.0},{"not_picked":["Guardian:MultiBeam+1","Guardian:Reroute+1","Guardian:DonusPower+1"],"picked":"Guardian:WalkerClaw+1","floor":36.0},{"not_picked":["Guardian:GuardianWhirl+1","Guardian:Suspension+1","Guardian:FuturePlans+1","Guardian:CrystalBeam+1"],"picked":"SKIP","floor":39.0},{"not_picked":["Guardian:GuardianWhirl+1","Guardian:Gem_Cyan","Guardian:WalkerClaw+1"],"picked":"Guardian:RevengeProtocol","floor":39.0},{"not_picked":["Guardian:FuturePlans+1","Guardian:Preprogram","Guardian:Gem_Green"],"picked":"Guardian:Gem_Fragmented","floor":39.0},{"not_picked":["Guardian:Gem_Red","Guardian:SpikerProtocol","Guardian:Suspension+1"],"picked":"Guardian:TimeSifter","floor":39.0},{"not_picked":["Guardian:BronzeArmor","Guardian:Preprogram","Guardian:Reroute+1"],"picked":"Guardian:Orbwalk+1","floor":39.0},{"not_picked":["Guardian:Suspension","Guardian:Gem_Fragmented","Guardian:CrystalBeam+1"],"picked":"Guardian:Planning+1","floor":39.0},{"not_picked":["Guardian:Gem_Green","Guardian:Gem_Cyan"],"picked":"Guardian:Gem_Red","floor":43.0},{"not_picked":["Guardian:Gem_Blue","Guardian:TimeBomb+1","Guardian:Reroute+1"],"picked":"Guardian:TimeCapacitor+1","floor":43.0},{"not_picked":["Guardian:Gem_Cyan","Guardian:Gem_Green"],"picked":"Guardian:Gem_Lightblue","floor":44.0},{"not_picked":["Guardian:Gem_Lightblue","Guardian:Gem_Green","Guardian:PrismaticBeam+1"],"picked":"Guardian:MultiBeam+1","floor":44.0},{"not_picked":["Guardian:AncientConstruct","Guardian:ChargeCore+1","Guardian:TemporalShield"],"picked":"Guardian:PiercingHide+1","floor":48},{"not_picked":["Guardian:Gem_Green","Guardian:Gem_Lightblue"],"picked":"Guardian:Gem_Red","floor":49},{"not_picked":["Guardian:Harden","Guardian:BronzeOrb+1","Guardian:Suspension+1"],"picked":"Guardian:FloatingOrbs","floor":49},{"not_picked":["Guardian:RollAttack+1","Guardian:VentSteam+1","Guardian:Reroute+1"],"picked":"Guardian:SpikerProtocol+1","floor":52},{"not_picked":["Guardian:RollAttack+1","Guardian:ChargeCore+1","Guardian:PrimingBeam+1"],"picked":"Guardian:Incinerate+1","floor":54}],"player_experience":1037455,"relics_obtained":[{"floor":7.0,"key":"Strawberry"},{"floor":8.0,"key":"Odd Mushroom"},{"floor":9.0,"key":"Lantern"},{"floor":20.0,"key":"CaptainsWheel"},{"floor":20.0,"key":"Kunai"},{"floor":21.0,"key":"MutagenicStrength"},{"floor":23.0,"key":"Dream Catcher"},{"floor":24.0,"key":"Molten Egg 2"},{"floor":26.0,"key":"Question Card"},{"floor":34.0,"key":"Art of War"},{"floor":34.0,"key":"Mercury Hourglass"},{"floor":34.0,"key":"Unceasing Top"},{"floor":41.0,"key":"Ancient Tea Set"},{"floor":52,"key":"Gremlin Horn"}],"event_choices":[{"damage_healed":0.0,"max_hp_gain":0.0,"max_hp_loss":0.0,"gold_gain":0.0,"event_name":"Lab","player_choice":"Got Potions","floor":4.0,"gold_loss":0.0,"damage_taken":0.0},{"damage_healed":0.0,"max_hp_gain":0.0,"max_hp_loss":0.0,"gold_gain":0.0,"event_name":"Mushrooms","player_choice":"Fought Mushrooms","floor":8.0,"gold_loss":0.0,"damage_taken":0.0}],"is_beta":false,"boss_relics":[{"not_picked":["Runic Dome","Tiny House"],"picked":"Astrolabe"},{"not_picked":["Sozu","Guardian:StasisSlotReductionRelic"],"picked":"Calling Bell"}],"items_purged_floors":[],"is_endless":false,"potions_floor_spawned":[2,9,14,15,23,28,30,31,33,36,43,44,49],"killed_by":"downfall:NeowBossFinal","ascension_level":1}}