{"host":"cpsutu8lprjuipd6","time":1613297437,"event":{"mods":["BaseMod","Colored Map","Minty Spire (QoL Compilation)","Permanent Neow","StSLib","SuperFastMode","The Bug Knight","Together in Spire"],"gold_per_floor":[109,109,34,53,73,73,102,102,127,127,158,177,177,189,189,287,287,299,318,122,122,122,156,56,84,84,98,111,131,145,172,172,276,276,303,330,385,422,106,132,232,232,256,256,279,316,316,337,337,337,337,337,25,65,65],"floor_reached":56,"language":"KOR","playtime":2257,"items_purged":["Normality","Parasite","Writhe"],"score":924,"play_id":"7737b504-8e5a-444a-9e43-d10647a078b2","local_time":"20210214191037","is_ascension_mode":false,"campfire_choices":[{"data":"Eruption","floor":6.0,"key":"SMITH"},{"data":"Tantrum","floor":13.0,"key":"SMITH"},{"data":"FlurryOfBlows","floor":15.0,"key":"SMITH"},{"data":"Tantrum","floor":32.0,"key":"SMITH"},{"data":"1","floor":42.0,"key":"LIFT"},{"data":"2","floor":44.0,"key":"LIFT"},{"data":"3","floor":49.0,"key":"LIFT"},{"data":"DeusExMachina","floor":52.0,"key":"SMITH"}],"circlet_count":0,"master_deck":["Strike_P+1","Strike_P+1","Strike_P+1","Defend_P+1","Defend_P+1","Defend_P+1","Eruption+1","Vigilance","ReachHeaven","Establishment","SashWhip","Tantrum+1","FlurryOfBlows+1","EmptyFist","FlurryOfBlows","FearNoEvil","Brilliance","Adaptation+1","SashWhip+1","Crescendo","Swivel","CutThroughFate","Tantrum+1","Scrawl","Swivel","EmptyBody+1","ClearTheMind","Consecrate+1","FearNoEvil+1","Judgement+1","CurseOfTheBell","FollowUp","Protect+1","FlurryOfBlows+1","Protect+1","SandsOfTime","EmptyFist+1","Wallop","DeusExMachina+1","BowlingBash+1","SpiritShield","SashWhip+1"],"relics":["Snecko Eye","Strawberry","PreservedInsect","Sundial","Empty Cage","Centennial Puzzle","Letter Opener","Frozen Egg 2","Toy Ornithopter","Anchor","Calling Bell","CeramicFish","Mercury Hourglass","Girya","TungstenRod","Vajra","Lantern","Lizard Tail","Bag of Marbles"],"acts_visited":[],"potions_floor_usage":[55,55,55],"damage_taken":[{"damage":0.0,"enemies":"2 Louse","floor":1.0,"turns":1.0},{"damage":0.0,"enemies":"Cultist","floor":4.0,"turns":1.0},{"damage":0.0,"enemies":"Jaw Worm","floor":5.0,"turns":1.0},{"damage":10.0,"enemies":"3 Sentries","floor":7.0,"turns":3.0},{"damage":0.0,"enemies":"Lagavulin","floor":11.0,"turns":2.0},{"damage":0.0,"enemies":"Large Slime","floor":12.0,"turns":1.0},{"damage":0.0,"enemies":"3 Louse","floor":14.0,"turns":1.0},{"damage":40.0,"enemies":"The Guardian","floor":16.0,"turns":4.0},{"damage":12.0,"enemies":"Shell Parasite","floor":18.0,"turns":2.0},{"damage":7.0,"enemies":"Spheric Guardian","floor":19.0,"turns":3.0},{"damage":0.0,"enemies":"Book of Stabbing","floor":23.0,"turns":1.0},{"damage":8.0,"enemies":"Slavers","floor":25.0,"turns":2.0},{"damage":6.0,"enemies":"Snecko","floor":27.0,"turns":2.0},{"damage":0.0,"enemies":"Shelled Parasite and Fungi","floor":28.0,"turns":2.0},{"damage":6.0,"enemies":"Cultist and Chosen","floor":29.0,"turns":2.0},{"damage":4.0,"enemies":"3 Cultists","floor":30.0,"turns":3.0},{"damage":0.0,"enemies":"Book of Stabbing","floor":31.0,"turns":2.0},{"damage":13.0,"enemies":"Champ","floor":33.0,"turns":4.0},{"damage":0.0,"enemies":"3 Darklings","floor":35.0,"turns":2.0},{"damage":1.0,"enemies":"3 Shapes","floor":36.0,"turns":2.0},{"damage":22.0,"enemies":"2 Orb Walkers","floor":37.0,"turns":3.0},{"damage":0.0,"enemies":"Writhing Mass","floor":38.0,"turns":3.0},{"damage":26.0,"enemies":"4 Shapes","floor":40.0,"turns":2.0},{"damage":6.0,"enemies":"Jaw Worm Horde","floor":45.0,"turns":2.0},{"damage":0.0,"enemies":"Nemesis","floor":46.0,"turns":3.0},{"damage":2.0,"enemies":"Maw","floor":48.0,"turns":3.0},{"damage":26.0,"enemies":"Awakened One","floor":50.0,"turns":2.0},{"damage":0.0,"enemies":"Shield and Spear","floor":54.0,"turns":2.0},{"damage":45,"enemies":"The Heart","floor":55,"turns":2}],"seed_played":"93198161948846174","potions_obtained":[{"floor":1.0,"key":"SpeedPotion"},{"floor":4.0,"key":"EntropicBrew"},{"floor":11.0,"key":"Ambrosia"},{"floor":12.0,"key":"BlessingOfTheForge"},{"floor":16.0,"key":"LiquidMemories"},{"floor":27.0,"key":"Weak Potion"},{"floor":33.0,"key":"AttackPotion"},{"floor":38.0,"key":"ColorlessPotion"},{"floor":40.0,"key":"SmokeBomb"},{"floor":48.0,"key":"EntropicBrew"},{"floor":54.0,"key":"BottledMiracle"}],"is_trial":false,"path_per_floor":["M","?","$","M","M","R","E","$","T","$","E","M","R","M","R","B",null,"M","M","$","?","?","E","$","E","T","M","M","M","M","E","R","B",null,"M","M","?","M","$","M","?","R","T","R","M","E","?","M","R","B",null,"R","$","E","B",null],"character_chosen":"WATCHER","items_purchased":["Crescendo","Centennial Puzzle","CutThroughFate","Tantrum","SandsOfTime","Vajra","SpiritShield","Energy Potion"],"campfire_rested":0,"item_purchase_floors":[20,20,24,24,39,39,53,53],"current_hp_per_floor":[72,72,72,72,72,72,69,69,69,69,69,69,69,69,69,29,79,67,60,60,60,60,60,60,52,52,51,51,45,41,46,46,33,79,79,78,61,76,76,50,50,50,50,50,44,44,44,42,42,31,76,76,76,76,37],"gold":65,"neow_bonus":"BOSS_RELIC","is_daily":false,"chose_seed":false,"campfire_upgraded":5,"win_rate":0.0,"timestamp":1613297437,"path_taken":["M","?","$","?","M","R","E","?","T","$","E","?","R","M","R","BOSS","M","M","$","?","?","E","?","E","T","M","M","M","M","E","R","BOSS","M","M","?","M","$","M","?","R","T","R","?","E","?","?","R","BOSS","R","$","E","BOSS"],"items_purchased_type":["Card","Relic","Card","Card","Card","Relic","Card","Potion"],"build_version":"2020-12-22","purchased_purges":3,"victory":true,"max_hp_per_floor":[72,72,72,72,72,72,79,79,79,79,79,79,79,79,79,79,79,79,79,79,79,79,79,79,79,79,79,79,79,79,79,79,79,79,79,79,79,79,76,76,76,76,76,76,76,76,76,76,76,76,76,76,76,76,76],"card_choices":[{"not_picked":["MentalFortress","Collect"],"picked":"ReachHeaven","floor":1.0},{"not_picked":["SandsOfTime","WindmillStrike"],"picked":"SashWhip","floor":4.0},{"not_picked":["SashWhip","BowlingBash"],"picked":"Tantrum","floor":5.0},{"not_picked":["BowlingBash","SignatureMove"],"picked":"FlurryOfBlows","floor":7.0},{"not_picked":["ThirdEye","Devotion"],"picked":"EmptyFist","floor":11.0},{"not_picked":["Pray","EmptyMind"],"picked":"FlurryOfBlows","floor":12.0},{"not_picked":["Prostrate","Halt"],"picked":"FearNoEvil","floor":14.0},{"not_picked":["LessonLearned","MasterReality"],"picked":"Brilliance","floor":16.0},{"not_picked":["JustLucky","WaveOfTheHand"],"picked":"Adaptation+1","floor":18.0},{"not_picked":["BattleHymn","FlyingSleeves"],"picked":"SashWhip+1","floor":19.0},{"not_picked":["JustLucky","Prostrate"],"picked":"Swivel","floor":23.0},{"not_picked":["EmptyFist","SashWhip"],"picked":"Scrawl","floor":25.0},{"not_picked":["Consecrate","Halt+1"],"picked":"Swivel","floor":27.0},{"not_picked":["FearNoEvil","Wallop"],"picked":"EmptyBody+1","floor":28.0},{"not_picked":["Meditate+1","Protect"],"picked":"ClearTheMind","floor":29.0},{"not_picked":["FlurryOfBlows","SashWhip"],"picked":"Consecrate+1","floor":30.0},{"not_picked":["Wireheading+1","ClearTheMind"],"picked":"FearNoEvil+1","floor":31.0},{"not_picked":["DevaForm+1","DeusExMachina"],"picked":"Judgement","floor":33.0},{"not_picked":["Evaluate","DeceiveReality+1"],"picked":"FollowUp","floor":35.0},{"not_picked":["TalkToTheHand","Crescendo+1"],"picked":"Protect+1","floor":36.0},{"not_picked":["Halt","Crescendo"],"picked":"FlurryOfBlows+1","floor":37.0},{"not_picked":["FollowUp+1","Blasphemy"],"picked":"Protect+1","floor":38.0},{"not_picked":["JustLucky+1","Meditate"],"picked":"EmptyFist+1","floor":40.0},{"not_picked":["BattleHymn+1","Crescendo+1"],"picked":"Wallop","floor":45.0},{"not_picked":["FearNoEvil","EmptyMind"],"picked":"DeusExMachina","floor":46.0},{"not_picked":["FlurryOfBlows+1","EmptyBody"],"picked":"BowlingBash+1","floor":48.0},{"not_picked":["InnerPeace+1","PathToVictory"],"picked":"SashWhip+1","floor":54.0}],"player_experience":56962,"relics_obtained":[{"floor":7.0,"key":"Strawberry"},{"floor":9.0,"key":"PreservedInsect"},{"floor":11.0,"key":"Sundial"},{"floor":23.0,"key":"Frozen Egg 2"},{"floor":25.0,"key":"Toy Ornithopter"},{"floor":31.0,"key":"Anchor"},{"floor":34.0,"key":"CeramicFish"},{"floor":34.0,"key":"Mercury Hourglass"},{"floor":34.0,"key":"Girya"},{"floor":37.0,"key":"TungstenRod"},{"floor":43.0,"key":"Lantern"},{"floor":46.0,"key":"Lizard Tail"},{"floor":54.0,"key":"Bag of Marbles"}],"event_choices":[{"damage_healed":0.0,"max_hp_gain":0.0,"max_hp_loss":0.0,"gold_gain":0.0,"event_name":"Match and Keep!","player_choice":"2 cards matched","floor":2.0,"gold_loss":0.0,"damage_taken":0.0,"cards_obtained":["Normality","Establishment"]},{"damage_healed":0.0,"max_hp_gain":0.0,"max_hp_loss":0.0,"gold_gain":0.0,"event_name":"The Mausoleum","player_choice":"Opened","floor":21.0,"gold_loss":0.0,"damage_taken":0.0,"relics_obtained":["Letter Opener"],"cards_obtained":["Writhe"]},{"damage_healed":0.0,"max_hp_gain":0.0,"max_hp_loss":0.0,"gold_gain":0.0,"event_name":"Back to Basics","player_choice":"Simplicity","floor":22.0,"gold_loss":0.0,"damage_taken":0.0,"cards_upgraded":["Strike_P","Strike_P","Strike_P","Defend_P","Defend_P","Defend_P"]},{"damage_healed":0.0,"max_hp_gain":0.0,"max_hp_loss":0.0,"gold_gain":0.0,"event_name":"Mysterious Sphere","player_choice":"Fight","floor":37.0,"gold_loss":0.0,"damage_taken":0.0},{"damage_healed":0.0,"max_hp_gain":0.0,"max_hp_loss":0.0,"gold_gain":100.0,"event_name":"Golden Shrine","player_choice":"Pray","floor":41.0,"gold_loss":0.0,"damage_taken":0.0},{"damage_healed":0.0,"max_hp_gain":0.0,"max_hp_loss":0.0,"gold_gain":0.0,"event_name":"Accursed Blacksmith","player_choice":"Forge","floor":47.0,"gold_loss":0.0,"damage_taken":0.0,"cards_upgraded":["Judgement"]}],"is_beta":false,"boss_relics":[{"not_picked":["Coffee Dripper","Fusion Hammer"],"picked":"Empty Cage"},{"not_picked":["Runic Dome","Cursed Key"],"picked":"Calling Bell"}],"items_purged_floors":[3,39,53],"is_endless":false,"potions_floor_spawned":[1,4,11,12,16,18,19,27,33,38,40,48,54],"ascension_level":0}}