{"host":"d5i1qeb9dejicw1z","time":1613284538,"event":{"mods":["AchievementEnabler","BaseMod","Better Note","BetterRewards","Evolution","Gold Saver","Minty Spire (QoL Compilation)","Permanent Neow","Relic Filter Mod","Reliquary","StSLib"],"gold_per_floor":[326,326,344,356,376,376,409,409,409,261,284,145,145,165,165,267,267,280,230,244,244,258,258,288,303,303,218,218,218],"floor_reached":28,"language":"ENG","playtime":807,"items_purged":["Strike_R","Bash"],"score":369,"play_id":"a9fa8c2d-5969-419e-986b-8ec7341ec08f","local_time":"20210213223538","is_ascension_mode":true,"campfire_choices":[{"data":"Cleave","floor":6,"key":"SMITH"},{"data":"Metallicize","floor":8,"key":"SMITH"},{"floor":15,"key":"REST"},{"floor":23,"key":"REST"}],"circlet_count":0,"master_deck":["AscendersBane","Cleave+1","Cleave","Strike_R","Strike_R","Defend_R","Defend_R","Defend_R","Defend_R","Clash","Disarm","Metallicize+1","Rampage","Clash","Inflame","Demon Form","Armaments+1","Sword Boomerang+1"],"relics":["Black Blood","EVO:Axolotl","NeowsBlessing","Bag of Marbles","Happy Flower","Odd Mushroom","reliquary:Firecrackers","HornCleat","TungstenRod"],"acts_visited":["Exordium","TheCity"],"potions_floor_usage":[7,16,22,24,25],"damage_taken":[{"damage":0,"enemies":"Jaw Worm","floor":1,"turns":1},{"damage":0,"enemies":"Cultist","floor":3,"turns":1},{"damage":0,"enemies":"2 Louse","floor":4,"turns":1},{"damage":5,"enemies":"Exordium Wildlife","floor":5,"turns":3},{"damage":32,"enemies":"Gremlin Nob","floor":7,"turns":4},{"damage":18,"enemies":"The Mushroom Lair","floor":11,"turns":4},{"damage":6,"enemies":"Blue Slaver","floor":14,"turns":3},{"damage":21,"enemies":"The Guardian","floor":16,"turns":8},{"damage":13,"enemies":"3 Byrds","floor":18,"turns":6},{"damage":23,"enemies":"Chosen","floor":20,"turns":6},{"damage":39,"enemies":"Snake Plant","floor":22,"turns":7},{"damage":51,"enemies":"Slavers","floor":24,"turns":5},{"damage":15,"enemies":"Centurion and Healer","floor":25,"turns":6},{"damage":21,"enemies":"3 Cultists","floor":28,"turns":4}],"seed_played":"-1476167178712958960","potions_obtained":[{"floor":5,"key":"Strength Potion"},{"floor":11,"key":"SteroidPotion"},{"floor":14,"key":"CultistPotion"},{"floor":16,"key":"Dexterity Potion"},{"floor":24,"key":"Explosive Potion"}],"is_trial":false,"path_per_floor":["M","?","M","M","M","R","E","R","T","$","?","$","?","M","R","B",null,"M","?","M","?","M","R","E","M","T","?","M"],"character_chosen":"IRONCLAD","items_purchased":["Rampage","Inflame"],"campfire_rested":2,"item_purchase_floors":[10,12],"current_hp_per_floor":[78,78,80,80,80,80,54,54,54,54,42,42,42,42,66,51,73,72,72,61,61,34,58,19,16,16,16,0,0],"gold":218,"neow_bonus":"THREE_ENEMY_KILL","is_daily":false,"chose_seed":false,"campfire_upgraded":2,"win_rate":0.0,"timestamp":1613284538,"path_taken":["M","?","M","?","M","R","E","R","T","$","?","?","?","M","R","BOSS","M","?","?","?","M","R","E","M","T","?","M"],"items_purchased_type":["Card","Card"],"build_version":"2020-12-22","purchased_purges":2,"victory":false,"max_hp_per_floor":[80,80,80,80,80,80,80,80,80,80,80,80,80,80,80,80,80,80,80,80,80,80,80,80,80,80,80,80,80],"card_choices":[{"not_picked":["Flex","Body Slam","Warcry"],"picked":"SKIP","floor":1},{"not_picked":["Combust","Clothesline","Body Slam"],"picked":"SKIP","floor":3},{"not_picked":["Havoc","Rage"],"picked":"Clash","floor":4},{"not_picked":["Heavy Blade","Warcry"],"picked":"Disarm","floor":5},{"not_picked":["Shrug It Off","Infernal Blade"],"picked":"Metallicize","floor":7},{"not_picked":["Feel No Pain","Headbutt"],"picked":"Clash","floor":11},{"not_picked":["Feel No Pain","Pommel Strike","Iron Wave"],"picked":"SKIP","floor":14},{"not_picked":["Berserk","Bludgeon"],"picked":"Demon Form","floor":16},{"not_picked":["Bloodletting","Power Through+1","Pommel Strike"],"picked":"SKIP","floor":18},{"not_picked":["Wild Strike","Heavy Blade+1","Warcry"],"picked":"SKIP","floor":20},{"not_picked":["Blood for Blood","Fire Breathing+1"],"picked":"Armaments+1","floor":22},{"not_picked":["Clothesline","Second Wind"],"picked":"Sword Boomerang+1","floor":24},{"not_picked":["Flex","Immolate","Ghostly Armor"],"picked":"SKIP","floor":25}],"player_experience":1237569,"relics_obtained":[{"floor":7,"key":"Bag of Marbles"},{"floor":9,"key":"Happy Flower"},{"floor":11,"key":"Odd Mushroom"},{"floor":24,"key":"reliquary:Firecrackers"},{"floor":26,"key":"HornCleat"}],"event_choices":[{"damage_healed":0,"gold_gain":0,"player_choice":"Bought 0 Potions","damage_taken":0,"max_hp_gain":0,"max_hp_loss":0,"event_name":"The Woman in Blue","floor":2,"gold_loss":0},{"damage_healed":0,"gold_gain":0,"player_choice":"Fought Mushrooms","damage_taken":0,"max_hp_gain":0,"max_hp_loss":0,"event_name":"Mushrooms","floor":11,"gold_loss":0},{"damage_healed":0,"gold_gain":0,"player_choice":"0 cards matched","damage_taken":0,"max_hp_gain":0,"max_hp_loss":0,"event_name":"Match and Keep!","floor":13,"gold_loss":0,"cards_obtained":[]},{"damage_healed":0,"gold_gain":0,"player_choice":"Bet on Owner","damage_taken":0,"max_hp_gain":0,"max_hp_loss":0,"event_name":"The Joust","floor":19,"gold_loss":50},{"damage_healed":0,"gold_gain":0,"player_choice":"Ignored","damage_taken":0,"max_hp_gain":0,"max_hp_loss":0,"event_name":"betterNote:BetterNote","floor":21,"gold_loss":0,"cards_obtained":["Echo Form"]},{"damage_healed":0,"gold_gain":0,"player_choice":"Obtained Relic","damage_taken":0,"relics_obtained":["TungstenRod"],"max_hp_gain":0,"max_hp_loss":0,"event_name":"Addict","floor":27,"gold_loss":85}],"is_beta":false,"boss_relics":[{"not_picked":["Philosopher\u0027s Stone","Mark of Pain"],"picked":"Black Blood"}],"items_purged_floors":[10,12],"is_endless":false,"potions_floor_spawned":[5,11,14,16,24],"killed_by":"3 Cultists","ascension_level":11}}