{"host":"bsgp9wgausrmthh2","time":1613332005,"event":{"mods":["AchievementEnabler","BaseMod","Colored Map","Minty Spire (QoL Compilation)","StSLib"],"gold_per_floor":[114,125,43,43,63,94,106,7,30,41,41,15,15,25,25,125,125,50,50,25,25,25,25,25,25,25,25,25,25,25,25,25,25,25],"floor_reached":33,"language":"ENG","playtime":2581,"items_purged":[],"score":274,"play_id":"b2864550-d5ea-4e20-b103-bc520bc63236","local_time":"20210214144645","is_ascension_mode":false,"campfire_choices":[{"floor":13,"key":"RECALL"},{"floor":15,"key":"REST"},{"data":"RitualDagger","floor":23,"key":"SMITH"},{"floor":29,"key":"REST"},{"floor":32,"key":"REST"}],"circlet_count":0,"master_deck":["Strike_G","Strike_G","Strike_G","Strike_G","Strike_G","Defend_G","Defend_G","Defend_G+1","Defend_G+1","Defend_G","Survivor","Neutralize","Caltrops","Dash","Footwork","Predator","Footwork","Calculated Gamble","Footwork","PiercingWail","Poisoned Stab","PiercingWail","Leg Sweep","Sucker Punch","After Image","Sucker Punch","Dagger Spray","Deadly Poison","RitualDagger+1","Quick Slash","Well Laid Plans","Terror","PiercingWail","Flying Knee","Noxious Fumes"],"relics":["Ring of the Snake","NeowsBlessing","Dream Catcher","War Paint","Ectoplasm","Bottled Lightning"],"acts_visited":["Exordium","TheCity"],"potions_floor_usage":[22],"damage_taken":[{"damage":0,"enemies":"Cultist","floor":1,"turns":1},{"damage":0,"enemies":"2 Louse","floor":2,"turns":1},{"damage":0,"enemies":"Small Slimes","floor":5,"turns":1},{"damage":24,"enemies":"Lagavulin","floor":6,"turns":12},{"damage":2,"enemies":"Exordium Thugs","floor":7,"turns":4},{"damage":10,"enemies":"Looter","floor":10,"turns":4},{"damage":4,"enemies":"Large Slime","floor":14,"turns":9},{"damage":14,"enemies":"The Guardian","floor":16,"turns":16},{"damage":5,"enemies":"2 Thieves","floor":18,"turns":5},{"damage":5,"enemies":"Shell Parasite","floor":19,"turns":9},{"damage":17,"enemies":"Centurion and Healer","floor":24,"turns":11},{"damage":7,"enemies":"Snake Plant","floor":25,"turns":5},{"damage":7,"enemies":"Snecko","floor":28,"turns":8},{"damage":33,"enemies":"3 Cultists","floor":30,"turns":8},{"damage":60,"enemies":"Collector","floor":33,"turns":6}],"seed_played":"-9008431069138261455","potions_obtained":[{"floor":2,"key":"CultistPotion"},{"floor":10,"key":"SneckoOil"},{"floor":14,"key":"GamblersBrew"},{"floor":19,"key":"EntropicBrew"},{"floor":22,"key":"Fruit Juice"},{"floor":22,"key":"Swift Potion"}],"is_trial":false,"path_per_floor":["M","M","$","?","M","E","M","$","T","M","?","$","R","M","R","B",null,"M","M","$","?","?","R","M","M","T","$","M","R","M","?","R","B"],"character_chosen":"THE_SILENT","items_purchased":["Footwork","Footwork","PiercingWail","PiercingWail","Deadly Poison"],"campfire_rested":3,"item_purchase_floors":[3,8,8,12,20],"current_hp_per_floor":[70,70,70,70,70,46,44,44,44,34,34,34,34,30,51,37,70,65,60,60,54,59,59,42,35,35,35,28,50,17,17,39,0,0],"gold":25,"neow_bonus":"THREE_ENEMY_KILL","is_daily":false,"chose_seed":false,"campfire_upgraded":1,"win_rate":0.0,"timestamp":1613332005,"path_taken":["M","M","?","?","M","E","?","$","T","?","?","$","R","M","R","BOSS","M","M","$","?","?","R","M","?","T","?","M","R","M","?","R","BOSS"],"items_purchased_type":["Card","Card","Card","Card","Card"],"build_version":"2020-12-22","purchased_purges":0,"victory":false,"max_hp_per_floor":[70,70,70,70,70,70,70,70,70,70,70,70,70,70,70,70,70,70,70,70,70,75,75,75,75,75,75,75,75,75,75,75,75,75],"card_choices":[{"not_picked":["Prepared","Backflip"],"picked":"Caltrops","floor":1},{"not_picked":["Deflect","Eviscerate"],"picked":"Dash","floor":2},{"not_picked":["Finisher","Acrobatics"],"picked":"Predator","floor":5},{"not_picked":["Storm of Steel","Predator"],"picked":"Footwork","floor":6},{"not_picked":["Deadly Poison","Setup"],"picked":"Calculated Gamble","floor":7},{"not_picked":["Dagger Spray","Flying Knee"],"picked":"Poisoned Stab","floor":10},{"not_picked":["Infinite Blades","Distraction"],"picked":"Leg Sweep","floor":14},{"not_picked":["Cloak And Dagger","Poisoned Stab"],"picked":"Sucker Punch","floor":15},{"not_picked":["Bullet Time","A Thousand Cuts"],"picked":"After Image","floor":16},{"not_picked":["Dagger Throw","Dagger Spray"],"picked":"Sucker Punch","floor":18},{"not_picked":["Tactician","Flechettes"],"picked":"Dagger Spray","floor":19},{"not_picked":["Distraction","Dagger Spray"],"picked":"Quick Slash","floor":24},{"not_picked":["Setup","Dagger Throw"],"picked":"Well Laid Plans","floor":25},{"not_picked":["Distraction","Flying Knee"],"picked":"Terror","floor":28},{"not_picked":["Skewer","Deflect"],"picked":"PiercingWail","floor":29},{"not_picked":["Tactician","Skewer+1"],"picked":"Flying Knee","floor":30},{"not_picked":["Outmaneuver","Deadly Poison"],"picked":"Noxious Fumes","floor":32}],"player_experience":238321,"relics_obtained":[{"floor":6,"key":"War Paint"},{"floor":26,"key":"Bottled Lightning"}],"event_choices":[{"damage_healed":0,"gold_gain":0,"player_choice":"Gave Potion","damage_taken":0,"relics_obtained":["Dream Catcher"],"max_hp_gain":0,"max_hp_loss":0,"event_name":"WeMeetAgain","floor":4,"gold_loss":0},{"damage_healed":0,"gold_gain":0,"player_choice":"Ignored","damage_taken":0,"max_hp_gain":0,"max_hp_loss":0,"event_name":"NoteForYourself","floor":11,"gold_loss":0},{"damage_healed":0,"gold_gain":0,"player_choice":"Joined the Cult","damage_taken":6,"max_hp_gain":0,"max_hp_loss":0,"event_name":"Nest","floor":21,"gold_loss":0,"cards_obtained":["RitualDagger"]},{"damage_healed":0,"gold_gain":0,"player_choice":"Got Potions","damage_taken":0,"max_hp_gain":0,"max_hp_loss":0,"event_name":"Lab","floor":22,"gold_loss":0},{"damage_healed":0,"gold_gain":0,"player_choice":"Ignored","damage_taken":0,"max_hp_gain":0,"max_hp_loss":0,"event_name":"Cursed Tome","floor":31,"gold_loss":0}],"is_beta":false,"boss_relics":[{"not_picked":["Pandora\u0027s Box","Black Star"],"picked":"Ectoplasm"}],"items_purged_floors":[],"is_endless":false,"potions_floor_spawned":[2,10,14,19,24,25,30],"killed_by":"Collector","ascension_level":0}}