{"host":"24j0rle15g8q9bc9","time":1613265790,"event":{"mods":["2.2 Compatiblity","Act Like it!","Bartender","BaseMod","Better Note","Colored Map","Colored Powertips","DeckTracker","Downfall","Elementarium","Hallownest","Hubris","Jorbs\u0027s Wanderer Trilogy","Minty Spire (QoL Compilation)","Rare Cards Sparkle","Remilia??????","StSLib","The Bug Knight","The Death Knight","The Necromancer","Treasure Hunter"],"gold_per_floor":[115,215,234,253,64,64,95,95,95,115,6,16,35,63,63,168,168,187,187,147,117,127,154,154,168,223,223,237,270,139,156,156,156,156],"floor_reached":33,"language":"ENG","playtime":3374,"items_purged":[],"score":297,"play_id":"9c835951-5622-4b36-846c-22ba67ce17ce","local_time":"20210213212310","is_ascension_mode":false,"campfire_choices":[{"data":"Doom and Gloom","floor":6,"key":"SMITH"},{"data":"White Noise","floor":8,"key":"SMITH"},{"floor":15,"key":"REST"},{"floor":24,"key":"REST"},{"floor":27,"key":"REST"},{"floor":32,"key":"REST"}],"circlet_count":0,"master_deck":["Strike_B","Strike_B","Strike_B","Strike_B","Defend_B","Defend_B","Defend_B","Defend_B","Zap","Dualcast","Doom and Gloom+1","Conserve Battery+1","Redo","Compile Driver","White Noise+1","Hologram","Ball Lightning","Leap","Coolheaded","TH:DeckOfManyThings","Echo Form","Double Energy+1","Decay","Beam Cell","Stack+1","Hello World+1","Glacier","Fusion","Gash","Rebound"],"relics":["Cracked Core","Lantern","Strange Spoon","hubris:MedicalManual","hubris:RGBLights","hubris:SlimyHat","Gremlin Horn","hubris:ScarierMask","White_Cape","Blood Vial","hubris:DeckOfHolding"],"acts_visited":["Exordium","TheCity"],"potions_floor_usage":[3,7,23,23,29,33,33],"damage_taken":[{"damage":1,"enemies":"Cultist","floor":1,"turns":3},{"damage":0,"enemies":"2 Louse","floor":3,"turns":1},{"damage":0,"enemies":"Small Slimes","floor":4,"turns":2},{"damage":24,"enemies":"Lagavulin","floor":7,"turns":5},{"damage":10,"enemies":"Looter","floor":10,"turns":2},{"damage":0,"enemies":"Large Slime","floor":12,"turns":3},{"damage":14,"enemies":"Exordium Wildlife","floor":13,"turns":3},{"damage":8,"enemies":"3 Sentries","floor":14,"turns":4},{"damage":18,"enemies":"Hexaghost","floor":16,"turns":10},{"damage":9,"enemies":"2 Thieves","floor":18,"turns":3},{"damage":18,"enemies":"Shell Parasite","floor":22,"turns":5},{"damage":43,"enemies":"Book of Stabbing","floor":23,"turns":6},{"damage":18,"enemies":"3 Cultists","floor":25,"turns":5},{"damage":12,"enemies":"Centurion and Healer","floor":28,"turns":5},{"damage":15,"enemies":"HollowMod:Nosk","floor":29,"turns":9},{"damage":13,"enemies":"Cultist and Chosen","floor":31,"turns":6},{"damage":62,"enemies":"hubris:MusketHawk","floor":33,"turns":9}],"seed_played":"2093504067891441097","potions_obtained":[{"floor":1,"key":"DuplicationPotion"},{"floor":3,"key":"Fruit Juice"},{"floor":18,"key":"Dexterity Potion"},{"floor":21,"key":"DeathKnight:RimePotion"},{"floor":21,"key":"Regen Potion"},{"floor":23,"key":"Regen Potion"},{"floor":29,"key":"PotionOfCapacity"}],"is_trial":false,"path_per_floor":["M","?","M","M","$","R","E","R","T","M","?","M","M","E","R","B",null,"M","?","?","?","M","E","R","M","T","R","M","E","$","M","R","B"],"character_chosen":"DEFECT","items_purchased":["Compile Driver","Strange Spoon","Fusion","Gash"],"campfire_rested":4,"item_purchase_floors":[5,5,30,30],"current_hp_per_floor":[74,74,79,79,79,79,55,55,55,45,45,45,31,23,47,29,80,71,71,71,71,53,24,48,30,30,54,44,46,46,35,59,0,0],"gold":156,"neow_bonus":"RANDOM_COMMON_RELIC","is_daily":false,"chose_seed":false,"campfire_upgraded":2,"win_rate":0.0,"timestamp":1613265790,"path_taken":["M","?","?","M","$","R","E","R","T","M","?","M","M","E","R","BOSS","M","?","?","?","M","E","R","M","T","R","M","E","$","?","R","BOSS"],"items_purchased_type":["Card","Relic","Card","Card"],"build_version":"2020-12-22","purchased_purges":0,"victory":false,"max_hp_per_floor":[75,75,80,80,80,80,80,80,80,80,80,80,80,80,80,80,80,80,80,80,80,80,80,80,80,80,80,80,80,80,80,80,80,80],"card_choices":[{"not_picked":["Heatsinks","Steam"],"picked":"Doom and Gloom","floor":1},{"not_picked":["Rebound","Coolheaded"],"picked":"Conserve Battery","floor":3},{"not_picked":["Leap","Rebound"],"picked":"Redo","floor":4},{"not_picked":["Hologram","hubris:PowerSurge"],"picked":"White Noise","floor":7},{"not_picked":["TH:CopperCoins","TH:EnergyPotion"],"picked":"SKIP","floor":7},{"not_picked":["TH:ArmorSpikes","TH:CopperCoins"],"picked":"SKIP","floor":9},{"not_picked":["Hello World","Rip and Tear"],"picked":"Hologram","floor":10},{"not_picked":["Steam Power","Beam Cell"],"picked":"Ball Lightning","floor":12},{"not_picked":["Hologram","Capacitor"],"picked":"Leap","floor":13},{"not_picked":["Go for the Eyes","Force Field"],"picked":"Coolheaded","floor":14},{"not_picked":["TH:EnergyPotion"],"picked":"TH:DeckOfManyThings","floor":14},{"not_picked":["All For One","hubris:SpecializedCircuitry"],"picked":"Echo Form","floor":16},{"not_picked":["Barrage","Gash"],"picked":"Double Energy+1","floor":18},{"not_picked":["Chill","Steam"],"picked":"Beam Cell","floor":22},{"not_picked":["Leap+1","Beam Cell"],"picked":"Stack+1","floor":23},{"not_picked":["TH:CopperCoins","TH:PixieDust"],"picked":"SKIP","floor":23},{"not_picked":["Stack","Compile Driver"],"picked":"Hello World+1","floor":25},{"not_picked":["TH:CopperCoins","TH:PixieDust"],"picked":"SKIP","floor":26},{"not_picked":["Steam","Stack"],"picked":"Glacier","floor":28},{"not_picked":["TH:ArmorSpikes","TH:PixieDust"],"picked":"SKIP","floor":29},{"not_picked":["Coolheaded","Glacier+1","Conserve Battery"],"picked":"SKIP","floor":29},{"not_picked":["Barrage","Ball Lightning"],"picked":"Rebound","floor":31}],"player_experience":42885,"relics_obtained":[{"floor":7,"key":"hubris:MedicalManual"},{"floor":9,"key":"hubris:RGBLights"},{"floor":14,"key":"Gremlin Horn"},{"floor":23,"key":"White_Cape"},{"floor":26,"key":"Blood Vial"},{"floor":29,"key":"hubris:DeckOfHolding"}],"event_choices":[{"damage_healed":0,"gold_gain":100,"player_choice":"Pray","damage_taken":0,"max_hp_gain":0,"max_hp_loss":0,"event_name":"Golden Shrine","floor":2,"gold_loss":0},{"damage_healed":0,"gold_gain":0,"player_choice":"Paid Gold","damage_taken":0,"relics_obtained":["hubris:SlimyHat"],"max_hp_gain":0,"max_hp_loss":0,"event_name":"WeMeetAgain","floor":11,"gold_loss":109},{"damage_healed":0,"gold_gain":0,"player_choice":"Cursed","damage_taken":0,"max_hp_gain":0,"max_hp_loss":0,"event_name":"Wheel of Change","floor":19,"gold_loss":0,"cards_obtained":["Decay"]},{"damage_healed":0,"gold_gain":0,"player_choice":"Upgrade","damage_taken":0,"max_hp_gain":0,"max_hp_loss":0,"event_name":"Designer","floor":20,"gold_loss":40,"cards_upgraded":["Conserve Battery"]},{"damage_healed":0,"gold_gain":0,"player_choice":"Bought 2 Potions","damage_taken":0,"max_hp_gain":0,"max_hp_loss":0,"event_name":"The Woman in Blue","floor":21,"gold_loss":0}],"is_beta":false,"boss_relics":[{"not_picked":["Runic Dome","hubris:Stopwatch"],"picked":"hubris:ScarierMask"}],"items_purged_floors":[],"is_endless":false,"potions_floor_spawned":[1,3,18,23,29],"killed_by":"hubris:MusketHawk","ascension_level":0}}