{"host":"qgrlfjrqk9z96gfi","time":1613335422,"event":{"mods":["BaseMod","Block Reminder","Colored Map","Custom Start","DeckTracker","Minty Spire (QoL Compilation)"],"gold_per_floor":[110,80,80,80,97,126,144,144,191,191,36,56,113,143,143,219,219,236,236,196,196,196],"floor_reached":21,"language":"ENG","playtime":766,"items_purged":["Strike_G"],"score":424,"play_id":"d05cd362-d3b6-47b2-9a66-ddaf2610bfe3","local_time":"20210214104342","is_ascension_mode":true,"campfire_choices":[{"data":"Footwork","floor":8.0,"key":"SMITH"},{"data":"Phantasmal Killer","floor":10.0,"key":"SMITH"},{"floor":15.0,"key":"REST"}],"circlet_count":0,"master_deck":["AscendersBane","Strike_G","Defend_G","Defend_G","Defend_G","Defend_G","Defend_G","Survivor","Neutralize","Footwork+1","Dagger Throw","Reflex","Underhanded Strike","PiercingWail","Phantasmal Killer+1","Calculated Gamble","Tools of the Trade","Blade Dance","Cloak And Dagger","Finisher+1","Skewer+1","Terror+1","Endless Agony","Concentrate","Phantasmal Killer+1","Dagger Spray+1","Calculated Gamble"],"relics":["Ring of the Snake","NeowsBlessing","Toy Ornithopter","Prayer Wheel","Orichalcum","Shuriken","Sundial","Astrolabe"],"acts_visited":["Exordium","TheCity"],"potions_floor_usage":[],"damage_taken":[{"damage":0.0,"enemies":"Jaw Worm","floor":1.0,"turns":1.0},{"damage":0.0,"enemies":"Small Slimes","floor":5.0,"turns":1.0},{"damage":0.0,"enemies":"Lagavulin","floor":6.0,"turns":1.0},{"damage":0.0,"enemies":"2 Louse","floor":7.0,"turns":3.0},{"damage":3.0,"enemies":"Blue Slaver","floor":12.0,"turns":5.0},{"damage":13.0,"enemies":"Lagavulin Event","floor":13.0,"turns":6.0},{"damage":20.0,"enemies":"Gremlin Nob","floor":14.0,"turns":4.0},{"damage":18.0,"enemies":"Hexaghost","floor":16.0,"turns":11.0},{"damage":18.0,"enemies":"3 Byrds","floor":18.0,"turns":5.0},{"damage":23.0,"enemies":"2 Thieves","floor":20.0,"turns":5.0},{"damage":24,"enemies":"Cultist and Chosen","floor":21,"turns":3}],"seed_played":"3266085551106195710","potions_obtained":[{"floor":1.0,"key":"Strength Potion"},{"floor":6.0,"key":"Energy Potion"}],"is_trial":false,"path_per_floor":["M","$","?","?","M","E","M","R","T","R","$","M","?","E","R","B",null,"M","?","M","M"],"character_chosen":"THE_SILENT","items_purchased":["Dagger Throw","Calculated Gamble"],"campfire_rested":1,"item_purchase_floors":[2,11],"current_hp_per_floor":[59,59,59,41,41,41,41,41,41,41,41,38,30,10,29,11,52,39,39,16,0,0],"gold":196,"neow_bonus":"THREE_ENEMY_KILL","is_daily":false,"chose_seed":false,"campfire_upgraded":2,"win_rate":0.0,"timestamp":1613335422,"path_taken":["M","$","?","?","M","E","M","R","T","R","?","?","?","E","R","BOSS","M","?","?","M"],"items_purchased_type":["Card","Card"],"build_version":"2020-12-22","purchased_purges":1,"victory":false,"max_hp_per_floor":[66,66,66,66,66,66,66,66,66,66,66,66,66,66,66,66,66,66,66,66,66,66],"card_choices":[{"not_picked":["Dagger Throw","Quick Slash"],"picked":"Footwork","floor":1.0},{"not_picked":["Poisoned Stab","Footwork"],"picked":"Reflex","floor":5.0},{"not_picked":["Storm of Steel","Prepared"],"picked":"Underhanded Strike","floor":6.0},{"not_picked":["Blur","Dodge and Roll"],"picked":"PiercingWail","floor":7.0},{"not_picked":["Dagger Spray","Poisoned Stab"],"picked":"Phantasmal Killer","floor":7.0},{"not_picked":["Underhanded Strike","Bane"],"picked":"Tools of the Trade","floor":12.0},{"not_picked":["Slice","Quick Slash","Poisoned Stab"],"picked":"SKIP","floor":12.0},{"not_picked":["Dagger Spray","Underhanded Strike"],"picked":"Blade Dance","floor":13.0},{"not_picked":["Flechettes","Deadly Poison"],"picked":"Cloak And Dagger","floor":14.0},{"not_picked":["Outmaneuver","Noxious Fumes"],"picked":"Endless Agony","floor":18.0},{"not_picked":["Dodge and Roll","Backflip"],"picked":"Concentrate","floor":18.0},{"not_picked":["Deadly Poison+1","Infinite Blades"],"picked":"Dagger Spray+1","floor":20.0},{"not_picked":["Slice+1","Quick Slash"],"picked":"Calculated Gamble","floor":20.0}],"player_experience":1143360,"relics_obtained":[{"floor":6.0,"key":"Prayer Wheel"},{"floor":9.0,"key":"Orichalcum"},{"floor":13.0,"key":"Shuriken"},{"floor":14.0,"key":"Sundial"}],"event_choices":[{"damage_healed":0.0,"max_hp_gain":0.0,"max_hp_loss":0.0,"gold_gain":0.0,"event_name":"Liars Game","player_choice":"Ignored","floor":3.0,"gold_loss":0.0,"damage_taken":0.0},{"damage_healed":0.0,"max_hp_gain":0.0,"max_hp_loss":0.0,"gold_gain":0.0,"event_name":"Scrap Ooze","player_choice":"Success","floor":4.0,"gold_loss":0.0,"damage_taken":18.0,"relics_obtained":["Toy Ornithopter"]},{"damage_healed":0.0,"max_hp_gain":0.0,"max_hp_loss":0.0,"gold_gain":0.0,"event_name":"Dead Adventurer","player_choice":"Searched \u00271\u0027 times","floor":13.0,"gold_loss":0.0,"damage_taken":0.0},{"damage_healed":0.0,"max_hp_gain":0.0,"max_hp_loss":0.0,"gold_gain":0.0,"event_name":"Duplicator","player_choice":"Copied","floor":19.0,"gold_loss":0.0,"damage_taken":0.0,"cards_obtained":["Phantasmal Killer"]}],"is_beta":false,"boss_relics":[{"not_picked":["Empty Cage","Ring of the Serpent"],"picked":"Astrolabe"}],"items_purged_floors":[11],"is_endless":false,"potions_floor_spawned":[1,6,7,12],"killed_by":"Cultist and Chosen","ascension_level":20}}