{"host":"1lwxixhv2lzh5ag1","time":1613345072,"event":{"mods":["AchievementEnabler","BaseMod","Bestiary","Better Altar","Better Match","Better Note","Better Sensory Stone","Better Silent Start","Better Skull","Better Third Choice","BetterRewards","Colored Map","Colored Powertips","DeckTracker","Displayed Cursed Tome","Downfall","Fox Events","Hubris","Minty Spire (QoL Compilation)","Permanent Neow","Relic Stats","Reliquary","Replay The Spire","Spire Arcade","StSLib","Td1madao Mod","The Blue Laboratory","Uncapped","Waifu the Spire"],"gold_per_floor":[117,131,151,164,36,36,88,88,113,15,75,94,94,107,107,207,207,196,214,214,13,13,13],"floor_reached":22,"language":"ENG","playtime":2783,"items_purged":["Power Through"],"score":276,"play_id":"68e3a416-4ec4-47ac-9065-60226e7f9488","local_time":"20210214182432","is_ascension_mode":false,"campfire_choices":[{"data":"Anger","floor":8,"key":"SMITH"},{"data":"Flex","floor":13,"key":"SMITH"},{"floor":15,"key":"REST"}],"circlet_count":0,"master_deck":["Strike_R","Strike_R","Strike_R","Strike_R","Strike_R","Defend_R","Defend_R","Defend_R","Defend_R","Bash","Clothesline","Flex+1","Iron Wave","Anger+1","Iron Wave","Feed","Entrench"],"relics":["Burning Blood","Magic Flower","Ancient Tea Set","Pet Ghost","Replay:Ringing Soul","Mark of Pain","foxEvents:ScarlettsFace","Pen Nib"],"acts_visited":["Exordium","TheCity"],"potions_floor_usage":[4,11,16,22],"damage_taken":[{"damage":10,"enemies":"Cultist","floor":1,"turns":4},{"damage":3,"enemies":"Jaw Worm","floor":2,"turns":4},{"damage":5,"enemies":"2 Louse","floor":3,"turns":3},{"damage":25,"enemies":"Large Slime","floor":4,"turns":7},{"damage":24,"enemies":"3 Sentries","floor":11,"turns":10},{"damage":6,"enemies":"Blue Slaver","floor":12,"turns":4},{"damage":0,"enemies":"Exordium Thugs","floor":14,"turns":4},{"damage":37,"enemies":"The Guardian","floor":16,"turns":14},{"damage":20,"enemies":"2 Thieves","floor":18,"turns":4},{"damage":29,"enemies":"Chosen","floor":19,"turns":5},{"damage":65,"enemies":"Snake Plant","floor":22,"turns":6}],"seed_played":"3590803199097766045","potions_obtained":[{"floor":2,"key":"PowerPotion"},{"floor":3,"key":"blueLaboratory:FrostheartPotion"},{"floor":18,"key":"blueLaboratory:ConflagurationPotion"}],"is_trial":false,"path_per_floor":["M","M","M","M","$","?","T","R","T","$","?","M","R","M","R_BF","B",null,"M","M","?","$","M"],"character_chosen":"IRONCLAD","items_purchased":["Anger","blueLaboratory:EmptyBottle","Pen Nib","blueLaboratory:BottleOfVodka"],"campfire_rested":1,"item_purchase_floors":[5,10,21,21],"current_hp_per_floor":[71,77,80,64,64,64,64,64,64,64,52,55,55,64,83,58,86,75,63,63,63,0,0],"gold":13,"neow_bonus":"","is_daily":false,"chose_seed":false,"campfire_upgraded":2,"win_rate":0.0,"timestamp":1613345072,"path_taken":["M","M","?","M","?","?","?","R","T","$","?","M","R","M","R_BF","BOSS","M","M","?","?","?"],"items_purchased_type":["Card","Potion","Relic","Potion"],"build_version":"2020-12-22","purchased_purges":1,"victory":false,"max_hp_per_floor":[80,80,80,80,80,80,80,80,80,80,83,83,83,83,83,86,86,86,92,92,92,92,92],"relic_stats":{"counters":[34,172],"Magic Flower":[31],"Pen Nib":[1],"obtain_stats":[{"reliquary:Sideboard":26,"Replay:Grab Bag":17,"hubris:SphereOfDissonance":28,"Magic Flower":0,"Pen Nib":21,"Bag of Preparation":9,"reliquary:RedCape":34,"reliquary:QuartzCube":6,"Ancient Tea Set":7,"foxEvents:ScarlettsFace":20,"Burning Blood":0,"Pet Ghost":9,"reliquary:FerryPass":25,"Replay:Wanted Poster":17,"reliquary:JackalopeAntler":43,"Replay:Ringing Soul":11,"Replay:Baseball":11,"hubris:Backtick":17,"Blue Mushroom":17,"Mark of Pain":17,"hubris:GrandSneckoEye":17,"HandDrill":45,"hubris:GlazedTorus":0},{"reliquary:Sideboard":12,"Replay:Grab Bag":8,"hubris:SphereOfDissonance":13,"Magic Flower":23,"Pen Nib":33,"Bag of Preparation":5,"reliquary:RedCape":16,"reliquary:QuartzCube":4,"Ancient Tea Set":27,"foxEvents:ScarlettsFace":33,"Burning Blood":0,"Pet Ghost":27,"reliquary:FerryPass":12,"Replay:Wanted Poster":8,"reliquary:JackalopeAntler":21,"Replay:Ringing Soul":28,"Replay:Baseball":5,"hubris:Backtick":8,"Blue Mushroom":8,"Mark of Pain":31,"hubris:GrandSneckoEye":8,"HandDrill":21,"hubris:GlazedTorus":0},{"reliquary:Sideboard":58,"Replay:Grab Bag":42,"hubris:SphereOfDissonance":64,"Magic Flower":107,"Pen Nib":166,"Bag of Preparation":18,"reliquary:RedCape":77,"reliquary:QuartzCube":13,"Ancient Tea Set":125,"foxEvents:ScarlettsFace":166,"Burning Blood":0,"Pet Ghost":125,"reliquary:FerryPass":58,"Replay:Wanted Poster":42,"reliquary:JackalopeAntler":97,"Replay:Ringing Soul":135,"Replay:Baseball":18,"hubris:Backtick":42,"Blue Mushroom":42,"Mark of Pain":157,"hubris:GrandSneckoEye":42,"HandDrill":97,"hubris:GlazedTorus":0}],"Burning Blood":204},"card_choices":[{"not_picked":["Defy Death","Shrug It Off"],"picked":"Clothesline","floor":1},{"not_picked":["Dark Embrace","hubris:SharpeningStone"],"picked":"Power Through","floor":2},{"not_picked":["Twin Strike","Infernal Blade"],"picked":"Flex","floor":3},{"not_picked":["Thunderclap","Power Through"],"picked":"Iron Wave","floor":4},{"not_picked":["Body Slam","Headbutt"],"picked":"Iron Wave","floor":11},{"not_picked":["ReplayTheSpireMod:LeadingStrike","ReplayTheSpireMod:Muscle Training","Life Link"],"picked":"SKIP","floor":12},{"not_picked":["Metallicize","hubris:ReadiedAction","ReplayTheSpireMod:Strike From Hell"],"picked":"SKIP","floor":14},{"not_picked":["Bludgeon","Demonic Infusion"],"picked":"Feed","floor":16},{"not_picked":["ReplayTheSpireMod:Strike From Hell","Dark Embrace","Clothesline"],"picked":"SKIP","floor":18},{"not_picked":["Abandon","Heavy Blade"],"picked":"Entrench","floor":19}],"player_experience":25197,"relics_obtained":[{"floor":7,"key":"Ancient Tea Set"},{"floor":9,"key":"Pet Ghost"},{"floor":11,"key":"Replay:Ringing Soul"}],"event_choices":[{"damage_healed":0,"gold_gain":0,"player_choice":"Ignored","damage_taken":0,"max_hp_gain":0,"max_hp_loss":0,"event_name":"Golden Idol","floor":6,"gold_loss":0},{"damage_healed":0,"gold_gain":0,"player_choice":"Searched \u00271\u0027 times","damage_taken":0,"max_hp_gain":0,"max_hp_loss":0,"event_name":"Dead Adventurer","floor":11,"gold_loss":0},{"damage_healed":0,"gold_gain":0,"player_choice":"Trade","damage_taken":0,"relics_obtained":["foxEvents:ScarlettsFace"],"max_hp_gain":0,"max_hp_loss":0,"event_name":"FaceTrader","floor":20,"gold_loss":0}],"is_beta":false,"boss_relics":[{"not_picked":["Calling Bell","Ooze Armor"],"picked":"Mark of Pain"}],"items_purged_floors":[5],"is_endless":false,"potions_floor_spawned":[2,3,18],"killed_by":"Snake Plant","ascension_level":0}}