{"host":"y89x8uui45kcjy42","time":1613308496,"event":{"mods":["2.2 Compatiblity","BaseMod","CapriCore","Colored Map","Colored Powertips","Custom Start","Friendly Minions","Keyboard Shortcuts","Minty Spire (QoL Compilation)","Relic Stats","Slay the Relics Exporter","StSLib","SuperFastMode","Uncapped"],"gold_per_floor":[118,136,136,152,152,152,152,165,189,189,199,199,225,225,225,299,299,312,312,326,376,245,245,245,245,296,296,82,82,82,113,113,184,184,196,196,208,132,144,144,177,177,177,177,69,69,69,69],"floor_reached":47,"language":"KOR","playtime":1099,"items_purged":[],"score":1080,"play_id":"da9b1224-b454-472e-a556-a0aeb7467c45","local_time":"20210214221456","is_ascension_mode":true,"campfire_choices":[{"data":"Dagger Throw","floor":6.0,"key":"SMITH"},{"data":"Blade Dance","floor":7.0,"key":"SMITH"},{"data":"Neutralize","floor":10.0,"key":"SMITH"},{"data":"Blur","floor":12.0,"key":"SMITH"},{"data":"Survivor","floor":15.0,"key":"SMITH"},{"data":"Envenom","floor":23.0,"key":"SMITH"},{"data":"A Thousand Cuts","floor":24.0,"key":"SMITH"},{"data":"Blade Dance","floor":25.0,"key":"SMITH"},{"data":"All Out Attack","floor":27.0,"key":"SMITH"},{"data":"Backflip","floor":29.0,"key":"SMITH"},{"data":"Acrobatics","floor":30.0,"key":"SMITH"},{"floor":32.0,"key":"REST"},{"floor":40,"key":"REST"},{"data":"Footwork","floor":42,"key":"SMITH"},{"data":"Noxious Fumes","floor":44,"key":"SMITH"},{"data":"Die Die Die","floor":46,"key":"SMITH"}],"circlet_count":0,"master_deck":["Survivor+1","Neutralize+1","Blade Dance+1","Dagger Throw+1","Finisher+1","Blur+1","Acrobatics+1","A Thousand Cuts+1","Blade Dance+1","Envenom+1","Backflip+1","Die Die Die+1","Noxious Fumes+1","Footwork+1","Finesse"],"relics":["Ring of the Serpent","Oddly Smooth Stone","Vajra","Kunai","Shuriken","Tingsha","Tough Bandages","HoveringKite","Happy Flower","WristBlade","Ancient Tea Set","OrangePellets","Bag of Marbles","WingedGreaves"],"acts_visited":["Exordium","TheCity","TheBeyond"],"potions_floor_usage":[],"damage_taken":[{"damage":0.0,"enemies":"Small Slimes","floor":1.0,"turns":3.0},{"damage":0.0,"enemies":"Cultist","floor":2.0,"turns":2.0},{"damage":0.0,"enemies":"Jaw Worm","floor":4.0,"turns":2.0},{"damage":0.0,"enemies":"3 Louse","floor":8.0,"turns":2.0},{"damage":0.0,"enemies":"Exordium Thugs","floor":11.0,"turns":2.0},{"damage":4.0,"enemies":"3 Sentries","floor":13.0,"turns":5.0},{"damage":7.0,"enemies":"Hexaghost","floor":16.0,"turns":6.0},{"damage":13.0,"enemies":"2 Thieves","floor":18.0,"turns":2.0},{"damage":2.0,"enemies":"Shell Parasite","floor":20.0,"turns":4.0},{"damage":0.0,"enemies":"Gremlin Leader","floor":31.0,"turns":2.0},{"damage":0.0,"enemies":"Automaton","floor":33.0,"turns":2.0},{"damage":0,"enemies":"3 Darklings","floor":35,"turns":3},{"damage":14,"enemies":"3 Shapes","floor":37,"turns":5},{"damage":50,"enemies":"Writhing Mass","floor":39,"turns":3},{"damage":16,"enemies":"Giant Head","floor":41,"turns":3},{"damage":8,"enemies":"4 Shapes","floor":47,"turns":1}],"seed_played":"-5440483419759149130","potions_obtained":[{"floor":4.0,"key":"LiquidBronze"},{"floor":8.0,"key":"EssenceOfSteel"},{"floor":31.0,"key":"LiquidBronze"},{"floor":37,"key":"CunningPotion"},{"floor":41,"key":"GhostInAJar"}],"is_trial":false,"path_per_floor":["M","M","?","M","?","R","R","M","T","R","M","R","E","?","R","B",null,"M","?","M","?","$","R","R","R","T","R","$","R","R","E","R","B",null,"M","?","M","$","M","R","E","R","T","R","$","R","M"],"character_chosen":"THE_SILENT","items_purchased":["Blade Dance","Envenom","Backflip","OrangePellets","Footwork","Finesse"],"campfire_rested":2,"item_purchase_floors":[22,22,28,28,38,45],"current_hp_per_floor":[59,59,59,59,59,59,59,59,59,59,59,59,55,51,51,44,61,48,48,46,46,46,46,46,46,46,46,46,46,46,46,65,65,66,66,66,52,52,2,21,5,5,5,5,5,5,0,0],"gold":69,"neow_bonus":"THREE_CARDS","is_daily":false,"chose_seed":false,"campfire_upgraded":14,"win_rate":0.0,"timestamp":1613308496,"path_taken":["M","M","?","?","?","R","R","M","T","R","M","R","E","?","R","BOSS","M","?","?","?","$","R","R","R","T","R","$","R","R","E","R","BOSS","M","?","M","$","M","R","?","E","R","T","R","?","R","?"],"items_purchased_type":["Card","Card","Card","Relic","Card","Card"],"build_version":"2020-12-22","purchased_purges":0,"victory":false,"max_hp_per_floor":[66,66,66,66,66,66,66,66,66,66,66,66,66,66,66,66,66,66,66,66,66,66,66,66,66,66,66,66,66,66,66,66,66,66,66,66,66,66,66,66,66,66,66,66,66,66,66,66],"relic_stats":{"OrangePellets":[2],"Tough Bandages":[111],"Happy Flower":[7],"counters":[16,47],"Shuriken":[45],"HoveringKite":[22],"Tingsha":[106],"Kunai":[45],"obtain_stats":[{"Happy Flower":19,"Oddly Smooth Stone":0,"Vajra":0,"HoveringKite":0,"Tingsha":0,"Ancient Tea Set":26,"OrangePellets":28,"Tough Bandages":0,"WristBlade":22,"Shuriken":0,"WingedGreaves":5,"Bag of Marbles":41,"Kunai":0,"Ring of the Serpent":17,"Ring of the Snake":0},{"Happy Flower":8,"Oddly Smooth Stone":0,"Vajra":0,"HoveringKite":0,"Tingsha":0,"Ancient Tea Set":9,"OrangePellets":9,"Tough Bandages":0,"WristBlade":9,"Shuriken":0,"WingedGreaves":3,"Bag of Marbles":15,"Kunai":0,"Ring of the Serpent":7,"Ring of the Snake":0},{"Happy Flower":24,"Oddly Smooth Stone":0,"Vajra":0,"HoveringKite":0,"Tingsha":0,"Ancient Tea Set":28,"OrangePellets":28,"Tough Bandages":0,"WristBlade":28,"Shuriken":0,"WingedGreaves":7,"Bag of Marbles":46,"Kunai":0,"Ring of the Serpent":22,"Ring of the Snake":0}]},"card_choices":[{"not_picked":["Heel Hook","Flechettes"],"picked":"Blade Dance","floor":0.0},{"not_picked":["Deadly Poison","Eviscerate"],"picked":"Dagger Throw","floor":1.0},{"not_picked":["Bane","Outmaneuver","Dagger Throw"],"picked":"SKIP","floor":2.0},{"not_picked":["Sucker Punch","Endless Agony"],"picked":"Finisher","floor":4.0},{"not_picked":["Deflect","Riddle With Holes","Endless Agony"],"picked":"SKIP","floor":8.0},{"not_picked":["Flying Knee","Slice"],"picked":"Blur","floor":11.0},{"not_picked":["Bane","Skewer"],"picked":"Acrobatics","floor":13.0},{"not_picked":["Grand Finale","Corpse Explosion"],"picked":"A Thousand Cuts","floor":16.0},{"not_picked":["Bane+1","Heel Hook","Deadly Poison"],"picked":"SKIP","floor":18.0},{"not_picked":["Terror","Cloak And Dagger"],"picked":"All Out Attack","floor":20.0},{"not_picked":["Acrobatics","Bouncing Flask","Choke"],"picked":"SKIP","floor":31.0},{"not_picked":["Corpse Explosion","Doppelganger"],"picked":"Die Die Die","floor":33.0},{"not_picked":["Riddle With Holes+1","Quick Slash"],"picked":"Noxious Fumes","floor":35},{"not_picked":["Slice+1","Sucker Punch","Acrobatics"],"picked":"SKIP","floor":37},{"not_picked":["All Out Attack+1","Prepared+1","Riddle With Holes"],"picked":"SKIP","floor":39},{"not_picked":["Slice","Cloak And Dagger","Dagger Throw"],"picked":"SKIP","floor":41}],"player_experience":692091,"relics_obtained":[{"floor":26.0,"key":"Ancient Tea Set"},{"floor":41,"key":"Bag of Marbles"}],"event_choices":[{"damage_healed":0.0,"max_hp_gain":0.0,"max_hp_loss":0.0,"gold_gain":0.0,"event_name":"Match and Keep!","player_choice":"0 cards matched","floor":3.0,"gold_loss":0.0,"damage_taken":0.0,"cards_obtained":[]},{"damage_healed":0.0,"max_hp_gain":0.0,"max_hp_loss":0.0,"gold_gain":0.0,"event_name":"Living Wall","player_choice":"Grow","floor":5.0,"gold_loss":0.0,"damage_taken":0.0,"cards_upgraded":["Finisher"]},{"damage_healed":0.0,"max_hp_gain":0.0,"max_hp_loss":0.0,"gold_gain":0.0,"event_name":"The Woman in Blue","player_choice":"Bought 0 Potions","floor":14.0,"gold_loss":0.0,"damage_taken":0.0},{"damage_healed":0.0,"max_hp_gain":0.0,"max_hp_loss":0.0,"gold_gain":0.0,"event_name":"WeMeetAgain","player_choice":"Gave Potion","floor":19.0,"gold_loss":0.0,"damage_taken":0.0,"relics_obtained":["Happy Flower"]},{"damage_healed":0.0,"max_hp_gain":0.0,"max_hp_loss":0.0,"gold_gain":50.0,"event_name":"Nest","player_choice":"Stole From Cult","floor":21.0,"gold_loss":0.0,"damage_taken":0.0},{"cards_removed":["All Out Attack"],"damage_healed":0,"gold_gain":0,"player_choice":"Offered Uncommon","damage_taken":0,"max_hp_gain":0,"max_hp_loss":0,"event_name":"Bonfire Elementals","floor":36,"gold_loss":0}],"is_beta":false,"boss_relics":[{"not_picked":["Astrolabe","Empty Cage"],"picked":"Ring of the Serpent"},{"not_picked":["Runic Pyramid","Philosopher\u0027s Stone","Fusion Hammer"]}],"items_purged_floors":[],"is_endless":false,"potions_floor_spawned":[4,8,18,31,33,35,37,41],"killed_by":"4 Shapes","ascension_level":20}}