{"host":"y4fuci1jk2rsxnep","time":1613310623,"event":{"mods":["AchievementEnabler","BaseMod","Colored Powertips","Custom Start","Defuse TimeMaze Blight","Dio Mod","Downfall","Hermit","Hero for Fun","Hubris","Hunter ??","Infinite Spire","Minty Spire (QoL Compilation)","Quick Restart","Reliquary","Remove Card Discount Mod","Replay The Spire","StSLib","The Blackbeard","The Bug Knight","The Mystic","The Runesmith"],"gold_per_floor":[116,116,116,134,151,151,180,180,206,155,170,201,201,201,201],"floor_reached":13,"language":"ENG","playtime":1075,"items_purged":["hexamod:GhostShield"],"score":93,"play_id":"2290c5d5-593d-48b5-a612-2f4ff94f6be6","local_time":"20210214145023","daily_mods":["Heirloom","Flight"],"is_ascension_mode":false,"campfire_choices":[{"data":"hexamod:Sear","floor":6,"key":"SMITH"},{"floor":8,"key":"REST"}],"circlet_count":0,"master_deck":["hexamod:Strike","hexamod:Strike","hexamod:Strike","hexamod:Strike","hexamod:Defend","hexamod:Defend","hexamod:Defend","hexamod:Defend","hexamod:Sear+1","hexamod:Float","hexamod:EmpoweredFlame","hexamod:ChargedBarrage","hexamod:GhostflameBarrier","hexamod:EmpoweredFlame","hexamod:BurningTouch","hexamod:GhostShield"],"relics":["hexamod:SpiritBrand","replay:Trail_Library","Girya","reliquary:BoilingFlask","reliquary:PartyBalloon","Strawberry"],"acts_visited":["Exordium"],"potions_floor_usage":[],"damage_taken":[{"damage":1,"enemies":"Cultist","floor":1,"turns":4},{"damage":0,"enemies":"2 Louse","floor":4,"turns":2},{"damage":1,"enemies":"Jaw Worm","floor":5,"turns":3},{"damage":38,"enemies":"Gremlin Nob","floor":7,"turns":5},{"damage":6,"enemies":"2 Fungi Beasts","floor":11,"turns":5},{"damage":14,"enemies":"Lagavulin","floor":12,"turns":6},{"damage":38,"enemies":"3 Sentries","floor":13,"turns":6}],"seed_played":"-6722200707505357391","potions_obtained":[{"floor":5,"key":"SpeedPotion"},{"floor":7,"key":"ColorlessPotion"}],"is_trial":true,"path_per_floor":["M","?","$","M","M","R","E","R","T","$","M","E","E"],"character_chosen":"THE_SPIRIT","items_purchased":["hexamod:BurningTouch"],"campfire_rested":1,"item_purchase_floors":[10],"current_hp_per_floor":[69,69,69,69,68,68,30,51,51,51,45,38,0,0,0],"gold":201,"neow_bonus":"","is_daily":false,"chose_seed":false,"campfire_upgraded":1,"win_rate":0.0,"timestamp":1613310623,"path_taken":["M","?","$","M","M","R","E","R","T","$","M","E","E"],"items_purchased_type":["Card"],"build_version":"2020-12-22","purchased_purges":1,"victory":false,"max_hp_per_floor":[70,70,70,70,70,70,70,70,70,70,70,77,77,77,77],"card_choices":[{"not_picked":["hexamod:CatchUp","hexamod:RetreatToShadows"],"picked":"hexamod:EmpoweredFlame","floor":1},{"not_picked":["hexamod:ThirdSeal","hexamod:GhostLash"],"picked":"hexamod:ChargedBarrage","floor":4},{"not_picked":["hexamod:NightmareGuise","hexamod:GhostLash"],"picked":"hexamod:GhostflameBarrier","floor":5},{"not_picked":["hexamod:GhostLash","hexamod:Firestarter","hexamod:ParanormalForm"],"picked":"SKIP","floor":7},{"not_picked":["hexamod:GhostLash","hexamod:BurningTouch"],"picked":"hexamod:GhostShield","floor":11},{"not_picked":["hexamod:BacktrackSmack","hexamod:Incineration","hexamod:AdvancingGuard"],"picked":"SKIP","floor":12}],"player_experience":555359,"relics_obtained":[{"floor":7,"key":"reliquary:BoilingFlask"},{"floor":9,"key":"reliquary:PartyBalloon"},{"floor":12,"key":"Strawberry"}],"event_choices":[{"damage_healed":0,"gold_gain":0,"player_choice":"Leave","damage_taken":0,"max_hp_gain":0,"max_hp_loss":0,"event_name":"The Cleric","floor":2,"gold_loss":0}],"is_beta":false,"boss_relics":[],"items_purged_floors":[10],"is_endless":false,"potions_floor_spawned":[5,7],"killed_by":"3 Sentries","ascension_level":0}}