{"host":"hgppx942rrnelsya","time":1613329830,"event":{"mods":["Act Like it!","BaseMod","Friendly Minions","Gensokyo","GifTheSpireLib","Hallownest","KinomotoSakuraMod(????)","Koishi","Marisa????????","Minty Spire (QoL Compilation)","Prisma Mod","Remilia??????","StSLib","The Alterego","The Animator","The Forsaken","The Hierophant","The Mystic","The Runesmith","The Servant 0.9.4"],"gold_per_floor":[116,129,129,147,176,176,204,204,204,204,5,35,35,60,60,165,165,179,329,329,349,366,396,95,129,129,129,79,90,101,112,112,207,257,277,6,6,6],"floor_reached":37,"language":"ENG","playtime":3530,"items_purged":["Defy"],"score":585,"play_id":"18b4de3b-91e3-4806-a8ae-8661fb6f3551","local_time":"20210214191030","is_ascension_mode":false,"campfire_choices":[{"data":"GearUp","floor":6.0,"key":"SMITH"},{"data":"BestPractice","floor":8.0,"key":"SMITH"},{"data":"Defy","floor":15.0,"key":"SMITH"},{"data":"Barrier","floor":27.0,"key":"SMITH"},{"data":"Moonlight","floor":32.0,"key":"SMITH"}],"circlet_count":0,"master_deck":["Strike_S","Strike_S+1","Strike_S","Strike_S","KidneyShot","Exchange","Starlight","BestPractice+1","Moonlight+1","GearUp+1","Hightail","Hallownest:skillLeafShield","Hallownest:skillLeafShield","Hallownest:skillLeafShield","Hallownest:skillLeafShield","Hallownest:skillLeafShield","Rearm","Defy+1","KillingDoll","Ricochet","Barrier+1","Collapse","SilverBlades+1","DualDimension+1","Rearm","Duplication","Luminosity","Ricochet"],"relics":["SplendidAttire","Hallownest:DreamNailRelic","Strawberry","KneeBrace","Question Card","Lantern","Oddly Smooth Stone","MealTicket","Meat on the Bone","Potion Belt","Regal Pillow","Tiny House","Toy Ornithopter"],"acts_visited":["Hallownest:Greenpath","Hallownest:CityofTears","TheBeyond"],"potions_floor_usage":[37],"damage_taken":[{"damage":3.0,"enemies":"Hallownest:2_Baldur","floor":1.0,"turns":4.0},{"damage":1.0,"enemies":"Hallownest:monsterHuskWarrior","floor":2.0,"turns":3.0},{"damage":1.0,"enemies":"Hallownest:monsterHuskGuard","floor":4.0,"turns":4.0},{"damage":9.0,"enemies":"Hallownest:eliteVengeflyKing","floor":5.0,"turns":10.0},{"damage":6.0,"enemies":"Hallownest:eliteMossKnight","floor":7.0,"turns":7.0},{"damage":0.0,"enemies":"Hallownest:eliteCrystalGuardian","floor":12.0,"turns":7.0},{"damage":0.0,"enemies":"Hallownest:eliteVengeflyKing","floor":14.0,"turns":11.0},{"damage":0.0,"enemies":"Hallownest:BossHornet","floor":16.0,"turns":14.0},{"damage":5.0,"enemies":"Hallownest:2_Mistakes","floor":18.0,"turns":13.0},{"damage":0.0,"enemies":"Hallownest:3_Youths","floor":21.0,"turns":8.0},{"damage":6.0,"enemies":"Hallownest:2_Husk_Sentries","floor":22.0,"turns":6.0},{"damage":0.0,"enemies":"Hallownest:Nosk","floor":23.0,"turns":30.0},{"damage":26.0,"enemies":"Hallownest:eliteSoulWarrior","floor":25.0,"turns":10.0},{"damage":0.0,"enemies":"Hallownest:Master_and_Novice","floor":29.0,"turns":5.0},{"damage":1.0,"enemies":"Hallownest:Warrior_and_Youth","floor":30.0,"turns":5.0},{"damage":0.0,"enemies":"Hallownest:monsterMisterMushroom","floor":31.0,"turns":6.0},{"damage":27.0,"enemies":"Hallownest:BossMantisLord","floor":33.0,"turns":9.0},{"damage":0,"enemies":"Orb Walker","floor":35,"turns":5},{"damage":93,"enemies":"Orin","floor":37,"turns":12}],"seed_played":"-8315449021982570829","potions_obtained":[{"floor":0.0,"key":"Dexterity Potion"},{"floor":0.0,"key":"Explosive Potion"},{"floor":0.0,"key":"EssenceOfSteel"},{"floor":4.0,"key":"GamblersBrew"},{"floor":5.0,"key":"Swift Potion"},{"floor":16.0,"key":"Regen Potion"},{"floor":23.0,"key":"Strength Potion"},{"floor":30.0,"key":"Fire Potion"},{"floor":31.0,"key":"SpeedPotion"},{"floor":34,"key":"Explosive Potion"}],"is_trial":false,"path_per_floor":["M","M","?","M","?","R","E","R","T","?","$","E","$","E","R","B",null,"M","?","$","M","M","E","$","E","T","R","$","M","M","M","R","B",null,"M","$","?"],"character_chosen":"THE_SERVANT","items_purchased":["Rearm","Lantern","Collapse","Potion Belt","SkillPotion","Luminosity","Ricochet","Toy Ornithopter"],"campfire_rested":0,"item_purchase_floors":[11,11,24,24,28,36,36,36],"current_hp_per_floor":[62,61,61,60,58,58,52,52,52,52,52,52,52,52,52,52,72,67,67,72,72,66,66,72,59,59,59,72,72,71,71,71,44,77,77,77,0,0],"gold":6,"neow_bonus":"THREE_SMALL_POTIONS","is_daily":false,"chose_seed":false,"campfire_upgraded":5,"win_rate":0.0,"timestamp":1613329830,"path_taken":["M","M","?","?","?","R","E","R","T","?","?","E","$","E","R","BOSS","M","?","$","M","M","E","$","E","T","R","?","M","M","?","R","BOSS","M","$","?"],"items_purchased_type":["Card","Relic","Card","Relic","Potion","Card","Card","Relic"],"build_version":"2020-12-22","purchased_purges":1,"victory":false,"max_hp_per_floor":[65,65,65,65,72,72,72,72,72,72,72,72,72,72,72,72,72,72,72,72,72,72,72,72,72,72,72,72,72,72,72,72,72,77,77,77,77,77],"card_choices":[{"not_picked":["FastForward","Defy"],"picked":"Starlight","floor":1.0},{"not_picked":["WasteNot","Revamp"],"picked":"BestPractice","floor":2.0},{"not_picked":["Unruled","Potential"],"picked":"Moonlight","floor":4.0},{"not_picked":["Solidify","ShiftingGears"],"picked":"GearUp","floor":5.0},{"not_picked":["FastForward","Shuttle"],"picked":"Hightail","floor":7.0},{"not_picked":["RealityMarble","Rewind","MoonPhase"],"picked":"Defy","floor":12.0},{"not_picked":["Duplication","FastForward","Defy","Alleviate"],"picked":"SKIP","floor":14.0},{"not_picked":["Initiator","ForgedInTime","PendulumOfEternity"],"picked":"KillingDoll","floor":16.0},{"not_picked":["Moonlight+1","Unruled","Foresight"],"picked":"Ricochet","floor":18.0},{"not_picked":["ShatteredReality+1","Unruled","BestPractice","DoubleEdge"],"picked":"SKIP","floor":21.0},{"not_picked":["Replace","Misdirection","Spin"],"picked":"Defy","floor":22.0},{"not_picked":["StarChef","Revamp+1","Ricochet"],"picked":"Barrier","floor":23.0},{"not_picked":["KillingDoll","Rewind","Deadline"],"picked":"SilverBlades+1","floor":25.0},{"not_picked":["BottledTime","Alleviate","Sabotage"],"picked":"DualDimension+1","floor":29.0},{"not_picked":["Replace","Spin+1","Starlight","Read"],"picked":"SKIP","floor":30.0},{"not_picked":["Revamp+1","Alleviate","Moondial"],"picked":"Rearm","floor":31.0},{"not_picked":["Embodiment","PendulumOfEternity","LightFlow"],"picked":"Duplication","floor":33.0},{"not_picked":["DoubleEdge+1","Manipulate","TimeWarp+1","ShatteredReality+1"],"picked":"SKIP","floor":35}],"player_experience":52757,"relics_obtained":[{"floor":5.0,"key":"Strawberry"},{"floor":7.0,"key":"KneeBrace"},{"floor":9.0,"key":"Question Card"},{"floor":12.0,"key":"Oddly Smooth Stone"},{"floor":14.0,"key":"MealTicket"},{"floor":23.0,"key":"Meat on the Bone"},{"floor":25.0,"key":"Regal Pillow"}],"event_choices":[{"damage_healed":0,"gold_gain":0,"player_choice":"Fight","damage_taken":0,"max_hp_gain":0,"max_hp_loss":0,"event_name":"OrinTheCat","floor":37,"gold_loss":0}],"is_beta":false,"boss_relics":[{"not_picked":["SacredBark","Sozu"],"picked":"SplendidAttire"},{"not_picked":["Astrolabe","Empty Cage"],"picked":"Tiny House"}],"items_purged_floors":[24],"is_endless":false,"potions_floor_spawned":[4,5,16,23,30,31],"killed_by":"Orin","ascension_level":0}}