{"host":"vpnygm79y7yi43ig","time":1613342699,"event":{"mods":["BaseMod","Bestiary","Minty Spire (QoL Compilation)"],"gold_per_floor":[111,111,111,125,143,143,153,172,172,192,192,192,205,223,223,319,319,334,433,65,65,65,92,92,120,147,147,157,157,207,207],"floor_reached":30,"language":"ENG","playtime":1115,"items_purged":[],"score":285,"play_id":"24381583-29dd-4921-97f6-c9004b9bcafc","local_time":"20210214144459","daily_mods":["Draft"],"is_ascension_mode":false,"campfire_choices":[{"data":"Crippling Poison","floor":6,"key":"SMITH"},{"data":"Setup","floor":15,"key":"SMITH"},{"data":"Catalyst","floor":24,"key":"SMITH"},{"data":"Catalyst","floor":29,"key":"SMITH"}],"circlet_count":0,"master_deck":["Catalyst+1","PiercingWail","Deadly Poison","Catalyst+1","Blur","Poisoned Stab","Backflip","Bouncing Flask","Leg Sweep","Setup+1","Dagger Spray","Deadly Poison","Poisoned Stab","Blur","Crippling Poison+1","Dodge and Roll","Cloak And Dagger","Malaise","Backflip","Adrenaline","Footwork","Well Laid Plans"],"relics":["Ring of the Snake","Molten Egg 2","Matryoshka","Snecko Eye","TwistedFunnel","Blood Vial","Strawberry","Smiling Mask","Gremlin Horn","PreservedInsect","SsserpentHead"],"acts_visited":["Exordium","TheCity"],"potions_floor_usage":[16,16,23],"damage_taken":[{"damage":0,"enemies":"Cultist","floor":1,"turns":3},{"damage":0,"enemies":"2 Louse","floor":4,"turns":2},{"damage":1,"enemies":"Jaw Worm","floor":5,"turns":3},{"damage":1,"enemies":"Looter","floor":7,"turns":3},{"damage":10,"enemies":"Large Slime","floor":8,"turns":5},{"damage":0,"enemies":"Red Slaver","floor":10,"turns":4},{"damage":1,"enemies":"2 Fungi Beasts","floor":13,"turns":3},{"damage":0,"enemies":"3 Louse","floor":14,"turns":2},{"damage":37,"enemies":"Slime Boss","floor":16,"turns":9},{"damage":0,"enemies":"Chosen","floor":18,"turns":4},{"damage":23,"enemies":"Gremlin Leader","floor":23,"turns":7},{"damage":0,"enemies":"Book of Stabbing","floor":25,"turns":4},{"damage":2,"enemies":"3 Byrds","floor":28,"turns":3},{"damage":0,"enemies":"Snake Plant","floor":30,"turns":1}],"seed_played":"-6831472439927798537","potions_obtained":[{"floor":1,"key":"FairyPotion"},{"floor":4,"key":"Strength Potion"},{"floor":8,"key":"LiquidBronze"},{"floor":10,"key":"DuplicationPotion"},{"floor":13,"key":"Regen Potion"},{"floor":16,"key":"Dexterity Potion"},{"floor":18,"key":"SpeedPotion"},{"floor":25,"key":"FearPotion"}],"is_trial":true,"path_per_floor":["M","?","$","M","M","R","M","M","T","M","?","?","M","M","R","B",null,"M","?","$","?","?","E","R","E","T","?","M","R","M"],"character_chosen":"THE_SILENT","items_purchased":["TwistedFunnel","Footwork","Blood Vial"],"campfire_rested":0,"item_purchase_floors":[20,20,20],"current_hp_per_floor":[70,70,70,70,69,69,68,58,58,58,63,45,44,44,44,7,75,75,75,75,75,75,74,74,76,76,76,76,76,78,78],"gold":207,"neow_bonus":"","is_daily":false,"chose_seed":false,"campfire_upgraded":4,"win_rate":0.0,"timestamp":1613342699,"path_taken":["M","?","$","M","M","R","M","M","T","M","?","?","M","M","R","BOSS","M","?","$","?","?","E","R","E","T","?","M","R","?"],"items_purchased_type":["Relic","Card","Relic"],"build_version":"2020-12-22","purchased_purges":0,"victory":false,"max_hp_per_floor":[70,70,70,70,70,70,70,70,70,70,75,75,75,75,75,75,75,75,75,75,75,75,82,82,82,82,82,82,82,82,82],"card_choices":[{"not_picked":["Setup","Sucker Punch"],"picked":"Catalyst","floor":0},{"not_picked":["Riddle With Holes","Slice"],"picked":"PiercingWail","floor":0},{"not_picked":["Skewer","Underhanded Strike"],"picked":"Deadly Poison","floor":0},{"not_picked":["Cloak And Dagger","Sucker Punch"],"picked":"Catalyst","floor":0},{"not_picked":["Terror","Cloak And Dagger"],"picked":"Blur","floor":0},{"not_picked":["Eviscerate","Quick Slash"],"picked":"Poisoned Stab","floor":0},{"not_picked":["Poisoned Stab","Outmaneuver"],"picked":"Backflip","floor":0},{"not_picked":["Prepared","Deflect"],"picked":"Bouncing Flask","floor":0},{"not_picked":["Backflip","Skewer"],"picked":"Leg Sweep","floor":0},{"not_picked":["Flying Knee","Bouncing Flask"],"picked":"Setup","floor":0},{"not_picked":["Prepared","Distraction"],"picked":"Dagger Spray","floor":0},{"not_picked":["Setup","Accuracy"],"picked":"Deadly Poison","floor":0},{"not_picked":["Reflex","Acrobatics"],"picked":"Poisoned Stab","floor":0},{"not_picked":["Dagger Spray","Outmaneuver"],"picked":"Blur","floor":0},{"not_picked":["Underhanded Strike","Outmaneuver"],"picked":"Crippling Poison","floor":0},{"not_picked":["Quick Slash","Crippling Poison","Bouncing Flask"],"picked":"SKIP","floor":1},{"not_picked":["Deflect","Underhanded Strike"],"picked":"Dodge and Roll","floor":4},{"not_picked":["Outmaneuver","Choke"],"picked":"Cloak And Dagger","floor":5},{"not_picked":["Poisoned Stab","PiercingWail"],"picked":"Malaise","floor":7},{"not_picked":["Flechettes","Blade Dance","Setup"],"picked":"SKIP","floor":8},{"not_picked":["Dodge and Roll","Reflex"],"picked":"Backflip","floor":10},{"not_picked":["Dodge and Roll","Outmaneuver"],"picked":"Adrenaline","floor":13},{"not_picked":["Dodge and Roll","Deadly Poison","Expertise"],"picked":"SKIP","floor":14},{"not_picked":["Acrobatics","Prepared","Masterful Stab+1"],"picked":"SKIP","floor":18},{"not_picked":["Dagger Spray+1","Prepared"],"picked":"Well Laid Plans","floor":23},{"not_picked":["Tactician","Heel Hook+1","Outmaneuver"],"picked":"SKIP","floor":25},{"not_picked":["Skewer+1","Setup","Prepared"],"picked":"SKIP","floor":28}],"player_experience":210806,"relics_obtained":[{"floor":9,"key":"Molten Egg 2"},{"floor":23,"key":"Strawberry"},{"floor":25,"key":"Smiling Mask"},{"floor":26,"key":"Gremlin Horn"},{"floor":26,"key":"PreservedInsect"}],"event_choices":[{"damage_healed":0,"gold_gain":0,"player_choice":"Ignored","damage_taken":0,"max_hp_gain":0,"max_hp_loss":0,"event_name":"Golden Wing","floor":2,"gold_loss":0},{"damage_healed":0,"gold_gain":0,"player_choice":"Donut","damage_taken":0,"max_hp_gain":5,"max_hp_loss":0,"event_name":"Big Fish","floor":11,"gold_loss":0},{"damage_healed":0,"gold_gain":0,"player_choice":"Success","damage_taken":18,"relics_obtained":["Matryoshka"],"max_hp_gain":0,"max_hp_loss":0,"event_name":"Scrap Ooze","floor":12,"gold_loss":0},{"damage_healed":0,"gold_gain":99,"player_choice":"Stole From Cult","damage_taken":0,"max_hp_gain":0,"max_hp_loss":0,"event_name":"Nest","floor":19,"gold_loss":0},{"damage_healed":0,"gold_gain":0,"player_choice":"Ignored","damage_taken":0,"max_hp_gain":0,"max_hp_loss":0,"event_name":"Ghosts","floor":21,"gold_loss":0},{"damage_healed":0,"gold_gain":0,"player_choice":"Trade","damage_taken":0,"relics_obtained":["SsserpentHead"],"max_hp_gain":0,"max_hp_loss":0,"event_name":"FaceTrader","floor":27,"gold_loss":0}],"is_beta":false,"boss_relics":[{"not_picked":["Ectoplasm","Sozu"],"picked":"Snecko Eye"}],"items_purged_floors":[],"is_endless":false,"potions_floor_spawned":[1,4,8,10,13,16,18,25],"killed_by":"Snake Plant","ascension_level":0}}