{"host":"uv5ws9rdk87e8i5k","time":1613330055,"event":{"mods":["AchievementEnabler","BaseMod","Colored Map","Minty Spire (QoL Compilation)","Permanent Neow","Quick Restart","StSLib","SuperFastMode","The Necromancer"],"gold_per_floor":[17,35,51,66,76,107,107,182,182,198,227,227,227,262,262,363,363,378,477,477,490,16,29,56,74,74,74,85,114,144,170,170,273,273,289,289,289,316,34,34,68,118,118,171,30,64,64,83,83,83],"floor_reached":51,"language":"ENG","playtime":1782,"items_purged":["Strike_B","Defend_B","Defend_B"],"score":1144,"play_id":"8e2a68e4-5dad-4dd0-8ef7-30165c25b073","local_time":"20210214131415","is_ascension_mode":true,"campfire_choices":[{"data":"White Noise","floor":13.0,"key":"SMITH"},{"data":"Coolheaded","floor":15.0,"key":"SMITH"},{"floor":27,"key":"REST"},{"floor":32,"key":"REST"},{"data":"Rainbow","floor":40,"key":"SMITH"},{"data":"Defragment","floor":49,"key":"SMITH"}],"circlet_count":0,"master_deck":["Zap","Dualcast","Conserve Battery+1","Ball Lightning","Conserve Battery","Skim","Undo","Echo Form","White Noise+1","Coolheaded+1","Thunder Strike+1","Streamline+1","Redo+1","Defragment","Rainbow+1","Chaos+1","Steam Power+1","Force Field+1","Chaos+1","Turbo+1","Coolheaded+1","Amplify+1","Secret Technique+1","Machine Learning","Dark Shackles+1","Consume+1","Tempest+1","Turbo+1","Coolheaded+1","Defragment+1","Aggregate+1"],"relics":["Cracked Core","Cables","Nunchaku","Molten Egg 2","FossilizedHelix","Black Star","Membership Card","Bottled Lightning","Toxic Egg 2","WingedGreaves","Bag of Marbles","Oddly Smooth Stone","Symbiotic Virus","Bag of Preparation","Sundial","Thread and Needle","Art of War","Empty Cage","Orichalcum","Runic Capacitor","War Paint","Ginger","DataDisk","Du-Vu Doll","Gremlin Horn","Lizard Tail","Dream Catcher","Pantograph","Ancient Tea Set"],"acts_visited":["Exordium","TheCity","TheBeyond"],"potions_floor_usage":[24,24,29,29,30,46,50,50],"damage_taken":[{"damage":1.0,"enemies":"Cultist","floor":1.0,"turns":3.0},{"damage":7.0,"enemies":"Small Slimes","floor":2.0,"turns":3.0},{"damage":0.0,"enemies":"Jaw Worm","floor":3.0,"turns":3.0},{"damage":0.0,"enemies":"2 Fungi Beasts","floor":4.0,"turns":3.0},{"damage":13.0,"enemies":"Large Slime","floor":5.0,"turns":3.0},{"damage":4.0,"enemies":"3 Sentries","floor":6.0,"turns":6.0},{"damage":0.0,"enemies":"Exordium Thugs","floor":10.0,"turns":4.0},{"damage":0.0,"enemies":"Lagavulin","floor":11.0,"turns":8.0},{"damage":18.0,"enemies":"Gremlin Nob","floor":14.0,"turns":5.0},{"damage":5.0,"enemies":"Slime Boss","floor":16.0,"turns":10.0},{"damage":0.0,"enemies":"3 Byrds","floor":18.0,"turns":4.0},{"damage":17.0,"enemies":"2 Thieves","floor":21.0,"turns":4.0},{"damage":0.0,"enemies":"Snecko","floor":23.0,"turns":3.0},{"damage":38,"enemies":"Slavers","floor":24,"turns":5},{"damage":15,"enemies":"Snake Plant","floor":25,"turns":4},{"damage":2,"enemies":"Cultist and Chosen","floor":28,"turns":5},{"damage":0,"enemies":"Gremlin Leader","floor":29,"turns":6},{"damage":0,"enemies":"Slavers","floor":30,"turns":2},{"damage":11,"enemies":"Gremlin Leader","floor":31,"turns":8},{"damage":0,"enemies":"Champ","floor":33,"turns":7},{"damage":0,"enemies":"Orb Walker","floor":35,"turns":4},{"damage":0,"enemies":"Giant Head","floor":41,"turns":8},{"damage":3,"enemies":"Mind Bloom Boss Battle","floor":42,"turns":5},{"damage":11,"enemies":"2 Orb Walkers","floor":44,"turns":5},{"damage":0,"enemies":"Nemesis","floor":46,"turns":7},{"damage":9,"enemies":"3 Darklings","floor":48,"turns":3},{"damage":13,"enemies":"Time Eater","floor":50,"turns":8}],"seed_played":"-7812983655548516880","potions_obtained":[{"floor":4.0,"key":"SpeedPotion"},{"floor":5.0,"key":"LiquidMemories"},{"floor":6.0,"key":"EssenceOfSteel"},{"floor":14.0,"key":"Swift Potion"},{"floor":16.0,"key":"ColorlessPotion"},{"floor":20.0,"key":"PowerPotion"},{"floor":20.0,"key":"EssenceOfSteel"},{"floor":24,"key":"Explosive Potion"},{"floor":25,"key":"SpeedPotion"},{"floor":29,"key":"FocusPotion"},{"floor":33,"key":"Dexterity Potion"},{"floor":35,"key":"AttackPotion"},{"floor":44,"key":"EssenceOfSteel"},{"floor":48,"key":"SteroidPotion"}],"is_trial":false,"path_per_floor":["M","M","M","M","M","E","?","?","T","M","E","T","R","E","R","B",null,"M","?","?","M","$","M","E","M","T","R","M","E","E","E","R","B",null,"M","?","?","T","$","R","E","?","T","?","$","E","T","M","R","B",null],"character_chosen":"DEFECT","items_purchased":["Membership Card","Defragment","Rainbow","Bottled Lightning","Chaos","Runic Capacitor","Machine Learning","War Paint","Dark Shackles+1","Turbo+1","Coolheaded+1","FocusPotion"],"campfire_rested":2,"item_purchase_floors":[22,22,22,22,22,39,39,39,39,45,45,45],"current_hp_per_floor":[74,67,67,67,54,50,50,39,39,39,39,39,39,21,21,16,75,75,75,75,58,58,58,20,5,5,27,25,25,25,14,36,36,75,75,75,75,75,75,75,75,72,72,61,61,61,61,52,52,62],"gold":83,"neow_bonus":"REMOVE_TWO","is_daily":false,"chose_seed":false,"campfire_upgraded":4,"win_rate":0.0,"timestamp":1613330055,"path_taken":["M","M","M","M","M","E","?","?","T","M","E","?","R","E","R","BOSS","M","?","?","M","$","M","E","M","T","R","?","E","E","E","R","BOSS","M","?","?","?","?","R","E","?","T","?","$","E","?","M","R","BOSS"],"items_purchased_type":["Relic","Card","Card","Relic","Card","Relic","Card","Relic","Card","Card","Card","Potion"],"build_version":"2020-12-22","purchased_purges":3,"victory":true,"max_hp_per_floor":[75,75,75,75,75,75,75,75,75,75,75,75,75,75,75,75,75,75,75,75,75,75,75,75,75,75,75,75,75,75,75,75,75,75,75,75,75,75,75,75,75,75,75,75,75,75,75,75,75,75],"card_choices":[{"not_picked":["Gash","Rebound"],"picked":"Conserve Battery","floor":1.0},{"not_picked":["Steam","Gash"],"picked":"Ball Lightning","floor":2.0},{"not_picked":["Chill","Sunder"],"picked":"Conserve Battery","floor":3.0},{"not_picked":["Streamline","Darkness"],"picked":"Skim","floor":4.0},{"not_picked":["Hologram","Go for the Eyes"],"picked":"Undo","floor":5.0},{"not_picked":["Skim","Redo"],"picked":"Echo Form","floor":6.0},{"not_picked":["Redo","Static Discharge"],"picked":"White Noise","floor":10.0},{"not_picked":["Chill","Skim"],"picked":"Coolheaded","floor":11.0},{"not_picked":["Steam","Sweeping Beam+1","Reprogram"],"picked":"SKIP","floor":14.0},{"not_picked":["Seek","Reboot"],"picked":"Thunder Strike+1","floor":16.0},{"not_picked":["Auto Shields","Reinforced Body"],"picked":"Streamline+1","floor":18.0},{"not_picked":["Melter+1","Conserve Battery"],"picked":"Redo+1","floor":21.0},{"not_picked":["Lockon+1","Recycle+1"],"picked":"Steam Power+1","floor":23.0},{"not_picked":["Gash+1","Thunder Strike+1"],"picked":"Force Field+1","floor":24},{"not_picked":["Steam+1","Cold Snap+1"],"picked":"Chaos+1","floor":25},{"not_picked":["Redo+1","Leap+1"],"picked":"Turbo+1","floor":28},{"not_picked":["Undo+1","Consume+1","Beam Cell+1"],"picked":"SKIP","floor":29},{"not_picked":["Streamline+1","Compile Driver+1"],"picked":"Coolheaded+1","floor":30},{"not_picked":["Gash+1","Leap+1","Steam+1"],"picked":"SKIP","floor":31},{"not_picked":["Echo Form","All For One+1"],"picked":"Amplify+1","floor":33},{"not_picked":["Redo+1","Reprogram+1","Darkness+1"],"picked":"SKIP","floor":35},{"not_picked":["Mind Blast+1","Purity+1"],"picked":"Secret Technique+1","floor":36},{"not_picked":["Leap+1","Genetic Algorithm+1"],"picked":"Consume+1","floor":41},{"not_picked":["Ball Lightning+1","Barrage+1"],"picked":"Tempest+1","floor":44},{"not_picked":["Compile Driver+1","Storm+1"],"picked":"Defragment","floor":46},{"not_picked":["Coolheaded+1","Melter+1"],"picked":"Aggregate+1","floor":48}],"player_experience":182244,"relics_obtained":[{"floor":6.0,"key":"Cables"},{"floor":11.0,"key":"Nunchaku"},{"floor":12.0,"key":"Molten Egg 2"},{"floor":14.0,"key":"FossilizedHelix"},{"floor":24,"key":"Toxic Egg 2"},{"floor":24,"key":"WingedGreaves"},{"floor":26,"key":"Bag of Marbles"},{"floor":29,"key":"Oddly Smooth Stone"},{"floor":29,"key":"Symbiotic Virus"},{"floor":30,"key":"Bag of Preparation"},{"floor":30,"key":"Sundial"},{"floor":31,"key":"Thread and Needle"},{"floor":31,"key":"Art of War"},{"floor":38,"key":"Orichalcum"},{"floor":41,"key":"Ginger"},{"floor":41,"key":"DataDisk"},{"floor":42,"key":"Du-Vu Doll"},{"floor":43,"key":"Gremlin Horn"},{"floor":44,"key":"Lizard Tail"},{"floor":46,"key":"Dream Catcher"},{"floor":46,"key":"Pantograph"},{"floor":47,"key":"Ancient Tea Set"}],"event_choices":[{"damage_healed":0.0,"max_hp_gain":0.0,"max_hp_loss":0.0,"gold_gain":0.0,"event_name":"Liars Game","player_choice":"Ignored","floor":7.0,"gold_loss":0.0,"damage_taken":0.0},{"damage_healed":0.0,"max_hp_gain":0.0,"max_hp_loss":0.0,"gold_gain":75.0,"event_name":"World of Goop","player_choice":"Gather Gold","floor":8.0,"gold_loss":0.0,"damage_taken":11.0},{"damage_healed":0.0,"max_hp_gain":0.0,"max_hp_loss":0.0,"gold_gain":99.0,"event_name":"Nest","player_choice":"Stole From Cult","floor":19.0,"gold_loss":0.0,"damage_taken":0.0},{"damage_healed":0.0,"max_hp_gain":0.0,"max_hp_loss":0.0,"gold_gain":0.0,"event_name":"Lab","player_choice":"Got Potions","floor":20.0,"gold_loss":0.0,"damage_taken":0.0},{"damage_healed":0,"gold_gain":0,"player_choice":"Memory 1","damage_taken":0,"max_hp_gain":0,"max_hp_loss":0,"event_name":"SensoryStone","floor":36,"gold_loss":0},{"cards_removed":["Defend_B"],"damage_healed":0,"gold_gain":0,"player_choice":"Removed Skill","damage_taken":0,"max_hp_gain":0,"max_hp_loss":0,"event_name":"Falling","floor":37,"gold_loss":0},{"damage_healed":0,"gold_gain":0,"player_choice":"Fight","damage_taken":0,"max_hp_gain":0,"max_hp_loss":0,"event_name":"MindBloom","floor":42,"gold_loss":0},{"damage_healed":0,"gold_gain":0,"player_choice":"Fight","damage_taken":0,"max_hp_gain":0,"max_hp_loss":0,"event_name":"Mysterious Sphere","floor":44,"gold_loss":0}],"is_beta":false,"boss_relics":[{"not_picked":["FrozenCore","SacredBark"],"picked":"Black Star"},{"not_picked":["SlaversCollar","Pandora\u0027s Box"],"picked":"Empty Cage"}],"items_purged_floors":[22,39,45],"is_endless":false,"potions_floor_spawned":[4,5,6,14,16,24,25,29,33,35,44,48],"ascension_level":2}}