{"host":"t9zjxed0utvsfjwc","time":1613263799,"event":{"mods":["2.2 Compatiblity","Aspiration","BaseMod","Better Altar","Better Match","Better Note","Better Sensory Stone","Better Skull","Better Third Choice","Block Reminder","Colored Map","Colored Powertips","Custom Start","Downfall","Hermit","Highlight Path","Hubris","Infinite Spire","Marisa????????","Minty Spire (QoL Compilation)","Quick Restart","Rare Cards Sparkle","Reliquary","Replay The Spire","StSLib","The Cursed","The Marked","The Runesmith","Unceasing Turn Reminder","everything is the same but u backflip on backflip"],"gold_per_floor":[117,67,67,81,92,126,126,51,75,88,88,34,34,52,52,52,52],"floor_reached":16,"language":"ENG","playtime":463,"items_purged":[],"score":100,"play_id":"945c3062-ebb3-4f9b-9b32-17dfb3ccfe42","local_time":"20210214004959","is_ascension_mode":false,"campfire_choices":[{"floor":7,"key":"REST"},{"floor":11,"key":"REST"}],"circlet_count":0,"master_deck":["theMarked:Strike","theMarked:Strike","theMarked:Strike","theMarked:Strike","theMarked:Strike","theMarked:Defend","theMarked:Defend","theMarked:Defend","theMarked:Defend","theMarked:SoldierOfQuellstein","Runesmith:Strike_RS","theMarked:BindingBlade","theMarked:BanishingStrike+1","theMarked:EmpowerWeapon","Burn"],"relics":["theMarked:ArtifactOfAir","infinitespire:Satchel","reliquary:Boomerang"],"acts_visited":["Exordium"],"potions_floor_usage":[6,6],"damage_taken":[{"damage":2,"enemies":"Small Slimes","floor":1,"turns":3},{"damage":3,"enemies":"Jaw Worm","floor":4,"turns":4},{"damage":1,"enemies":"Cultist","floor":5,"turns":3},{"damage":38,"enemies":"Gremlin Nob","floor":6,"turns":5},{"damage":6,"enemies":"Exordium Wildlife","floor":10,"turns":5},{"damage":20,"enemies":"Lots of Slimes","floor":14,"turns":5},{"damage":63,"enemies":"Hexaghost","floor":16,"turns":9}],"seed_played":"9019350039325973902","potions_obtained":[{"floor":1,"key":"Languid Potion"},{"floor":5,"key":"Dexterity Potion"}],"is_trial":false,"path_per_floor":["M","?","$","M","M","E","R","?","T","M","R","$","?","M","R_BF","B"],"character_chosen":"THE_DEFAULT","items_purchased":["theMarked:EmpowerWeapon"],"campfire_rested":2,"item_purchase_floors":[12],"current_hp_per_floor":[68,68,68,65,64,26,47,47,47,41,62,62,62,42,63,0,0],"gold":52,"neow_bonus":"THREE_RARE_CARDS","is_daily":false,"chose_seed":false,"campfire_upgraded":0,"win_rate":0.0,"timestamp":1613263799,"path_taken":["M","?","$","M","M","E","R","?","T","M","R","?","?","?","R_BF","BOSS"],"items_purchased_type":["Card"],"build_version":"2020-12-22","purchased_purges":0,"victory":false,"max_hp_per_floor":[70,70,70,70,70,70,70,70,70,70,70,70,70,70,70,70,70],"card_choices":[{"not_picked":["theMarked:FavorableWinds","theMarked:MagusForm"],"picked":"theMarked:BindingBlade","floor":0},{"not_picked":["theMarked:WastefulAttack","theMarked:Aftermath"],"picked":"theMarked:BanishingStrike","floor":1},{"not_picked":["theMarked:ChainLightning","theMarked:TwofoldDefense","theMarked:TakeCover"],"picked":"SKIP","floor":4},{"not_picked":["theMarked:ElectricStrings","theMarked:SelfDefenseTraining","theMarked:Parkour"],"picked":"SKIP","floor":5},{"not_picked":["theMarked:Aftermath","theMarked:ComboAttacks","theMarked:Friction"],"picked":"SKIP","floor":6},{"not_picked":["theMarked:MuscleMemory","theMarked:Challenge","theMarked:RepellingDischarge"],"picked":"SKIP","floor":10},{"not_picked":["theMarked:Memento","theMarked:RepellingDischarge","theMarked:MysticalArsenal"],"picked":"SKIP","floor":14}],"player_experience":556892,"relics_obtained":[{"floor":6,"key":"infinitespire:Satchel"},{"floor":9,"key":"reliquary:Boomerang"}],"event_choices":[{"cards_removed":["Strike_R"],"damage_healed":0,"gold_gain":0,"player_choice":"Card Removal","damage_taken":0,"max_hp_gain":0,"max_hp_loss":0,"event_name":"The Cleric","floor":2,"gold_loss":50},{"damage_healed":0,"gold_gain":0,"player_choice":"3","damage_taken":0,"max_hp_gain":0,"max_hp_loss":0,"event_name":"betterMatch:BetterMatch","floor":8,"gold_loss":0,"cards_obtained":[]},{"damage_healed":62,"gold_gain":0,"player_choice":"Embrace Burn","damage_taken":0,"max_hp_gain":0,"max_hp_loss":70,"event_name":"betterThird:BetterShining","floor":13,"gold_loss":0}],"is_beta":false,"boss_relics":[],"items_purged_floors":[],"is_endless":false,"potions_floor_spawned":[1,5],"killed_by":"Hexaghost","ascension_level":0}}