{"host":"56792r0r1tfnc9x9","time":1613318027,"event":{"mods":["2.2 Compatiblity","Abigail Mod","AchievementEnabler","Act Like it!","Aspiration","BaseMod","Better Note","Better Third Choice","Better Vampires","BetterRewards","CapriCore","Colored Map","Colored Powertips","Conspire","Curses Come First","Downfall","Elementarium","Emptier Cage","Energized Spire","Fox Events","GifTheSpireLib","Halation","Hermit","Highlight Path","Hubris","Jedi Mod","JesterMod","Jorbs\u0027s Wanderer Trilogy","MarisaÅiñ∂âJÅ@ñÇóùçπÅj","Minty Spire (QoL Compilation)","MostiFishMod","Pale of the Ancients","Potionbrewer","Rare Cards Sparkle","Relic Stats","Reliquary","Replay The Spire","Robot Space Explorer","SacredBarkPlus","Shade Mod","Spicy Shops","Spire Arcade","StSLib","Stuff the Spire","Synergy Search","The Cursed","The Immortal","The Jungle","The Necromancer","The Runesmith","Waifu the Spire","Wandering Minibosses"],"gold_per_floor":[110,121,132,143,143,143,174,174,174,209,71,71,87,98,98,198,198,216,233,233,5,23,23,23],"floor_reached":23,"language":"ENG","playtime":2427,"items_purged":["Clumsy"],"score":318,"play_id":"c68a6c59-da38-4a42-8748-6eccee2a8f14","local_time":"20210214095347","is_ascension_mode":true,"campfire_choices":[{"data":"RobotSpaceExplorer:Blaster","floor":6.0,"key":"SMITH"},{"data":"RobotSpaceExplorer:BigMissile","floor":8.0,"key":"SMITH"}],"circlet_count":0,"master_deck":["RobotSpaceExplorer:Strike","RobotSpaceExplorer:Strike","RobotSpaceExplorer:Strike","RobotSpaceExplorer:Strike","RobotSpaceExplorer:Defend","RobotSpaceExplorer:Defend","RobotSpaceExplorer:Defend","RobotSpaceExplorer:Defend","RobotSpaceExplorer:Scan","RobotSpaceExplorer:MiniLasers+1","RobotSpaceExplorer:StarDust+1","RobotSpaceExplorer:BigMissile+1","RobotSpaceExplorer:DoubleFind+1","RobotSpaceExplorer:Blaster+1","RobotSpaceExplorer:GlueShot","Clumsy","RobotSpaceExplorer:TurboDodge","RobotSpaceExplorer:Arsenal","conspire:Banana","RobotSpaceExplorer:ScrapToss","RobotSpaceExplorer:Accelerator","RobotSpaceExplorer:MiniDrones","RobotSpaceExplorer:FreezeRay","RobotSpaceExplorer:ChargingLaser"],"relics":["RobotSpaceExplorer:RoboCore","DaveBox","RobotSpaceExplorer:ToughPlating","Technique","SynthV:TestCard","hubris:DisguiseKit","reliquary:TridentHead","StuffTheSpire:HeavyRock","Bottled Flame","energizedSpire:SpiderWeb"],"acts_visited":["Exordium","TheCity"],"potions_floor_usage":[23],"damage_taken":[{"damage":1.0,"enemies":"Cultist","floor":1.0,"turns":4.0},{"damage":1.0,"enemies":"2 Louse","floor":2.0,"turns":2.0},{"damage":0.0,"enemies":"conspire:RoseBush","floor":3.0,"turns":4.0},{"damage":2.0,"enemies":"3 Louse","floor":4.0,"turns":3.0},{"damage":13.0,"enemies":"Gremlin Nob","floor":7.0,"turns":3.0},{"damage":22.0,"enemies":"3 Sentries","floor":10.0,"turns":7.0},{"damage":4.0,"enemies":"Exordium Thugs","floor":13.0,"turns":5.0},{"damage":5.0,"enemies":"Looter","floor":14.0,"turns":2.0},{"damage":7.0,"enemies":"Fading Forest","floor":16.0,"turns":11.0},{"damage":20.0,"enemies":"conspire:FuzzyDice","floor":18.0,"turns":7.0},{"damage":10.0,"enemies":"Shell Parasite","floor":19.0,"turns":6.0},{"damage":21.0,"enemies":"Snake Plant","floor":22.0,"turns":6.0},{"damage":53,"enemies":"Slavers","floor":23,"turns":4}],"seed_played":"-1117858390651005652","potions_obtained":[{"floor":2.0,"key":"jedi:StrikingPotion"},{"floor":4.0,"key":"jedi:StrikingPotion"},{"floor":13.0,"key":"BlessingOfTheForge"},{"floor":14.0,"key":"jedi:mysterypotion"},{"floor":16.0,"key":"GamblersBrew"},{"floor":20.0,"key":"Milkshake"},{"floor":20.0,"key":"SteroidPotion"}],"is_trial":false,"path_per_floor":["M","M","M","M","?","R","E","R","T","E","$","?","M","M","R_BF","B",null,"M","M","?","$","M","E"],"character_chosen":"RobotSpaceExplorer","items_purchased":["conspire:Banana","RobotSpaceExplorer:ChargingLaser"],"campfire_rested":0,"item_purchase_floors":[11,21],"current_hp_per_floor":[62,61,61,59,59,59,46,46,46,24,24,31,28,24,49,53,85,66,57,57,57,37,0,0],"gold":23,"neow_bonus":"","is_daily":false,"chose_seed":false,"campfire_upgraded":2,"win_rate":0.0,"timestamp":1613318027,"path_taken":["M","?","M","?","?","R","E","R","T","E","?","?","M","M","R_BF","BOSS","M","M","?","$","?","E"],"items_purchased_type":["Card","Card"],"build_version":"2020-12-22","purchased_purges":1,"victory":false,"max_hp_per_floor":[75,75,75,75,75,75,75,75,75,75,75,82,83,84,84,85,85,86,87,87,87,88,89,89],"relic_stats":{"counters":[140,514],"obtain_stats":[{"construct:FoamFinger":9,"StuffTheSpire:BottledEssence":35,"aspiration:PoetsPen_weak":38,"Ginger":54,"hubris:MysteriousPyramids":34,"Sling":55,"Boot":0,"jedi:shrinkray":9,"halation:RedSoulGem":4,"StuffTheSpire:SapphireSignet":56,"Blood Vial":0,"jedi:firstaidkit":0,"MealTicket":50,"Kunai":0,"Replay:Wax Seal":0,"SynthV:MejaisSoulstealer":0,"halation:QuantumPhysicsTextbook":23,"Counterbalance":29,"potionbrewer:Torch":47,"RobotSpaceExplorer:FoglandsKnife":0,"hubris:BottledHeart":19,"halation:Jellyphish":29,"RobotSpaceExplorer:ToughPlating":0,"Pandora\u0027s Box":17,"aspiration:SilentSkillbook":17,"Technique":0,"StrikeDummy":10,"hubris:Reverence":27,"Regal Pillow":54,"Lantern":9,"aspiration:Lifesprig":0,"Torii":25,"DaveBox":0,"halation:Sosunser":0,"champ:ChampionCrown":0,"Blue Doll":27,"StuffTheSpire:GrapeVine":43,"Burning Blood":0,"Replay:Rubber Ducky":44,"reliquary:TridentHead":7,"Matryoshka":13,"hubris:Backtick":34,"Shovel":21,"Toolbox":23,"halation:PinkAlligatorPlush":54,"Replay:Bottled Eggs":23,"StuffTheSpire:RedRose":5,"StuffTheSpire:TintedRock":0,"Runesmith:Nanobots":24,"halation:MonkeysPaw":33,"Replay:M_StaffOfTheSnake":0,"halation:BottledLove":14,"jedi:gremlinknob":11,"StuffTheSpire:Expresso":28,"Circlet":42,"Thread and Needle":40,"betterThird:NestCultRelic":20,"jedi:crownofsimplicity":27,"Frozen Egg 2":0,"energizedSpire:SpiderWeb":17,"Replay:Arrowhead":38,"Art of War":0,"halation:AfternoonTea":33,"Runesmith:AutoHammer":51,"halation:TwoAmDonut":28,"conspire:DeflatedDodgeball":10,"hubris:CrackedHourglass":17,"ReplayTheSpireMod:Lightbulb":43,"halation:PinkSoulGem":20,"halation:Trompette":25,"halation:PeacePiece":47,"Ice Cream":42,"CombinedTypeHook":0,"Calipers":29,"hubris:CrystalStatue":6,"Gremlin Horn":40,"potionbrewer:AlchemistFlask":53,"Vajra":0,"Sozu":36,"Lizard Tail":0,"HornCleat":9,"aspiration:MobileForge":44,"Strawberry":30,"conspire:DecoderRing":9,"Prayer Wheel":46,"aspiration:ArtOfWarUpgrade":8,"jedi:ashlotus":39,"halation:KoshaPiece":47,"Happy Flower":6,"wanderingMiniBosses:ThiefScarf":22,"aspiration:Nostalgia":0,"StuffTheSpire:ForceGauntlet":3,"conspire:Boomerang":29,"potionbrewer:ToyAutogyro":47,"hubris:Zylophone":25,"jedi:heavyjacket":28,"Replay:Baseball":44,"conspire:GiftBox":0,"Bottled Flame":10,"Bronze Scales":0,"hubris:PeanutButter":0,"StuffTheSpire:DarkSteelAnvil":0,"Nloth\u0027s Gift":21,"ReplayTheSpireMod:TigerMarble":0,"StuffTheSpire:PointBlank":23,"foxEvents:LuckyCharm":2,"Grinning Jar":20,"aspiration:HatOfInfinitePower":55,"Pocketwatch":31,"Darkstone Periapt":48,"ReplayFunnel":45,"conspire:SpecialSausage":17,"halation:WeightlessCrab":28,"hubris:SlimyHat":40,"Juzu Bracelet":0,"Replay:Mystery Machine":28,"PrismaticShard":21,"conspire:TopHat":30,"ClockworkSouvenir":23,"aspiration:StickyExplosives_weak":50,"StuffTheSpire:Experiment12":42,"Nunchaku":26,"Dream Catcher":44,"TheAbacus":30,"hubris:Icosahedron":5,"Mummified Hand":31,"Pantograph":54,"StuffTheSpire:HeavyRock":9,"jedi:cryingmask":42,"StuffTheSpire:Nightcore":12,"halation:LettersToHer":13,"Gremlin Food":0,"hubris:DisguiseKit":5,"BargainBundle":53,"RobotSpaceExplorer:RoboCore":2,"aspiration:SecretTechniqueScroll":17,"Medical Kit":40,"Mercury Hourglass":35,"jedi:fakemustache":0,"Anchor":0,"CaptainsWheel":48,"SynthV:TestCard":1,"jedi:ominousloannote":0,"halation:EternalFortune":11,"hubris:GrandSneckoEye":34,"aspiration:RitualDagger":39,"potionbrewer:SlideRule":35,"FossilizedHelix":30,"hubris:OldNail":3},{"construct:FoamFinger":18,"StuffTheSpire:BottledEssence":33,"aspiration:PoetsPen_weak":34,"Ginger":44,"hubris:MysteriousPyramids":33,"Sling":44,"Boot":91,"jedi:shrinkray":5,"halation:RedSoulGem":48,"StuffTheSpire:SapphireSignet":71,"Blood Vial":72,"jedi:firstaidkit":45,"MealTicket":42,"Kunai":13,"Replay:Wax Seal":91,"SynthV:MejaisSoulstealer":120,"halation:QuantumPhysicsTextbook":57,"Counterbalance":30,"potionbrewer:Torch":41,"RobotSpaceExplorer:FoglandsKnife":72,"hubris:BottledHeart":82,"halation:Jellyphish":29,"RobotSpaceExplorer:ToughPlating":127,"Pandora\u0027s Box":10,"aspiration:SilentSkillbook":54,"Technique":127,"StrikeDummy":19,"hubris:Reverence":27,"Regal Pillow":43,"Lantern":49,"aspiration:Lifesprig":120,"Torii":26,"DaveBox":0,"halation:Sosunser":13,"champ:ChampionCrown":0,"Blue Doll":105,"StuffTheSpire:GrapeVine":38,"Burning Blood":0,"Replay:Rubber Ducky":38,"reliquary:TridentHead":132,"Matryoshka":20,"hubris:Backtick":33,"Shovel":56,"Toolbox":25,"halation:PinkAlligatorPlush":43,"Replay:Bottled Eggs":26,"StuffTheSpire:RedRose":123,"StuffTheSpire:TintedRock":91,"Runesmith:Nanobots":86,"halation:MonkeysPaw":32,"Replay:M_StaffOfTheSnake":45,"halation:BottledLove":53,"jedi:gremlinknob":19,"StuffTheSpire:Expresso":105,"Circlet":112,"Thread and Needle":37,"betterThird:NestCultRelic":11,"jedi:crownofsimplicity":27,"Frozen Egg 2":45,"energizedSpire:SpiderWeb":136,"Replay:Arrowhead":34,"Art of War":72,"halation:AfternoonTea":32,"Runesmith:AutoHammer":69,"halation:TwoAmDonut":88,"conspire:DeflatedDodgeball":50,"hubris:CrackedHourglass":81,"ReplayTheSpireMod:Lightbulb":38,"halation:PinkSoulGem":127,"halation:Trompette":26,"halation:PeacePiece":40,"Ice Cream":37,"CombinedTypeHook":120,"Calipers":58,"hubris:CrystalStatue":95,"Gremlin Horn":36,"potionbrewer:AlchemistFlask":43,"Vajra":72,"Sozu":61,"Lizard Tail":72,"HornCleat":123,"aspiration:MobileForge":38,"Strawberry":89,"conspire:DecoderRing":96,"Prayer Wheel":39,"aspiration:ArtOfWarUpgrade":76,"jedi:ashlotus":35,"halation:KoshaPiece":67,"Happy Flower":4,"wanderingMiniBosses:ThiefScarf":25,"aspiration:Nostalgia":0,"StuffTheSpire:ForceGauntlet":93,"conspire:Boomerang":29,"potionbrewer:ToyAutogyro":40,"hubris:Zylophone":104,"jedi:heavyjacket":105,"Replay:Baseball":65,"conspire:GiftBox":120,"Bottled Flame":133,"Bronze Scales":72,"hubris:PeanutButter":13,"StuffTheSpire:DarkSteelAnvil":45,"Nloth\u0027s Gift":24,"ReplayTheSpireMod:TigerMarble":72,"StuffTheSpire:PointBlank":103,"foxEvents:LuckyCharm":122,"Grinning Jar":24,"aspiration:HatOfInfinitePower":44,"Pocketwatch":31,"Darkstone Periapt":41,"ReplayFunnel":65,"conspire:SpecialSausage":22,"halation:WeightlessCrab":28,"hubris:SlimyHat":111,"Juzu Bracelet":120,"Replay:Mystery Machine":28,"PrismaticShard":102,"conspire:TopHat":30,"ClockworkSouvenir":25,"aspiration:StickyExplosives_weak":42,"StuffTheSpire:Experiment12":63,"Nunchaku":27,"Dream Catcher":113,"TheAbacus":30,"hubris:Icosahedron":48,"Mummified Hand":31,"Pantograph":70,"StuffTheSpire:HeavyRock":132,"jedi:cryingmask":37,"StuffTheSpire:Nightcore":20,"halation:LettersToHer":79,"Gremlin Food":13,"hubris:DisguiseKit":131,"BargainBundle":118,"RobotSpaceExplorer:RoboCore":15,"aspiration:SecretTechniqueScroll":100,"Medical Kit":36,"Mercury Hourglass":33,"jedi:fakemustache":72,"Anchor":13,"CaptainsWheel":41,"SynthV:TestCard":121,"jedi:ominousloannote":72,"halation:EternalFortune":6,"hubris:GrandSneckoEye":108,"aspiration:RitualDagger":35,"potionbrewer:SlideRule":109,"FossilizedHelix":58,"hubris:OldNail":93},{"construct:FoamFinger":66,"StuffTheSpire:BottledEssence":126,"aspiration:PoetsPen_weak":130,"Ginger":169,"hubris:MysteriousPyramids":126,"Sling":169,"Boot":319,"jedi:shrinkray":17,"halation:RedSoulGem":181,"StuffTheSpire:SapphireSignet":244,"Blood Vial":249,"jedi:firstaidkit":174,"MealTicket":159,"Kunai":50,"Replay:Wax Seal":319,"SynthV:MejaisSoulstealer":437,"halation:QuantumPhysicsTextbook":211,"Counterbalance":115,"potionbrewer:Torch":155,"RobotSpaceExplorer:FoglandsKnife":249,"hubris:BottledHeart":282,"halation:Jellyphish":111,"RobotSpaceExplorer:ToughPlating":450,"Pandora\u0027s Box":39,"aspiration:SilentSkillbook":204,"Technique":450,"StrikeDummy":68,"hubris:Reverence":105,"Regal Pillow":164,"Lantern":187,"aspiration:Lifesprig":437,"Torii":101,"DaveBox":0,"halation:Sosunser":50,"champ:ChampionCrown":0,"Blue Doll":378,"StuffTheSpire:GrapeVine":143,"Burning Blood":0,"Replay:Rubber Ducky":143,"reliquary:TridentHead":466,"Matryoshka":74,"hubris:Backtick":126,"Shovel":208,"Toolbox":98,"halation:PinkAlligatorPlush":164,"Replay:Bottled Eggs":101,"StuffTheSpire:RedRose":441,"StuffTheSpire:TintedRock":319,"Runesmith:Nanobots":300,"halation:MonkeysPaw":121,"Replay:M_StaffOfTheSnake":174,"halation:BottledLove":193,"jedi:gremlinknob":68,"StuffTheSpire:Expresso":378,"Circlet":407,"Thread and Needle":139,"betterThird:NestCultRelic":42,"jedi:crownofsimplicity":105,"Frozen Egg 2":174,"energizedSpire:SpiderWeb":491,"Replay:Arrowhead":130,"Art of War":249,"halation:AfternoonTea":121,"Runesmith:AutoHammer":239,"halation:TwoAmDonut":305,"conspire:DeflatedDodgeball":188,"hubris:CrackedHourglass":278,"ReplayTheSpireMod:Lightbulb":143,"halation:PinkSoulGem":450,"halation:Trompette":101,"halation:PeacePiece":150,"Ice Cream":139,"CombinedTypeHook":437,"Calipers":214,"hubris:CrystalStatue":334,"Gremlin Horn":135,"potionbrewer:AlchemistFlask":164,"Vajra":249,"Sozu":220,"Lizard Tail":249,"HornCleat":441,"aspiration:MobileForge":143,"Strawberry":308,"conspire:DecoderRing":337,"Prayer Wheel":146,"aspiration:ArtOfWarUpgrade":257,"jedi:ashlotus":132,"halation:KoshaPiece":233,"Happy Flower":15,"wanderingMiniBosses:ThiefScarf":98,"aspiration:Nostalgia":0,"StuffTheSpire:ForceGauntlet":325,"conspire:Boomerang":111,"potionbrewer:ToyAutogyro":150,"hubris:Zylophone":375,"jedi:heavyjacket":378,"Replay:Baseball":228,"conspire:GiftBox":437,"Bottled Flame":473,"Bronze Scales":249,"hubris:PeanutButter":50,"StuffTheSpire:DarkSteelAnvil":174,"Nloth\u0027s Gift":92,"ReplayTheSpireMod:TigerMarble":249,"StuffTheSpire:PointBlank":371,"foxEvents:LuckyCharm":440,"Grinning Jar":92,"aspiration:HatOfInfinitePower":169,"Pocketwatch":118,"Darkstone Periapt":155,"ReplayFunnel":228,"conspire:SpecialSausage":84,"halation:WeightlessCrab":108,"hubris:SlimyHat":402,"Juzu Bracelet":437,"Replay:Mystery Machine":108,"PrismaticShard":366,"conspire:TopHat":115,"ClockworkSouvenir":98,"aspiration:StickyExplosives_weak":159,"StuffTheSpire:Experiment12":223,"Nunchaku":105,"Dream Catcher":412,"TheAbacus":115,"hubris:Icosahedron":181,"Mummified Hand":118,"Pantograph":242,"StuffTheSpire:HeavyRock":466,"jedi:cryingmask":139,"StuffTheSpire:Nightcore":74,"halation:LettersToHer":269,"Gremlin Food":50,"hubris:DisguiseKit":463,"BargainBundle":428,"RobotSpaceExplorer:RoboCore":57,"aspiration:SecretTechniqueScroll":358,"Medical Kit":135,"Mercury Hourglass":126,"jedi:fakemustache":249,"Anchor":50,"CaptainsWheel":155,"SynthV:TestCard":439,"jedi:ominousloannote":249,"halation:EternalFortune":20,"hubris:GrandSneckoEye":391,"aspiration:RitualDagger":132,"potionbrewer:SlideRule":395,"FossilizedHelix":214,"hubris:OldNail":325}]},"card_choices":[{"not_picked":["RobotSpaceExplorer:Counterblock","RobotSpaceExplorer:ImprovisedAttack"],"picked":"RobotSpaceExplorer:BigMissile","floor":1.0},{"not_picked":["RobotSpaceExplorer:ExhaustFan","RobotSpaceExplorer:SurgingShield","RobotSpaceExplorer:FranticSearch","RobotSpaceExplorer:ToxicBomb"],"picked":"RobotSpaceExplorer:DoubleFind","floor":2.0},{"not_picked":["RobotSpaceExplorer:PowerGlove","RobotSpaceExplorer:SlimeMissile","RobotSpaceExplorer:RigExplosive","RobotSpaceExplorer:Discharger"],"picked":"RobotSpaceExplorer:Blaster","floor":3.0},{"not_picked":["RobotSpaceExplorer:ShockKick","RobotSpaceExplorer:Counterblock","RobotSpaceExplorer:PowerCollector","RobotSpaceExplorer:MetalStrike"],"picked":"RobotSpaceExplorer:GlueShot","floor":4.0},{"not_picked":["RobotSpaceExplorer:SwiftStep","RobotSpaceExplorer:SurgingShield","RobotSpaceExplorer:GlueShot","RobotSpaceExplorer:Electroshield","hermit:CalledShot"],"picked":"RobotSpaceExplorer:TurboDodge","floor":7.0},{"not_picked":["RobotSpaceExplorer:SurgingShield","RobotSpaceExplorer:FrostMissile","RobotSpaceExplorer:DoubleBlock","RobotSpaceExplorer:Blitz","hermit:Snipe"],"picked":"RobotSpaceExplorer:Arsenal","floor":10.0},{"not_picked":["RobotSpaceExplorer:SlimeMissile","RobotSpaceExplorer:ScrapShield","RobotSpaceExplorer:Counterblock","RobotSpaceExplorer:ShovelStrike","hermit:Ricochet"],"picked":"RobotSpaceExplorer:ScrapToss","floor":13.0},{"not_picked":["RobotSpaceExplorer:GlueShot","RobotSpaceExplorer:FrostMissile","RobotSpaceExplorer:SlimeMissile","RobotSpaceExplorer:SurgingShield","RobotSpaceExplorer:SwiftStep","hermit:Spite"],"picked":"SKIP","floor":14.0},{"not_picked":["RobotSpaceExplorer:Explosion","RobotSpaceExplorer:Scanner","RobotSpaceExplorer:Asteroid","RobotSpaceExplorer:Blaster","hermit:Adapt"],"picked":"RobotSpaceExplorer:Accelerator","floor":16.0},{"not_picked":["RobotSpaceExplorer:FranticSearch+1","RobotSpaceExplorer:DoubleBlock","RobotSpaceExplorer:SwiftStep","RobotSpaceExplorer:StarLightning","hermit:Glare"],"picked":"RobotSpaceExplorer:MiniDrones","floor":18.0},{"not_picked":["RobotSpaceExplorer:SurgingStrike+1","RobotSpaceExplorer:MakeshiftVolley+1","RobotSpaceExplorer:SlimeMissile","RobotSpaceExplorer:PowerCollector","hermit:NoHoldsBarred"],"picked":"RobotSpaceExplorer:FreezeRay","floor":19.0},{"not_picked":["RobotSpaceExplorer:DoubleFind+1","RobotSpaceExplorer:MiniDrones","RobotSpaceExplorer:ToxicBomb","RobotSpaceExplorer:Ammunition+1","hermit:Glare"],"picked":"RobotSpaceExplorer:Exploration","floor":22.0}],"player_experience":941895,"relics_obtained":[{"floor":1.0,"key":"SynthV:TestCard"},{"floor":7.0,"key":"reliquary:TridentHead"},{"floor":9.0,"key":"StuffTheSpire:HeavyRock"},{"floor":10.0,"key":"Bottled Flame"}],"event_choices":[{"damage_healed":0.0,"max_hp_gain":0.0,"max_hp_loss":0.0,"gold_gain":0.0,"event_name":"Lab","player_choice":"Got Potions","floor":20.0,"gold_loss":0.0,"damage_taken":0.0}],"is_beta":false,"boss_relics":[{"not_picked":["energizedSpire:RedRose","StuffTheSpire:Kangaroo"],"picked":"energizedSpire:SpiderWeb"}],"items_purged_floors":[21],"is_endless":false,"potions_floor_spawned":[2,4,13,14,16],"killed_by":"Slavers","ascension_level":1}}