{"host":"erogqkeozdzdhb46","time":1613340339,"event":{"mods":["AchievementEnabler","BaseMod","Bestiary","Colored Powertips","Minty Spire (QoL Compilation)","Relic Stats","StSLib","Together in Spire"],"gold_per_floor":[159,169,169,189,189,189,199,233,287,317,317,330,330,340,340,437,437,437,437,422,422,422,422,422,422,422,422,422,422,422,422,422,422,422,422,422,422,422,422,422,58,58,58,58,58,58,58,58,58,58],"floor_reached":51,"language":"ENG","playtime":3781,"items_purged":[],"score":717,"play_id":"293da0f0-c4b2-41c3-943c-0bf4e49ca3de","local_time":"20210214160539","is_ascension_mode":false,"campfire_choices":[{"floor":6.0,"key":"REST"},{"data":"Venomology","floor":11.0,"key":"SMITH"},{"data":"Eviscerate","floor":15,"key":"SMITH"},{"data":"Terror","floor":24,"key":"SMITH"},{"data":"1","floor":32,"key":"LIFT"},{"data":"2","floor":40,"key":"LIFT"},{"data":"3","floor":46,"key":"LIFT"},{"data":"Corpse Explosion","floor":49,"key":"SMITH"}],"circlet_count":0,"master_deck":["Strike_G+1","Strike_G+1","Strike_G+1","Strike_G+1","Defend_G+1","Defend_G+1","Defend_G+1","Defend_G+1","Defend_G+1","Survivor","Neutralize","Accuracy","Underhanded Strike","Eviscerate+1","Venomology+1","Acrobatics","Cloak And Dagger","Blade Dance","Footwork+1","Bullet Time","Terror+1","Poisoned Stab+1","Blade Dance","Accuracy+1","Finisher","Cloak And Dagger","Eviscerate+1","Infinite Blades+1","Tools of the Trade+1","Setup+1","Calculated Gamble+1","Reflex+1","Choke+1","Deadly Poison+1","Caltrops+1","Backflip+1","Underhanded Strike+1","Noxious Fumes+1","Eviscerate+1","Leg Sweep+1","Unload","Concentrate+1","Infinite Blades+1","Escape Plan+1","Tactician+1","Prepared","Corpse Explosion+1","Parasite","Dagger Throw+1"],"relics":["Tiny House","Frozen Egg 2","Pen Nib","Vajra","Ectoplasm","Boot","Anchor","Girya","Ninja Scroll","Strawberry","Astrolabe","PreservedInsect","Orrery","Question Card","FossilizedHelix","StoneCalendar"],"acts_visited":["TheCity","TheBeyond"],"potions_floor_usage":[16,16,18,20,21,21,27,27,28,28,28,31,33,42,48,48,50],"damage_taken":[{"damage":0.0,"enemies":"2 Louse","floor":1.0,"turns":3.0},{"damage":1.0,"enemies":"Jaw Worm","floor":2.0,"turns":2.0},{"damage":0.0,"enemies":"Small Slimes","floor":4.0,"turns":2.0},{"damage":5.0,"enemies":"3 Louse","floor":7.0,"turns":2.0},{"damage":1.0,"enemies":"3 Sentries","floor":8.0,"turns":4.0},{"damage":0.0,"enemies":"Gremlin Nob","floor":10.0,"turns":2.0},{"damage":0.0,"enemies":"Looter","floor":12.0,"turns":1.0},{"damage":0,"enemies":"Blue Slaver","floor":14,"turns":2},{"damage":30,"enemies":"Hexaghost","floor":16,"turns":5},{"damage":0,"enemies":"Spheric Guardian","floor":18,"turns":2},{"damage":0,"enemies":"2 Thieves","floor":20,"turns":2},{"damage":0,"enemies":"Centurion and Healer","floor":21,"turns":2},{"damage":0,"enemies":"Shelled Parasite and Fungi","floor":22,"turns":2},{"damage":0,"enemies":"Gremlin Leader","floor":23,"turns":3},{"damage":0,"enemies":"3 Cultists","floor":25,"turns":2},{"damage":0,"enemies":"Snake Plant","floor":27,"turns":2},{"damage":3,"enemies":"Colosseum Slavers","floor":28,"turns":4},{"damage":26,"enemies":"Colosseum Nobs","floor":28,"turns":6},{"damage":0,"enemies":"Snecko","floor":30,"turns":1},{"damage":0,"enemies":"Slavers","floor":31,"turns":2},{"damage":6,"enemies":"Champ","floor":33,"turns":4},{"damage":0,"enemies":"3 Shapes","floor":35,"turns":1},{"damage":0,"enemies":"Orb Walker","floor":36,"turns":1},{"damage":0,"enemies":"Spire Growth","floor":37,"turns":2},{"damage":0,"enemies":"4 Shapes","floor":38,"turns":2},{"damage":0,"enemies":"Sphere and 2 Shapes","floor":39,"turns":2},{"damage":0,"enemies":"Maw","floor":42,"turns":2},{"damage":0,"enemies":"Reptomancer","floor":44,"turns":3},{"damage":0,"enemies":"Spire Growth","floor":45,"turns":3},{"damage":0,"enemies":"Nemesis","floor":47,"turns":4},{"damage":0,"enemies":"Writhing Mass","floor":48,"turns":3},{"damage":43,"enemies":"Donu and Deca","floor":50,"turns":5}],"seed_played":"-5509669676086794839","potions_obtained":[{"floor":0.0,"key":"PowerPotion"},{"floor":1.0,"key":"Weak Potion"},{"floor":8.0,"key":"Energy Potion"},{"floor":10.0,"key":"AttackPotion"},{"floor":12.0,"key":"SneckoOil"},{"floor":20,"key":"AttackPotion"},{"floor":22,"key":"Block Potion"},{"floor":25,"key":"Poison Potion"},{"floor":36,"key":"BlessingOfTheForge"},{"floor":37,"key":"DistilledChaos"},{"floor":45,"key":"BlessingOfTheForge"},{"floor":47,"key":"DistilledChaos"},{"floor":48,"key":"GamblersBrew"}],"is_trial":false,"path_per_floor":["M","M","?","M","?","R","M","E","T","E","R","M","?","M","R","B",null,"M","?","M","M","M","E","R","M","T","M","?","?","M","E","R","B",null,"M","M","M","M","M","R","$","M","T","E","M","R","E","M","R","B",null],"character_chosen":"THE_SILENT","items_purchased":["Noxious Fumes+1","PreservedInsect","Orrery"],"campfire_rested":1,"item_purchase_floors":[41,41,41],"current_hp_per_floor":[75,74,59,59,59,75,70,69,69,69,69,69,69,69,69,39,75,75,75,75,75,75,75,75,75,75,75,46,46,46,53,53,47,82,82,82,82,82,82,82,82,82,82,82,82,82,82,82,82,39],"gold":58,"neow_bonus":"BOSS_RELIC","is_daily":false,"chose_seed":false,"campfire_upgraded":4,"win_rate":0.0,"timestamp":1613340339,"path_taken":["M","M","?","M","?","R","M","E","T","E","R","M","?","M","R","BOSS","M","?","M","M","M","E","R","M","T","M","?","?","M","E","R","BOSS","M","M","?","M","M","R","$","M","T","E","M","R","E","M","R","BOSS"],"items_purchased_type":["Card","Relic","Relic"],"build_version":"2020-12-22","purchased_purges":0,"victory":true,"max_hp_per_floor":[75,75,75,75,75,75,75,75,75,75,75,75,75,75,75,75,75,75,75,75,75,75,75,75,75,75,75,75,75,75,82,82,82,82,82,82,82,82,82,82,82,82,82,82,82,82,82,82,82,82],"relic_stats":{"counters":[25,66],"Astrolabe":["Setup","Calculated Gamble","Reflex"],"StoneCalendar":[0],"Pen Nib":[20],"Ectoplasm":596,"PreservedInsect":106,"Boot":[36],"Question Card":4,"obtain_stats":[{"Girya":28,"Tiny House":0,"Astrolabe":34,"Vajra":0,"StoneCalendar":47,"Pen Nib":0,"PreservedInsect":41,"Frozen Egg 2":0,"Boot":23,"Question Card":43,"Anchor":26,"Ninja Scroll":28,"Strawberry":31,"Orrery":41,"Ectoplasm":17,"FossilizedHelix":44},{"Girya":11,"Tiny House":0,"Astrolabe":14,"Vajra":0,"StoneCalendar":23,"Pen Nib":0,"PreservedInsect":19,"Frozen Egg 2":0,"Boot":7,"Question Card":20,"Anchor":8,"Ninja Scroll":11,"Strawberry":13,"Orrery":19,"Ectoplasm":2,"FossilizedHelix":21},{"Girya":32,"Tiny House":0,"Astrolabe":39,"Vajra":0,"StoneCalendar":58,"Pen Nib":0,"PreservedInsect":47,"Frozen Egg 2":0,"Boot":18,"Question Card":49,"Anchor":20,"Ninja Scroll":32,"Strawberry":35,"Orrery":47,"Ectoplasm":7,"FossilizedHelix":51}]},"card_choices":[{"not_picked":["PiercingWail","Bane"],"picked":"Backflip","floor":0.0},{"not_picked":["Calculated Gamble","Prepared"],"picked":"Accuracy","floor":1.0},{"not_picked":["Dagger Spray","Slice"],"picked":"Underhanded Strike","floor":2.0},{"not_picked":["Leg Sweep","Bane"],"picked":"Eviscerate","floor":4.0},{"not_picked":["Quick Slash","Caltrops"],"picked":"Acrobatics","floor":7.0},{"not_picked":["Endless Agony","Terror"],"picked":"Cloak And Dagger","floor":8.0},{"not_picked":["All Out Attack","Dash"],"picked":"Blade Dance","floor":10.0},{"not_picked":["Acrobatics","Blade Dance"],"picked":"Footwork+1","floor":12.0},{"not_picked":["Skewer","PiercingWail","Bane"],"picked":"SKIP","floor":14},{"not_picked":["Wraith Form v2+1","Die Die Die"],"picked":"Bullet Time","floor":16},{"not_picked":["Predator","Quick Slash+1"],"picked":"Terror","floor":18},{"not_picked":["Skewer","Masterful Stab"],"picked":"Poisoned Stab+1","floor":20},{"not_picked":["Concentrate","Dagger Spray"],"picked":"Blade Dance","floor":21},{"not_picked":["Dagger Throw+1","Deadly Poison"],"picked":"Accuracy+1","floor":22},{"not_picked":["PiercingWail","Backflip"],"picked":"Acrobatics","floor":23},{"not_picked":["Flying Knee","Deadly Poison+1"],"picked":"Finisher","floor":25},{"not_picked":["Acrobatics","Blade Dance"],"picked":"Cloak And Dagger","floor":27},{"not_picked":["PiercingWail","Dash"],"picked":"Cloak And Dagger","floor":28},{"not_picked":["Expertise","Dodge and Roll"],"picked":"Infinite Blades+1","floor":30},{"not_picked":["Cloak And Dagger","Blur+1","Flying Knee"],"picked":"SKIP","floor":31},{"not_picked":["Grand Finale","Wraith Form v2+1"],"picked":"Tools of the Trade+1","floor":33},{"not_picked":["Backstab","Riddle With Holes+1"],"picked":"Choke+1","floor":35},{"not_picked":["Quick Slash","Slice+1"],"picked":"Deadly Poison+1","floor":36},{"not_picked":["Deflect+1","Dagger Spray"],"picked":"Caltrops+1","floor":37},{"not_picked":["Escape Plan+1","Cloak And Dagger"],"picked":"Backflip+1","floor":38},{"not_picked":["Slice+1","Blade Dance+1"],"picked":"Underhanded Strike+1","floor":39},{"not_picked":["Deflect","Distraction+1"],"picked":"Eviscerate+1","floor":41},{"not_picked":["Caltrops+1","Outmaneuver"],"picked":"Leg Sweep+1","floor":41},{"not_picked":["Sucker Punch+1","Calculated Gamble"],"picked":"Unload","floor":41},{"not_picked":["Setup+1","Blur+1"],"picked":"Concentrate+1","floor":41},{"not_picked":["Dagger Throw","Backflip+1"],"picked":"Infinite Blades+1","floor":41},{"not_picked":["Slice","Backflip+1"],"picked":"Escape Plan+1","floor":42},{"not_picked":["Outmaneuver+1","Deflect","Adrenaline"],"picked":"Tactician+1","floor":44},{"not_picked":["Underhanded Strike","Catalyst","Bane"],"picked":"Prepared","floor":45},{"not_picked":["Poisoned Stab+1","Underhanded Strike+1","Flechettes"],"picked":"Corpse Explosion","floor":47},{"not_picked":["Quick Slash+1","Setup","Bouncing Flask"],"picked":"Dagger Throw+1","floor":48}],"player_experience":1052111,"relics_obtained":[{"floor":8.0,"key":"Frozen Egg 2"},{"floor":9.0,"key":"Pen Nib"},{"floor":10.0,"key":"Vajra"},{"floor":23,"key":"Boot"},{"floor":26,"key":"Anchor"},{"floor":28,"key":"Girya"},{"floor":28,"key":"Ninja Scroll"},{"floor":31,"key":"Strawberry"},{"floor":43,"key":"Question Card"},{"floor":44,"key":"FossilizedHelix"},{"floor":47,"key":"StoneCalendar"}],"event_choices":[{"damage_healed":0.0,"max_hp_gain":0.0,"max_hp_loss":0.0,"gold_gain":0.0,"event_name":"Shining Light","player_choice":"Entered Light","floor":3.0,"gold_loss":0.0,"damage_taken":15.0,"cards_upgraded":["Defend_G","Strike_G"]},{"damage_healed":0.0,"max_hp_gain":0.0,"max_hp_loss":0.0,"gold_gain":0.0,"cards_transformed":["Strike_G"],"event_name":"Living Wall","player_choice":"Change","floor":5.0,"gold_loss":0.0,"damage_taken":0.0,"cards_obtained":["Venomology"]},{"damage_healed":0.0,"max_hp_gain":0.0,"max_hp_loss":0.0,"gold_gain":0.0,"event_name":"Liars Game","player_choice":"Ignored","floor":13.0,"gold_loss":0.0,"damage_taken":0.0},{"damage_healed":0,"gold_gain":0,"player_choice":"Simplicity","damage_taken":0,"max_hp_gain":0,"max_hp_loss":0,"event_name":"Back to Basics","floor":19,"gold_loss":0,"cards_upgraded":["Strike_G","Strike_G","Defend_G","Defend_G","Defend_G","Defend_G"]},{"damage_healed":0,"gold_gain":0,"player_choice":"Fight","damage_taken":0,"max_hp_gain":0,"max_hp_loss":0,"event_name":"Colosseum","floor":28,"gold_loss":0},{"damage_healed":0,"gold_gain":0,"player_choice":"Fought Nobs","damage_taken":0,"max_hp_gain":0,"max_hp_loss":0,"event_name":"Colosseum","floor":28,"gold_loss":0},{"damage_healed":0,"gold_gain":0,"player_choice":"Copied","damage_taken":0,"max_hp_gain":0,"max_hp_loss":0,"event_name":"Duplicator","floor":29,"gold_loss":0,"cards_obtained":["Eviscerate"]}],"is_beta":false,"boss_relics":[{"not_picked":["Empty Cage","Pandora\u0027s Box"],"picked":"Ectoplasm"},{"not_picked":["Velvet Choker","SacredBark"],"picked":"Astrolabe"}],"items_purged_floors":[],"is_endless":false,"potions_floor_spawned":[1,8,10,12,20,22,23,25,28,36,37,45,47,48],"ascension_level":0}}