{"host":"gbbz8f5svnnpwo8d","time":1613275792,"event":{"mods":["AchievementEnabler","AlwaysNeverKeys","BaseMod","Bestiary","Better Altar","Better Match","Better Note","Better Sensory Stone","Better Silent Start","Better Skull","Better Third Choice","Better Vampires","Better-Laid Plans","BetterRewards","Block Reminder","Bossed Relics","Colored Map","Colored Powertips","Curses Come First","Dark Map","Displayed Cursed Tome","GifTheSpireLib","Minty Spire (QoL Compilation)","MonsterHotkey","Permanent Neow","Potion Indicator Mod","Quick Restart","Random Character Button","Rare Cards Sparkle","Relic Stats","Shop Mod","Spicy Shops","Spire Birthday Party","StSLib","Transform Curses"],"gold_per_floor":[118,128,128,203,214,242,19,37,37,53,18,18,45,57,57,155,155,167,180,180,195,195,230,230,230,230,0,10,10,22,32,32,127,127,138,138,152,152,179,179,34,49,125,95,128,128,33,49,49,49,49,49,56,86,86],"floor_reached":56,"language":"ENG","playtime":4068,"items_purged":[],"score":1372,"play_id":"8c8b21bc-a9ab-4a5e-913d-76a58129dc56","local_time":"20210213210952","is_ascension_mode":false,"campfire_choices":[{"floor":12.0,"key":"REST"},{"data":"MentalFortress","floor":15.0,"key":"SMITH"},{"data":"Study","floor":25.0,"key":"SMITH"},{"data":"MentalFortress","floor":32.0,"key":"SMITH"},{"data":"Judgement","floor":40.0,"key":"SMITH"},{"floor":46.0,"key":"REST"},{"floor":49.0,"key":"REST"},{"data":"Halt","floor":52.0,"key":"SMITH"}],"circlet_count":0,"master_deck":["Strike_P+1","Strike_P+1","Strike_P+1","Strike_P+1","Defend_P+1","Defend_P+1","Defend_P+1","Defend_P+1","Eruption","Vigilance","MentalFortress+1","FollowUp","MentalFortress+1","Halt+1","Judgement+1","Study+1","EmptyFist","MentalFortress","ClearTheMind","Consecrate","CarveReality+1","Crescendo","Wallop+1","LikeWater+1","Indignation","Crescendo","Adaptation+1","EmptyFist+1","Devotion+1","Protect+1","DevaForm+1","JustLucky+1","Madness","Madness","InnerPeace","FollowUp+1","LikeWater+1","Wallop+1","LikeWater","EmptyBody","Protect"],"relics":["PureWater","Mummified Hand","FossilizedHelix","CaptainsWheel","Dead Branch","Lantern","Vajra","Anchor","Membership Card","VioletLotus","Damaru","Gremlin Horn","MerchantsRug","Bag of Preparation","Happy Flower","Oddly Smooth Stone"],"acts_visited":["Exordium","TheCity","TheBeyond","TheEnding"],"potions_floor_usage":[54,54,54,55],"damage_taken":[{"damage":0.0,"enemies":"2 Louse","floor":1.0,"turns":2.0},{"damage":0.0,"enemies":"Cultist","floor":2.0,"turns":3.0},{"damage":0.0,"enemies":"Jaw Worm","floor":5.0,"turns":3.0},{"damage":8.0,"enemies":"3 Sentries","floor":6.0,"turns":9.0},{"damage":0.0,"enemies":"Exordium Thugs","floor":8.0,"turns":3.0},{"damage":21.0,"enemies":"Lots of Slimes","floor":10.0,"turns":4.0},{"damage":0.0,"enemies":"2 Fungi Beasts","floor":14.0,"turns":2.0},{"damage":0.0,"enemies":"Slime Boss","floor":16.0,"turns":9.0},{"damage":3.0,"enemies":"3 Byrds","floor":18.0,"turns":6.0},{"damage":0.0,"enemies":"Chosen","floor":19.0,"turns":7.0},{"damage":12.0,"enemies":"Shelled Parasite and Fungi","floor":21.0,"turns":5.0},{"damage":0.0,"enemies":"Gremlin Leader","floor":23.0,"turns":5.0},{"damage":0.0,"enemies":"Snecko","floor":28.0,"turns":4.0},{"damage":0.0,"enemies":"Snake Plant","floor":30.0,"turns":2.0},{"damage":0.0,"enemies":"Centurion and Healer","floor":31.0,"turns":3.0},{"damage":0.0,"enemies":"Automaton","floor":33.0,"turns":6.0},{"damage":0.0,"enemies":"3 Shapes","floor":35.0,"turns":4.0},{"damage":8.0,"enemies":"3 Darklings","floor":37.0,"turns":3.0},{"damage":0.0,"enemies":"Spire Growth","floor":42.0,"turns":5.0},{"damage":90.0,"enemies":"Nemesis","floor":45.0,"turns":7.0},{"damage":3.0,"enemies":"Sphere and 2 Shapes","floor":48.0,"turns":4.0},{"damage":49.0,"enemies":"Awakened One","floor":50.0,"turns":10.0},{"damage":0,"enemies":"Shield and Spear","floor":54,"turns":6},{"damage":33,"enemies":"The Heart","floor":55,"turns":11}],"seed_played":"-1354289637225532450","potions_obtained":[{"floor":6.0,"key":"Swift Potion"},{"floor":8.0,"key":"Ancient Potion"},{"floor":16.0,"key":"Fruit Juice"},{"floor":21.0,"key":"Weak Potion"},{"floor":23.0,"key":"Strength Potion"},{"floor":31.0,"key":"Swift Potion"},{"floor":37.0,"key":"SpeedPotion"},{"floor":45.0,"key":"LiquidBronze"}],"is_trial":false,"path_per_floor":["M","M","?","?","M","E","$","M","T","M","?","R","T","M","R","B",null,"M","M","?","M","?","E","?","R","T","$","M","?","M","M","R","B",null,"M","?","M","?","T","R","$","M","T","$","E","R","$","M","R","B",null,"R","$","E","B",null],"character_chosen":"WATCHER","items_purchased":["Mummified Hand","MentalFortress","FossilizedHelix","CaptainsWheel","Study","Lantern","Membership Card","LikeWater+1","Indignation","InnerPeace","Lee\u0027s Waffle","MerchantsRug","LikeWater+1","Bag of Preparation","Happy Flower","Wallop+1","LikeWater","EmptyBody","ColorlessPotion","BlessingOfTheForge"],"campfire_rested":3,"item_purchase_floors":[0,0,0,0,7,7,27,27,27,41,41,44,47,47,47,47,53,53,53,53],"current_hp_per_floor":[40,40,45,38,38,37,37,37,37,16,37,62,62,62,62,62,84,81,81,81,69,69,69,69,69,69,69,69,69,69,79,79,79,94,94,76,68,56,56,56,101,101,101,101,11,41,41,38,68,19,101,101,101,101,68],"gold":86,"neow_bonus":"","is_daily":false,"chose_seed":false,"campfire_upgraded":5,"win_rate":0.0,"timestamp":1613275792,"path_taken":["M","M","?","?","?","E","?","M","T","M","?","R","?","M","R","BOSS","M","M","?","?","?","E","?","R","T","$","M","?","M","M","R","BOSS","M","?","M","?","?","R","$","M","T","?","E","R","$","M","R","BOSS","R","$","E","BOSS"],"items_purchased_type":["Relic","Card","Relic","Relic","Card","Relic","Relic","Card","Card","Card","Relic","Relic","Card","Relic","Relic","Card","Card","Card","Potion","Potion"],"build_version":"2020-12-22","purchased_purges":0,"victory":true,"max_hp_per_floor":[72,72,77,77,77,84,84,84,84,84,84,84,84,84,84,84,84,84,84,84,84,84,84,84,84,84,84,84,84,84,94,94,94,94,94,94,94,94,94,94,101,101,101,101,101,101,101,101,101,101,101,101,101,101,101],"relic_stats":{"Gremlin Horn":[6,6],"Happy Flower":[10],"counters":[146,628],"Mummified Hand":[151],"Dead Branch":[137],"VioletLotus":[17],"Bag of Preparation":[8],"obtain_stats":[{"Ice Cream":0,"Calipers":0,"Tiny House":34,"Gremlin Horn":43,"Vajra":26,"Ginger":0,"Bottled Tornado":46,"Old Coin":13,"Sozu":34,"Centennial Puzzle":45,"HornCleat":9,"FaceOfCleric":21,"Strawberry":6,"VioletLotus":34,"Kunai":0,"MerchantsRug":0,"Pear":0,"Happy Flower":13,"Dead Branch":39,"Oddly Smooth Stone":38,"Eternal Feather":23,"Pen Nib":9,"Question Card":9,"Akabeko":9,"SlaversCollar":17,"Bottled Flame":31,"Shuriken":0,"MutagenicStrength":19,"Molten Egg 2":14,"Nloth\u0027s Gift":21,"Symbiotic Virus":0,"StrikeDummy":6,"Meat on the Bone":29,"Regal Pillow":43,"Lantern":7,"Singing Bowl":23,"SacredBark":17,"Mango":38,"Juzu Bracelet":36,"Bag of Preparation":27,"TeardropLocket":37,"Cursed Key":17,"Ancient Tea Set":7,"Dream Catcher":6,"Matryoshka":6,"Shovel":0,"Mummified Hand":43,"Gambling Chip":0,"Pantograph":9,"WingedGreaves":23,"Red Mask":45,"Chemical X":31,"Cracked Core":0,"InkBottle":46,"Lee\u0027s Waffle":38,"Golden Idol":2,"Damaru":39,"Thread and Needle":0,"betterThird:NestCultRelic":24,"PreservedInsect":26,"The Courier":43,"Odd Mushroom":7,"Orichalcum":6,"Frozen Egg 2":40,"White Beast Statue":54,"Peace Pipe":0,"Strange Spoon":53,"Anchor":54,"CaptainsWheel":0,"Busted Crown":34,"Ornamental Fan":0,"Bloody Idol":21,"betterThird:SlimedRelic":2,"Ectoplasm":17,"Turnip":0,"Art of War":9,"Membership Card":53,"PureWater":0,"TungstenRod":26,"Toy Ornithopter":53,"FossilizedHelix":53},{"Ice Cream":24,"Calipers":46,"Tiny House":61,"Gremlin Horn":141,"Vajra":57,"Ginger":95,"Bottled Tornado":68,"Old Coin":51,"Sozu":17,"Centennial Puzzle":142,"HornCleat":48,"FaceOfCleric":44,"Strawberry":126,"VioletLotus":138,"Kunai":72,"MerchantsRug":0,"Pear":46,"Happy Flower":6,"Dead Branch":64,"Oddly Smooth Stone":19,"Eternal Feather":45,"Pen Nib":99,"Question Card":29,"Akabeko":48,"SlaversCollar":32,"Bottled Flame":60,"Shuriken":24,"MutagenicStrength":53,"Molten Egg 2":51,"Nloth\u0027s Gift":10,"Symbiotic Virus":0,"StrikeDummy":76,"Meat on the Bone":108,"Regal Pillow":20,"Lantern":39,"Singing Bowl":106,"SacredBark":130,"Mango":19,"Juzu Bracelet":18,"Bag of Preparation":58,"TeardropLocket":63,"Cursed Key":8,"Ancient Tea Set":98,"Dream Catcher":97,"Matryoshka":48,"Shovel":95,"Mummified Hand":90,"Gambling Chip":72,"Pantograph":77,"WingedGreaves":56,"Red Mask":21,"Chemical X":85,"Cracked Core":0,"InkBottle":91,"Lee\u0027s Waffle":19,"Golden Idol":36,"Damaru":140,"Thread and Needle":72,"betterThird:NestCultRelic":83,"PreservedInsect":107,"The Courier":114,"Odd Mushroom":4,"Orichalcum":39,"Frozen Egg 2":65,"White Beast Statue":94,"Peace Pipe":0,"Strange Spoon":70,"Anchor":71,"CaptainsWheel":122,"Busted Crown":86,"Ornamental Fan":117,"Bloody Idol":34,"betterThird:SlimedRelic":47,"Ectoplasm":80,"Turnip":117,"Art of War":4,"Membership Card":70,"PureWater":0,"TungstenRod":45,"Toy Ornithopter":70,"FossilizedHelix":115},{"Ice Cream":91,"Calipers":191,"Tiny House":250,"Gremlin Horn":590,"Vajra":237,"Ginger":389,"Bottled Tornado":268,"Old Coin":210,"Sozu":60,"Centennial Puzzle":597,"HornCleat":196,"FaceOfCleric":177,"Strawberry":522,"VioletLotus":578,"Kunai":290,"MerchantsRug":0,"Pear":191,"Happy Flower":13,"Dead Branch":259,"Oddly Smooth Stone":68,"Eternal Feather":182,"Pen Nib":405,"Question Card":104,"Akabeko":196,"SlaversCollar":123,"Bottled Flame":247,"Shuriken":91,"MutagenicStrength":225,"Molten Egg 2":210,"Nloth\u0027s Gift":29,"Symbiotic Virus":0,"StrikeDummy":305,"Meat on the Bone":437,"Regal Pillow":74,"Lantern":149,"Singing Bowl":429,"SacredBark":540,"Mango":68,"Juzu Bracelet":64,"Bag of Preparation":240,"TeardropLocket":255,"Cursed Key":21,"Ancient Tea Set":403,"Dream Catcher":398,"Matryoshka":196,"Shovel":389,"Mummified Hand":356,"Gambling Chip":290,"Pantograph":308,"WingedGreaves":233,"Red Mask":79,"Chemical X":340,"Cracked Core":0,"InkBottle":363,"Lee\u0027s Waffle":68,"Golden Idol":137,"Damaru":585,"Thread and Needle":290,"betterThird:NestCultRelic":335,"PreservedInsect":433,"The Courier":465,"Odd Mushroom":9,"Orichalcum":149,"Frozen Egg 2":260,"White Beast Statue":384,"Peace Pipe":0,"Strange Spoon":275,"Anchor":279,"CaptainsWheel":505,"Busted Crown":343,"Ornamental Fan":488,"Bloody Idol":130,"betterThird:SlimedRelic":192,"Ectoplasm":324,"Turnip":488,"Art of War":9,"Membership Card":275,"PureWater":0,"TungstenRod":182,"Toy Ornithopter":275,"FossilizedHelix":474}]},"card_choices":[{"not_picked":["Halt","Collect"],"picked":"FollowUp","floor":1.0},{"not_picked":["EmptyBody","Conclude"],"picked":"MentalFortress","floor":2.0},{"not_picked":["Prostrate","FlyingSleeves"],"picked":"Halt","floor":5.0},{"not_picked":["PathToVictory","MentalFortress"],"picked":"Judgement","floor":6.0},{"not_picked":["Halt","WindmillStrike"],"picked":"EmptyFist","floor":8.0},{"not_picked":["ForeignInfluence","Collect"],"picked":"MentalFortress","floor":10.0},{"not_picked":["FlyingSleeves","DeusExMachina"],"picked":"ClearTheMind","floor":14.0},{"not_picked":["EmptyFist+1","TalkToTheHand+1"],"picked":"Consecrate","floor":18.0},{"not_picked":["Prostrate","BowlingBash"],"picked":"CarveReality+1","floor":19.0},{"not_picked":["EmptyFist+1","Protect"],"picked":"Crescendo","floor":21.0},{"not_picked":["Fasting2","ForeignInfluence"],"picked":"Wallop+1","floor":23.0},{"not_picked":["ForeignInfluence","Prostrate+1"],"picked":"Crescendo","floor":28.0},{"not_picked":["Halt","Weave+1"],"picked":"Adaptation+1","floor":30.0},{"not_picked":["SashWhip+1","Adaptation+1"],"picked":"EmptyFist+1","floor":31.0},{"not_picked":["Brilliance+1","Blasphemy"],"picked":"Devotion+1","floor":33.0},{"not_picked":["FlurryOfBlows+1","Prostrate"],"picked":"Protect+1","floor":35.0},{"not_picked":["Pray","Protect"],"picked":"JustLucky+1","floor":37.0},{"not_picked":["Crescendo","EmptyFist+1","Wireheading+1"],"picked":"SKIP","floor":42.0},{"not_picked":["Wireheading+1","WreathOfFlame"],"picked":"FollowUp+1","floor":45.0},{"not_picked":["Vengeance","Halt","Nirvana"],"picked":"SKIP","floor":48.0},{"not_picked":["Conclude","Consecrate+1"],"picked":"Protect","floor":54}],"player_experience":3775377,"relics_obtained":[{"floor":6.0,"key":"Strawberry"},{"floor":9.0,"key":"Vajra"},{"floor":13.0,"key":"Anchor"},{"floor":23.0,"key":"Molten Egg 2"},{"floor":26.0,"key":"Frozen Egg 2"},{"floor":39.0,"key":"Damaru"},{"floor":43.0,"key":"Gremlin Horn"},{"floor":45.0,"key":"Centennial Puzzle"},{"floor":54,"key":"Oddly Smooth Stone"}],"event_choices":[{"damage_healed":0.0,"max_hp_gain":5.0,"max_hp_loss":0.0,"gold_gain":0.0,"event_name":"Big Fish","player_choice":"Donut","floor":3.0,"gold_loss":0.0,"damage_taken":0.0},{"damage_healed":0.0,"max_hp_gain":0.0,"max_hp_loss":0.0,"gold_gain":75.0,"event_name":"FaceTrader","player_choice":"Touch","floor":4.0,"gold_loss":0.0,"damage_taken":7.0},{"damage_healed":21.0,"max_hp_gain":0.0,"max_hp_loss":0.0,"gold_gain":0.0,"event_name":"The Cleric","player_choice":"Healed","floor":11.0,"gold_loss":35.0,"damage_taken":0.0},{"cards_removed":["Strike_P"],"damage_healed":0.0,"max_hp_gain":0.0,"max_hp_loss":0.0,"gold_gain":0.0,"event_name":"betterNote:BetterNote","player_choice":"Give","floor":20.0,"gold_loss":0.0,"damage_taken":0.0,"cards_obtained":["Strike_B"]},{"damage_healed":0.0,"max_hp_gain":0.0,"max_hp_loss":0.0,"gold_gain":0.0,"event_name":"Cursed Tome","player_choice":"Ignored","floor":22.0,"gold_loss":0.0,"damage_taken":0.0},{"damage_healed":0.0,"max_hp_gain":0.0,"max_hp_loss":8.0,"gold_gain":0.0,"event_name":"betterThird:BetterWriting","player_choice":"Simplicity","floor":24.0,"gold_loss":0.0,"damage_taken":0.0},{"damage_healed":0.0,"max_hp_gain":0.0,"max_hp_loss":0.0,"gold_gain":0.0,"event_name":"Ghosts","player_choice":"Ignored","floor":29.0,"gold_loss":0.0,"damage_taken":0.0},{"damage_healed":0.0,"max_hp_gain":0.0,"max_hp_loss":18.0,"gold_gain":3.0,"event_name":"betterStone:BetterStone","player_choice":"2","floor":36.0,"gold_loss":0.0,"damage_taken":0.0},{"damage_healed":0.0,"max_hp_gain":0.0,"max_hp_loss":0.0,"gold_gain":0.0,"event_name":"Winding Halls","player_choice":"Embrace Madness","floor":38.0,"gold_loss":0.0,"damage_taken":12.0,"cards_obtained":["Madness","Madness"]}],"is_beta":false,"boss_relics":[{"not_picked":["Velvet Choker","Tiny House"],"picked":"SacredBark"},{"not_picked":["Fusion Hammer","Runic Pyramid"],"picked":"VioletLotus"}],"items_purged_floors":[],"is_endless":false,"potions_floor_spawned":[6,8,16,21,23,31,37,45],"ascension_level":0}}