{"host":"08xvxt5w1s7zc7e5","time":1613292702,"event":{"mods":["AchievementEnabler","BaseMod","DeckTracker","Minty Spire (QoL Compilation)","Quick Restart","StSLib","SuperFastMode"],"gold_per_floor":[110,110,131,195,214,214,164,164,240,261,286,51,51,67,67,186,186,201,101,101,101],"floor_reached":20,"language":"KOR","playtime":1001,"items_purged":["Strike_G","Defend_G"],"score":205,"play_id":"68ddef8f-d685-462c-896a-94577759d62b","local_time":"20210214175142","is_ascension_mode":true,"campfire_choices":[{"data":"Neutralize","floor":6.0,"key":"SMITH"},{"data":"Footwork","floor":8.0,"key":"SMITH"},{"data":"Acrobatics","floor":13.0,"key":"SMITH"},{"data":"Tactician","floor":15.0,"key":"SMITH"}],"circlet_count":0,"master_deck":["Strike_G","Strike_G","Strike_G","Defend_G","Defend_G","Defend_G","Defend_G","Survivor","Neutralize+1","Grand Finale","Footwork+1","Escape Plan","Escape Plan","Tactician+1","Acrobatics+1","Adrenaline","After Image","Dagger Throw"],"relics":["Ring of the Snake","Golden Idol","StrikeDummy","HoveringKite"],"acts_visited":["Exordium","TheCity"],"potions_floor_usage":[],"damage_taken":[{"damage":6.0,"enemies":"Small Slimes","floor":1.0,"turns":5.0},{"damage":5.0,"enemies":"2 Louse","floor":3.0,"turns":2.0},{"damage":2.0,"enemies":"Jaw Worm","floor":5.0,"turns":6.0},{"damage":8.0,"enemies":"3 Louse","floor":10.0,"turns":5.0},{"damage":3.0,"enemies":"Looter","floor":11.0,"turns":4.0},{"damage":8.0,"enemies":"Exordium Thugs","floor":14.0,"turns":7.0},{"damage":15.0,"enemies":"Hexaghost","floor":16.0,"turns":14.0},{"damage":0.0,"enemies":"2 Thieves","floor":18.0,"turns":4.0},{"damage":0,"enemies":"Chosen","floor":20,"turns":1}],"seed_played":"1675209982553954566","potions_obtained":[{"floor":1.0,"key":"EntropicBrew"},{"floor":3.0,"key":"SkillPotion"},{"floor":11.0,"key":"PowerPotion"},{"floor":16.0,"key":"Swift Potion"}],"is_trial":false,"path_per_floor":["M","?","M","?","M","R","?","R","T","M","M","$","R","M","R","B",null,"M","$","M"],"character_chosen":"THE_SILENT","items_purchased":["Adrenaline"],"campfire_rested":0,"item_purchase_floors":[12],"current_hp_per_floor":[64,47,42,42,40,40,40,40,40,32,29,29,29,21,21,6,54,54,54,54,54],"gold":101,"neow_bonus":"ONE_RANDOM_RARE_CARD","is_daily":false,"chose_seed":false,"campfire_upgraded":4,"win_rate":0.0,"timestamp":1613292702,"path_taken":["M","?","M","?","M","R","?","R","T","?","M","$","R","M","R","BOSS","M","$","M"],"items_purchased_type":["Card"],"build_version":"2020-12-22","purchased_purges":2,"victory":false,"max_hp_per_floor":[70,70,70,70,70,70,70,70,70,70,70,70,70,70,70,70,70,70,70,70,70],"card_choices":[{"not_picked":["Endless Agony","Cloak And Dagger"],"picked":"Footwork","floor":1.0},{"not_picked":["Backflip","Quick Slash"],"picked":"Escape Plan","floor":3.0},{"not_picked":["Infinite Blades","Bouncing Flask"],"picked":"Escape Plan","floor":5.0},{"not_picked":["Finisher","Underhanded Strike"],"picked":"Tactician","floor":10.0},{"not_picked":["Calculated Gamble","Envenom"],"picked":"Acrobatics","floor":11.0},{"not_picked":["Deadly Poison","Poisoned Stab","Dagger Throw"],"picked":"SKIP","floor":14.0},{"not_picked":["Storm of Steel","Envenom"],"picked":"After Image","floor":16.0},{"not_picked":["Quick Slash","Dagger Spray"],"picked":"Dagger Throw","floor":18.0}],"player_experience":364915,"relics_obtained":[{"floor":9.0,"key":"StrikeDummy"}],"event_choices":[{"damage_healed":0.0,"max_hp_gain":0.0,"max_hp_loss":0.0,"gold_gain":0.0,"event_name":"Golden Idol","player_choice":"Take Damage","floor":2.0,"gold_loss":0.0,"damage_taken":17.0,"relics_obtained":["Golden Idol"]},{"damage_healed":0.0,"max_hp_gain":0.0,"max_hp_loss":0.0,"gold_gain":64.0,"event_name":"Golden Wing","player_choice":"Gained Gold","floor":4.0,"gold_loss":0.0,"damage_taken":0.0},{"cards_removed":["Strike_G"],"damage_healed":0.0,"max_hp_gain":0.0,"max_hp_loss":0.0,"gold_gain":0.0,"event_name":"The Cleric","player_choice":"Card Removal","floor":7.0,"gold_loss":50.0,"damage_taken":0.0}],"is_beta":false,"boss_relics":[{"not_picked":["Ectoplasm","Sozu"],"picked":"HoveringKite"}],"items_purged_floors":[12,19],"is_endless":false,"potions_floor_spawned":[1,3,11,16],"killed_by":"Chosen","ascension_level":5}}