{"host":"clf2hd4adhiiw0zf","time":1613301547,"event":{"mods":["AchievementEnabler","BaseMod","Beaked The Cultist","Bestiary","Dark Map","Downfall","Gremlin Mod","Hermit","Jorbs\u0027s Wanderer Trilogy","Marisa????????","Minty Spire (QoL Compilation)","Shop Mod","StSLib","The Cursed","The Servant 0.9.4","Wide Potions"],"gold_per_floor":[199,212,222,234,234,244,244,259,259,270,570,597,397,397,413,508,508,508,528,543,543,132,150,150,425,144,179,195,208,224,224,236,236,236,236],"floor_reached":33,"language":"ENG","playtime":1140,"items_purged":["downfall:Icky","Regret"],"score":393,"play_id":"208bc63d-60c1-482d-9745-d2199d605c0b","local_time":"20210214041907","is_ascension_mode":true,"campfire_choices":[{"floor":1,"key":"RECALL"},{"data":"hexamod:SuperheatedStrike","floor":13,"key":"SMITH"},{"data":"hexamod:VolcanoVisage","floor":18,"key":"SMITH"}],"circlet_count":0,"master_deck":["hexamod:Sear","hexamod:Float","hexamod:Incineration+1","hexamod:Incineration+1","hexamod:Firestarter","hexamod:HeatMetal","hexamod:BurningTouch+1","hexamod:Hexaguard","hexamod:SuperheatedStrike+1","hexamod:BurningTouch","hexamod:GiftsFromTheDead+1","hexamod:ForkedFlame+1","hexamod:SuperheatedStrike","hexamod:HeatShield","hexamod:GhostflameBarrier","hexamod:HexaLevel+1","hexamod:VolcanoVisage+1","hexamod:SixthSeal","hexamod:HeatCrush+1","hexamod:SpectersWail","hexamod:DynamicBlow","hexamod:ExtraCrispy","hexamod:FourthSeal","hexamod:BurningTouch","expansioncontent:DashGenerateEvil","hexamod:RetreatToShadows","hexamod:BurningTouch+1","hexamod:FlamesFromBeyond+1","hexamod:FlamesFromBeyond"],"relics":["hexamod:SpiritBrand","hexamod:BolsterEngine","White Beast Statue","downfall:HeartBlessingGreen","downfall:HeartBlessingRed","Pandora\u0027s Box","Whetstone","champ:Barbells","Bird Faced Urn"],"acts_visited":["Exordium","TheCity"],"potions_floor_usage":[12,16,27,27,33],"damage_taken":[{"damage":0,"enemies":"Cultist","floor":2,"turns":4},{"damage":7,"enemies":"Jaw Worm","floor":3,"turns":3},{"damage":0,"enemies":"Small Slimes","floor":4,"turns":3},{"damage":13,"enemies":"Large Slime","floor":6,"turns":3},{"damage":0,"enemies":"Exordium Wildlife","floor":8,"turns":3},{"damage":19,"enemies":"Exordium Thugs","floor":10,"turns":4},{"damage":10,"enemies":"3 Sentries","floor":12,"turns":6},{"damage":0,"enemies":"Gremlin Gang","floor":15,"turns":4},{"damage":20,"enemies":"DF_ARCHETYPE_STREAMLINE","floor":16,"turns":6},{"damage":4,"enemies":"Spheric Guardian","floor":19,"turns":4},{"damage":8,"enemies":"Centurion and Healer","floor":20,"turns":5},{"damage":2,"enemies":"downfall:FleeingMerchant","floor":22,"turns":4},{"damage":3,"enemies":"Chosen and Byrds","floor":23,"turns":3},{"damage":18,"enemies":"downfall:FleeingMerchant","floor":26,"turns":4},{"damage":29,"enemies":"Gremlin Leader","floor":27,"turns":5},{"damage":10,"enemies":"Snecko","floor":28,"turns":4},{"damage":12,"enemies":"Snake Plant","floor":29,"turns":4},{"damage":0,"enemies":"Centurion and Healer","floor":30,"turns":3},{"damage":0,"enemies":"Snecko","floor":32,"turns":3},{"damage":28,"enemies":"IC_MUSHROOM_ARCHETYPE","floor":33,"turns":4}],"seed_played":"902162977763960184","potions_obtained":[{"floor":2,"key":"CultistPotion"},{"floor":4,"key":"GamblersBrew"},{"floor":6,"key":"AttackPotion"},{"floor":15,"key":"Explosive Potion"},{"floor":16,"key":"PowerPotion"},{"floor":19,"key":"SkillPotion"},{"floor":20,"key":"Slimebound:ThreeZeroPotion"},{"floor":22,"key":"FearPotion"},{"floor":27,"key":"FairyPotion"},{"floor":28,"key":"Dexterity Potion"},{"floor":28,"key":"BlessingOfTheForge"},{"floor":30,"key":"Fire Potion"},{"floor":32,"key":"Dexterity Potion"}],"is_trial":false,"path_per_floor":["R","M","M","M","?","M","T","M","?","M","?","E","R","?","M","B",null,"R","M","M","?","$","M","T","?","$","E","M","M","M","?","M","B"],"character_chosen":"THE_SPIRIT","items_purchased":["hexamod:ExtraCrispy","Whetstone","champ:Barbells","expansioncontent:DashGenerateEvil"],"campfire_rested":0,"item_purchase_floors":[22,22,22,26],"current_hp_per_floor":[70,70,63,63,63,50,50,50,50,31,31,21,21,21,21,1,70,70,66,58,58,56,53,53,53,35,6,2,12,14,14,22,0,0,0],"gold":236,"neow_bonus":"HUNDRED_GOLD","is_daily":false,"chose_seed":false,"campfire_upgraded":2,"win_rate":0.0,"timestamp":1613301547,"path_taken":["R","M","?","M","?","M","T","M","?","M","?","E","R","?","M","BOSS","R","M","M","?","?","?","T","?","$","E","?","M","M","?","M","BOSS"],"items_purchased_type":["Card","Relic","Relic","Card"],"build_version":"2020-12-22","purchased_purges":2,"victory":false,"max_hp_per_floor":[70,70,70,70,70,70,70,70,70,70,70,70,70,70,70,70,70,70,70,70,70,70,70,70,70,70,70,70,70,70,70,70,70,70,70],"card_choices":[{"not_picked":["hexamod:FlamesFromBeyond","hexamod:SkipABeat"],"picked":"hexamod:Incineration","floor":2},{"not_picked":["hexamod:AdvancingGuard","hexamod:InspiringFlames"],"picked":"hexamod:Incineration","floor":3},{"not_picked":["hexamod:PhantomCloak","hexamod:NightmareStrike"],"picked":"hexamod:Firestarter","floor":4},{"not_picked":["hexamod:InspiringFlames","hexamod:SwordOfDarkness"],"picked":"hexamod:HeatMetal","floor":6},{"not_picked":["hexamod:GhostflameInferno","hexamod:BacktrackSmack"],"picked":"hexamod:BurningTouch","floor":8},{"not_picked":["hexamod:Firestarter","hexamod:BacktrackSmack"],"picked":"hexamod:Hexaguard","floor":10},{"not_picked":["hexamod:SkipABeat","hexamod:BurningTouch"],"picked":"hexamod:SuperheatedStrike","floor":12},{"not_picked":["hexamod:SuperheatedStrike","hexamod:Firestarter"],"picked":"hexamod:BurningTouch","floor":15},{"not_picked":["hexamod:HexaLevel","hexamod:GhostOfSpirePresent"],"picked":"hexamod:GiftsFromTheDead","floor":16},{"not_picked":["hexamod:BurningTouch","hexamod:Hexaguard"],"picked":"hexamod:HeatCrush","floor":19},{"not_picked":["hexamod:GhostLash","hexamod:InspiringFlames"],"picked":"hexamod:SpectersWail","floor":20},{"not_picked":["hexamod:SpectersWail","hexamod:BacktrackSmack"],"picked":"hexamod:DynamicBlow","floor":22},{"not_picked":["hexamod:SwordOfDarkness","hexamod:GhostShield+1"],"picked":"hexamod:FourthSeal","floor":23},{"not_picked":["hexamod:SpectersWail+1","hexamod:NecessarySacrifice"],"picked":"hexamod:BurningTouch","floor":26},{"not_picked":["hexamod:PowerFromBeyond","hexamod:SwordOfDarkness"],"picked":"hexamod:RetreatToShadows","floor":27},{"not_picked":["hexamod:AdvancingGuard","hexamod:GhostShield"],"picked":"hexamod:BurningTouch+1","floor":28},{"not_picked":["hexamod:GhostOfSpirePast","hexamod:Firestarter"],"picked":"hexamod:FlamesFromBeyond+1","floor":29},{"not_picked":["hexamod:SwordOfDarkness","hexamod:ThirdSeal"],"picked":"hexamod:FlamesFromBeyond","floor":30},{"not_picked":["hexamod:Haunt","hexamod:GhostShield","hexamod:SkipABeat"],"picked":"SKIP","floor":32}],"player_experience":290476,"relics_obtained":[{"floor":7,"key":"hexamod:BolsterEngine"},{"floor":12,"key":"White Beast Statue"},{"floor":27,"key":"Bird Faced Urn"}],"event_choices":[{"damage_healed":0,"gold_gain":0,"player_choice":"Grow","damage_taken":0,"max_hp_gain":0,"max_hp_loss":0,"event_name":"Living Wall","floor":5,"gold_loss":0,"cards_upgraded":["hexamod:Incineration"]}],"is_beta":false,"boss_relics":[{"not_picked":["Velvet Choker","Runic Pyramid"],"picked":"Pandora\u0027s Box"}],"items_purged_floors":[22,26],"is_endless":false,"potions_floor_spawned":[2,4,6,15,16,19,20,22,23,26,27,28,29,30,32],"killed_by":"IC_MUSHROOM_ARCHETYPE","ascension_level":3}}