{"host":"wbs0wzz0alz01mnq","time":1613335099,"event":{"mods":["2.2 Compatiblity","BaseMod","Downfall","GifTheSpireLib","Googly Eyes","Minty Spire (QoL Compilation)","Quick Restart","StSLib"],"gold_per_floor":[99,116,116,116,135,149,149,149,149,149],"floor_reached":8,"language":"ENG","playtime":352,"items_purged":[],"score":46,"play_id":"8a903c8f-6a2f-40ae-8b95-5a709965a75b","local_time":"20210214153819","is_ascension_mode":false,"campfire_choices":[{"data":"Slimebound:DouseInSlime","floor":1,"key":"SMITH"}],"circlet_count":0,"master_deck":["Slimebound:Strike_Slimebound","Slimebound:Strike_Slimebound","Slimebound:Strike_Slimebound","Slimebound:Tackle","Slimebound:Defend_Slimebound","Slimebound:Defend_Slimebound","Slimebound:Defend_Slimebound","Slimebound:Defend_Slimebound","Slimebound:Split","Slimebound:CorrosiveSpit","Slimebound:DouseInSlime+1","Slimebound:SplitLeeching","Slimebound:SplitLeeching","Slimebound:RollThrough"],"relics":["Slimebound:AbsorbEndCombat","Omamori","Mercury Hourglass","Dream Catcher"],"acts_visited":["Exordium"],"potions_floor_usage":[],"damage_taken":[{"damage":15,"enemies":"Jaw Worm","floor":2,"turns":4},{"damage":1,"enemies":"Small Slimes","floor":5,"turns":3},{"damage":0,"enemies":"2 Louse","floor":6,"turns":2},{"damage":0,"enemies":"3 Sentries","floor":8,"turns":1}],"seed_played":"-7423310802456547531","potions_obtained":[],"is_trial":false,"path_per_floor":["R","M","?","T","M","M","T","E"],"character_chosen":"SLIMEBOUND","items_purchased":[],"campfire_rested":0,"item_purchase_floors":[],"current_hp_per_floor":[65,53,41,41,42,44,44,44,44,44],"gold":149,"neow_bonus":"ONE_RANDOM_RARE_CARD","is_daily":false,"chose_seed":false,"campfire_upgraded":1,"win_rate":0.0,"timestamp":1613335099,"path_taken":["R","M","?","?","M","?","T","E"],"items_purchased_type":[],"build_version":"2020-12-22","purchased_purges":0,"victory":false,"max_hp_per_floor":[65,65,65,65,65,65,65,65,65,65],"card_choices":[{"not_picked":["Slimebound:LeechingTouch","Slimebound:SplitMire"],"picked":"Slimebound:SplitLeeching","floor":2},{"not_picked":["Slimebound:Grow","Slimebound:PressTheAttack"],"picked":"Slimebound:SplitLeeching","floor":5},{"not_picked":["Slimebound:DisruptingSlam","Slimebound:SlimeBarrage"],"picked":"Slimebound:RollThrough","floor":6}],"player_experience":40762,"relics_obtained":[{"floor":4,"key":"Mercury Hourglass"},{"floor":7,"key":"Dream Catcher"}],"event_choices":[{"damage_healed":0,"gold_gain":0,"player_choice":"Success","damage_taken":12,"relics_obtained":["Omamori"],"max_hp_gain":0,"max_hp_loss":0,"event_name":"Scrap Ooze","floor":3,"gold_loss":0}],"is_beta":false,"boss_relics":[],"items_purged_floors":[],"is_endless":false,"potions_floor_spawned":[],"killed_by":"3 Sentries","ascension_level":0}}