{"host":"51dweoxrcspgw6ri","time":1613261278,"event":{"mods":["BaseMod","Colored Map","Colored Powertips","Minty Spire (QoL Compilation)","Rare Cards Sparkle","Relic Stats","StSLib","SuperFastMode"],"gold_per_floor":[119,136,156,167,242,268,268,296,323,323,38,38,70,90,90,167,167,185,196,196,206,206,206],"floor_reached":22,"language":"ENG","playtime":969,"items_purged":[],"score":361,"play_id":"4d68db97-2145-437e-80ac-72a610d67804","local_time":"20210214010758","is_ascension_mode":true,"campfire_choices":[{"floor":7,"key":"REST"},{"floor":10,"key":"REST"},{"floor":12,"key":"REST"},{"data":"Doppelganger","floor":15,"key":"SMITH"}],"circlet_count":0,"master_deck":["AscendersBane","Strike_G","Strike_G","Strike_G","Strike_G","Strike_G","Defend_G","Defend_G","Defend_G","Defend_G","Defend_G","Survivor","Neutralize","PiercingWail","Deadly Poison","Leg Sweep","Well Laid Plans","Noxious Fumes","Doppelganger+1","Caltrops","Night Terror","Prepared"],"relics":["Ring of the Snake","Incense Burner","Bag of Marbles","Omamori","Matryoshka","Regal Pillow","Calling Bell","Happy Flower","InkBottle","Du-Vu Doll"],"acts_visited":["Exordium","TheCity"],"potions_floor_usage":[4,8,13,16,18,22],"damage_taken":[{"damage":3,"enemies":"Jaw Worm","floor":1,"turns":6},{"damage":2,"enemies":"2 Louse","floor":2,"turns":3},{"damage":0,"enemies":"Cultist","floor":3,"turns":5},{"damage":12,"enemies":"Lots of Slimes","floor":4,"turns":7},{"damage":12,"enemies":"Lagavulin","floor":6,"turns":7},{"damage":30,"enemies":"3 Sentries","floor":8,"turns":11},{"damage":4,"enemies":"Lagavulin","floor":13,"turns":6},{"damage":1,"enemies":"Looter","floor":14,"turns":3},{"damage":28,"enemies":"Hexaghost","floor":16,"turns":11},{"damage":6,"enemies":"3 Byrds","floor":18,"turns":4},{"damage":13,"enemies":"Spheric Guardian","floor":19,"turns":5},{"damage":6,"enemies":"Snake Plant","floor":21,"turns":5},{"damage":24,"enemies":"3 Cultists","floor":22,"turns":4}],"seed_played":"-4060324139515051312","potions_obtained":[{"floor":1,"key":"Weak Potion"},{"floor":2,"key":"PowerPotion"},{"floor":8,"key":"BlessingOfTheForge"},{"floor":14,"key":"FearPotion"},{"floor":16,"key":"Block Potion"},{"floor":18,"key":"Strength Potion"}],"is_trial":false,"path_per_floor":["M","M","M","M","?","E","R","E","T","R","$","R","E","M","R","B",null,"M","M","?","M","M"],"character_chosen":"THE_SILENT","items_purchased":["Matryoshka","Caltrops"],"campfire_rested":3,"item_purchase_floors":[11,11],"current_hp_per_floor":[56,54,54,42,31,19,38,8,8,27,27,46,42,41,41,13,53,47,34,28,22,0,0],"gold":206,"neow_bonus":"THREE_CARDS","is_daily":false,"chose_seed":false,"campfire_upgraded":1,"win_rate":0.0,"timestamp":1613261278,"path_taken":["M","M","M","M","?","E","R","E","T","R","$","R","E","M","R","BOSS","M","M","?","?","?"],"items_purchased_type":["Relic","Card"],"build_version":"2020-12-22","purchased_purges":0,"victory":false,"max_hp_per_floor":[66,66,66,66,66,66,66,66,66,66,66,66,66,66,66,66,66,66,66,66,66,66,66],"relic_stats":{"Regal Pillow":0,"Happy Flower":[6],"counters":[13,77],"obtain_stats":[{"Calling Bell":17,"Du-Vu Doll":17,"Regal Pillow":13,"Matryoshka":11,"Happy Flower":17,"Incense Burner":6,"Bag of Marbles":8,"Omamori":9,"InkBottle":17,"Ring of the Snake":0},{"Calling Bell":9,"Du-Vu Doll":9,"Regal Pillow":7,"Matryoshka":6,"Happy Flower":9,"Incense Burner":5,"Bag of Marbles":6,"Omamori":6,"InkBottle":9,"Ring of the Snake":0},{"Calling Bell":59,"Du-Vu Doll":59,"Regal Pillow":45,"Matryoshka":39,"Happy Flower":59,"Incense Burner":28,"Bag of Marbles":39,"Omamori":39,"InkBottle":59,"Ring of the Snake":0}],"InkBottle":[6],"Ring of the Snake":[26]},"card_choices":[{"not_picked":["Cloak And Dagger","Underhanded Strike"],"picked":"PiercingWail","floor":0},{"not_picked":["Noxious Fumes","Prepared"],"picked":"Deadly Poison","floor":1},{"not_picked":["PiercingWail","Quick Slash"],"picked":"Leg Sweep","floor":2},{"not_picked":["Choke","PiercingWail"],"picked":"Well Laid Plans","floor":3},{"not_picked":["Acrobatics","Leg Sweep"],"picked":"Noxious Fumes","floor":4},{"not_picked":["Underhanded Strike","Setup"],"picked":"Doppelganger","floor":6},{"not_picked":["Tactician","Setup","Infinite Blades"],"picked":"SKIP","floor":8},{"not_picked":["Heel Hook","Dagger Throw","Flying Knee"],"picked":"SKIP","floor":13},{"not_picked":["Bane","Quick Slash","Finisher"],"picked":"SKIP","floor":14},{"not_picked":["After Image","Doppelganger"],"picked":"Night Terror","floor":16},{"not_picked":["Tactician","Acrobatics","Sucker Punch"],"picked":"SKIP","floor":18},{"not_picked":["Cloak And Dagger","Dagger Spray"],"picked":"Prepared","floor":19},{"not_picked":["Distraction","Quick Slash","Blade Dance"],"picked":"SKIP","floor":21}],"player_experience":529640,"relics_obtained":[{"floor":6,"key":"Incense Burner"},{"floor":8,"key":"Bag of Marbles"},{"floor":9,"key":"Omamori"},{"floor":13,"key":"Regal Pillow"},{"floor":17,"key":"Happy Flower"},{"floor":17,"key":"InkBottle"},{"floor":17,"key":"Du-Vu Doll"}],"event_choices":[{"damage_healed":0,"gold_gain":75,"player_choice":"Gather Gold","damage_taken":11,"max_hp_gain":0,"max_hp_loss":0,"event_name":"World of Goop","floor":5,"gold_loss":0},{"damage_healed":0,"gold_gain":0,"player_choice":"","damage_taken":6,"max_hp_gain":0,"max_hp_loss":0,"event_name":"Knowing Skull","floor":20,"potions_obtained":[],"gold_loss":0,"cards_obtained":[]}],"is_beta":false,"boss_relics":[{"not_picked":["WristBlade","Velvet Choker"],"picked":"Calling Bell"}],"items_purged_floors":[],"is_endless":false,"potions_floor_spawned":[1,2,3,8,14,16,18],"killed_by":"3 Cultists","ascension_level":15}}