{"host":"7wi4qgm5yw4j7oz0","time":1613309076,"event":{"mods":["AchievementEnabler","BaseMod","Block Reminder","Colored Map","Colored Powertips","Highlight Path","Minty Spire (QoL Compilation)","Permanent Neow","Random Character Button","Rare Cards Sparkle","StSLib","everything is the same but u backflip on backflip"],"gold_per_floor":[113,128,139,139,157,157,190,190,190,70,82,82,110,141,141,141,141],"floor_reached":16,"language":"KOR","playtime":782,"items_purged":["Bash"],"score":165,"play_id":"9892f8b5-110a-4758-a5a7-3e5a9675837d","local_time":"20210214222436","is_ascension_mode":true,"campfire_choices":[{"data":"Pommel Strike","floor":6.0,"key":"SMITH"},{"floor":8.0,"key":"REST"},{"floor":15.0,"key":"REST"}],"circlet_count":0,"master_deck":["AscendersBane","Strike_R","Strike_R","Strike_R","Strike_R","Defend_R","Defend_R","Defend_R","Defend_R","Limit Break","Iron Wave","Pommel Strike+1","Heavy Blade","Metallicize","Thunderclap","Flex","Power Through"],"relics":["Burning Blood","MealTicket","Pantograph","Dream Catcher","Odd Mushroom","Nunchaku"],"acts_visited":["Exordium"],"potions_floor_usage":[16,16,16],"damage_taken":[{"damage":7.0,"enemies":"Jaw Worm","floor":1.0,"turns":3.0},{"damage":6.0,"enemies":"Cultist","floor":2.0,"turns":3.0},{"damage":7.0,"enemies":"2 Louse","floor":3.0,"turns":3.0},{"damage":7.0,"enemies":"2 Fungi Beasts","floor":5.0,"turns":5.0},{"damage":65.0,"enemies":"3 Sentries","floor":7.0,"turns":12.0},{"damage":25.0,"enemies":"Lots of Slimes","floor":11.0,"turns":6.0},{"damage":7.0,"enemies":"The Mushroom Lair","floor":13.0,"turns":3.0},{"damage":24.0,"enemies":"Lagavulin","floor":14.0,"turns":7.0},{"damage":79,"enemies":"Hexaghost","floor":16,"turns":14}],"seed_played":"4683419567367398579","potions_obtained":[{"floor":3.0,"key":"Strength Potion"},{"floor":5.0,"key":"LiquidMemories"},{"floor":11.0,"key":"SneckoOil"},{"floor":13.0,"key":"Strength Potion"},{"floor":14.0,"key":"ElixirPotion"}],"is_trial":false,"path_per_floor":["M","M","M","?","M","R","E","R","T","$","M","$","?","E","R","B"],"character_chosen":"IRONCLAD","items_purchased":["Thunderclap"],"campfire_rested":2,"item_purchase_floors":[10],"current_hp_per_floor":[71,71,70,70,69,69,10,34,34,49,30,45,44,26,50,0,0],"gold":141,"neow_bonus":"TRANSFORM_CARD","is_daily":false,"chose_seed":false,"campfire_upgraded":1,"win_rate":0.0,"timestamp":1613309076,"path_taken":["M","M","M","?","M","R","E","R","T","$","?","$","?","E","R","BOSS"],"items_purchased_type":["Card"],"build_version":"2020-12-22","purchased_purges":1,"victory":false,"max_hp_per_floor":[80,80,80,80,80,80,80,80,80,80,80,80,80,80,80,80,80],"card_choices":[{"not_picked":["Wild Strike","Dark Embrace"],"picked":"Iron Wave","floor":1.0},{"not_picked":["Body Slam","Feel No Pain"],"picked":"Pommel Strike","floor":2.0},{"not_picked":["Anger","Body Slam"],"picked":"Heavy Blade","floor":3.0},{"not_picked":["Seeing Red","Feel No Pain"],"picked":"Metallicize","floor":5.0},{"not_picked":["Iron Wave","Clothesline","Berserk"],"picked":"SKIP","floor":7.0},{"not_picked":["Body Slam","Bloodletting"],"picked":"Flex","floor":11.0},{"not_picked":["Clash","Rupture"],"picked":"Power Through","floor":13.0},{"not_picked":["Thunderclap","Iron Wave","Armaments"],"picked":"SKIP","floor":14.0}],"player_experience":302038,"relics_obtained":[{"floor":7.0,"key":"Pantograph"},{"floor":9.0,"key":"Dream Catcher"},{"floor":13.0,"key":"Odd Mushroom"},{"floor":14.0,"key":"Nunchaku"}],"event_choices":[{"damage_healed":0.0,"max_hp_gain":0.0,"max_hp_loss":0.0,"gold_gain":0.0,"event_name":"WeMeetAgain","player_choice":"Gave Potion","floor":4.0,"gold_loss":0.0,"damage_taken":0.0,"relics_obtained":["MealTicket"]},{"damage_healed":0.0,"max_hp_gain":0.0,"max_hp_loss":0.0,"gold_gain":0.0,"event_name":"Mushrooms","player_choice":"Fought Mushrooms","floor":13.0,"gold_loss":0.0,"damage_taken":0.0}],"is_beta":false,"boss_relics":[],"items_purged_floors":[10],"is_endless":false,"potions_floor_spawned":[3,5,11,13,14],"killed_by":"Hexaghost","ascension_level":10}}