{"host":"u7bb6mvzuirwfcqo","time":1613329535,"event":{"mods":["2.2 Compatiblity","AchievementEnabler","BaseMod","Card Forge","Downfall","Hermit","Minty Spire (QoL Compilation)","Relic Stats","StSLib"],"gold_per_floor":[117,128,142,157,174,174,184,184,184,184,209,223,234,251,251,347,347,360,360,370,370,370,370,63,63,63,97,97,117,117,29,29,132,132,144,197,216,13,32,32,32,32,32],"floor_reached":41,"language":"ENG","playtime":3492,"items_purged":[],"score":440,"play_id":"c7a20008-38fd-4182-9329-85a2b3f64721","local_time":"20210214140535","is_ascension_mode":false,"campfire_choices":[{"data":"sneckomod:Memorize","floor":6.0,"key":"SMITH"},{"data":"sneckomod:SnekBeam","floor":8.0,"key":"SMITH"},{"data":"sneckomod:TailWhip","floor":10.0,"key":"SMITH"},{"data":"sneckomod:DiceCrush","floor":15.0,"key":"SMITH"},{"data":"Undo","floor":23.0,"key":"SMITH"},{"floor":32.0,"key":"REST"},{"floor":40.0,"key":"REST"}],"circlet_count":0,"master_deck":["sneckomod:TailWhip+1","sneckomod:SnekBite+1","sneckomod:Unknown","sneckomod:Unknown","sneckomod:UnknownWeak","sneckomod:Unknown1Cost","sneckomod:UnknownStrike","sneckomod:Unknown1Cost","sneckomod:SnekBeam+1","sneckomod:UnknownVulnerable","sneckomod:DiceCrush+1","Undo+1","sneckomod:MorePower+1","sneckomod:UnknownX+1","sneckomod:UnknownClassDEFAULT_GRAY_COLOR","sneckomod:UnknownBlock","sneckomod:UnknownCommonSkill","sneckomod:UnknownUncommonAttack","sneckomod:UnknownVulnerable","sneckomod:UnknownBlock","sneckomod:UnknownRarePower+1","sneckomod:UnknownClassGUARDIAN+1","sneckomod:SlitherStrike","Necronomicurse","sneckomod:MasterEye+1","sneckomod:SoulRoll","sneckomod:UnknownCommonAttack","sneckomod:UnknownX+1","sneckomod:SoulRoll+1","sneckomod:ImprovisedGuard","sneckomod:SoulDraw","sneckomod:UnknownRareSkill+1","sneckomod:Mudshield+1","sneckomod:CheapStock+1","sneckomod:UnknownDraw+1","sneckomod:PureSnecko+1","sneckomod:UnknownStrength+1","sneckomod:QuickBite+1","sneckomod:TrashToTreasure+1"],"relics":["Hammer of Thor","Seething Fire","Anvil of the Gods","SlaversCollar","Frozen Egg 2","Gambling Chip","Runic Pyramid","Necronomicon","OrangePellets","Centennial Puzzle","Molten Egg 2","Sozu","Torii","HandDrill"],"acts_visited":["Exordium","TheCity","TheBeyond"],"potions_floor_usage":[],"damage_taken":[{"damage":2.0,"enemies":"Small Slimes","floor":1.0,"turns":4.0},{"damage":6.0,"enemies":"Jaw Worm","floor":2.0,"turns":3.0},{"damage":0.0,"enemies":"Cultist","floor":3.0,"turns":2.0},{"damage":7.0,"enemies":"Looter","floor":4.0,"turns":3.0},{"damage":6.0,"enemies":"Exordium Wildlife","floor":5.0,"turns":3.0},{"damage":11.0,"enemies":"Blue Slaver","floor":7.0,"turns":5.0},{"damage":21.0,"enemies":"Gremlin Nob","floor":11.0,"turns":4.0},{"damage":4.0,"enemies":"Looter","floor":12.0,"turns":4.0},{"damage":6.0,"enemies":"3 Louse","floor":13.0,"turns":3.0},{"damage":11.0,"enemies":"Exordium Wildlife","floor":14.0,"turns":4.0},{"damage":11.0,"enemies":"Hexaghost","floor":16.0,"turns":9.0},{"damage":16.0,"enemies":"Shell Parasite","floor":18.0,"turns":9.0},{"damage":9.0,"enemies":"Chosen","floor":20.0,"turns":4.0},{"damage":20.0,"enemies":"Gremlin Leader","floor":27.0,"turns":3.0},{"damage":12.0,"enemies":"Snake Plant","floor":29.0,"turns":2.0},{"damage":3.0,"enemies":"Collector","floor":33.0,"turns":6.0},{"damage":10.0,"enemies":"3 Darklings","floor":35.0,"turns":4.0},{"damage":41.0,"enemies":"2 Orb Walkers","floor":36.0,"turns":6.0},{"damage":10.0,"enemies":"Orb Walker","floor":37.0,"turns":2.0},{"damage":25.0,"enemies":"Jaw Worm Horde","floor":39.0,"turns":3.0},{"damage":35,"enemies":"Writhing Mass","floor":41,"turns":3}],"seed_played":"-7077085934581339928","potions_obtained":[{"floor":3.0,"key":"Fire Potion"},{"floor":7.0,"key":"Explosive Potion"},{"floor":11.0,"key":"AttackPotion"},{"floor":12.0,"key":"Dexterity Potion"},{"floor":33.0,"key":"Block Potion"}],"is_trial":false,"path_per_floor":["M","M","M","M","M","R","M","R","T","R","E","M","M","M","R","B",null,"M","?","M","?","?","R","$","?","T","E","?","M","?","$","R","B",null,"M","?","M","$","M","R","M"],"character_chosen":"THE_SNECKO","items_purchased":["OrangePellets","sneckomod:MasterEye+1","sneckomod:SoulRoll","sneckomod:UnknownCommonAttack","sneckomod:ImprovisedGuard","sneckomod:SoulDraw","HandDrill","sneckomod:QuickBite+1"],"campfire_rested":2,"item_purchase_floors":[24,24,24,24,31,31,38,38],"current_hp_per_floor":[88,82,82,82,76,76,65,65,65,65,44,40,34,23,23,12,90,74,74,65,65,49,49,49,49,49,29,29,17,17,17,44,41,90,80,39,29,29,4,31,0,0,0],"gold":32,"neow_bonus":"BOSS_RELIC","is_daily":false,"chose_seed":false,"campfire_upgraded":5,"win_rate":0.0,"timestamp":1613329535,"path_taken":["M","M","M","M","M","R","M","R","T","R","E","M","M","M","R","BOSS","M","?","M","?","?","R","$","?","T","E","?","?","?","$","R","BOSS","M","?","M","$","M","R","M"],"items_purchased_type":["Relic","Card","Card","Card","Card","Card","Relic","Card"],"build_version":"2020-12-22","purchased_purges":0,"victory":false,"max_hp_per_floor":[90,90,90,90,90,90,90,90,90,90,90,90,90,90,90,90,90,90,90,90,90,90,90,90,90,90,90,90,90,90,90,90,90,90,90,90,90,90,90,90,90,90,90],"relic_stats":{"Sozu":1,"OrangePellets":[8],"Centennial Puzzle":[24],"Torii":0,"counters":[21,86],"Gambling Chip":[18],"Necronomicon":[10],"HandDrill":[22],"obtain_stats":[{"Torii":36,"Hammer of Thor":0,"Seething Fire":0,"Frozen Egg 2":9,"sneckomod:SneckoSoul":0,"Sozu":34,"SlaversCollar":0,"OrangePellets":24,"Centennial Puzzle":26,"Anvil of the Gods":0,"Gambling Chip":11,"Molten Egg 2":27,"Necronomicon":22,"HandDrill":38,"Runic Pyramid":17},{"Torii":18,"Hammer of Thor":0,"Seething Fire":0,"Frozen Egg 2":6,"sneckomod:SneckoSoul":0,"Sozu":16,"SlaversCollar":0,"OrangePellets":13,"Centennial Puzzle":13,"Anvil of the Gods":0,"Gambling Chip":7,"Molten Egg 2":14,"Necronomicon":13,"HandDrill":19,"Runic Pyramid":11},{"Torii":78,"Hammer of Thor":0,"Seething Fire":0,"Frozen Egg 2":20,"sneckomod:SneckoSoul":0,"Sozu":68,"SlaversCollar":0,"OrangePellets":57,"Centennial Puzzle":57,"Anvil of the Gods":0,"Gambling Chip":24,"Molten Egg 2":60,"Necronomicon":57,"HandDrill":80,"Runic Pyramid":44}]},"card_choices":[{"not_picked":["sneckomod:UnknownCommonSkill","sneckomod:QuickBite"],"picked":"sneckomod:UnknownWeak","floor":1.0},{"not_picked":["sneckomod:QuickMove","sneckomod:UnknownDraw"],"picked":"sneckomod:Unknown1Cost","floor":2.0},{"not_picked":["sneckomod:Nope","sneckomod:DiceBlock"],"picked":"sneckomod:Memorize","floor":3.0},{"not_picked":["sneckomod:QuickBite","sneckomod:UnknownBlock"],"picked":"sneckomod:UnknownStrike","floor":4.0},{"not_picked":["sneckomod:UnknownStrike","sneckomod:MasterEye"],"picked":"sneckomod:Unknown1Cost","floor":5.0},{"not_picked":["sneckomod:UnlimitedRolls","sneckomod:QuickBite"],"picked":"sneckomod:SnekBeam","floor":7.0},{"not_picked":["sneckomod:UnknownBlock","sneckomod:QuickMove"],"picked":"sneckomod:UnknownVulnerable","floor":11.0},{"not_picked":["sneckomod:UnendingSupply+1","sneckomod:UnknownColorless"],"picked":"sneckomod:Unknown2Cost","floor":12.0},{"not_picked":["sneckomod:PureSnecko","sneckomod:UnknownWeak"],"picked":"sneckomod:DiceCrush","floor":13.0},{"not_picked":["sneckomod:SoulDraw","sneckomod:UnknownWeak","sneckomod:RainOfDice"],"picked":"SKIP","floor":14.0},{"not_picked":["sneckomod:Unknown3Cost","sneckomod:Restock"],"picked":"sneckomod:MorePower+1","floor":16.0},{"not_picked":["sneckomod:Unknown0Cost+1","sneckomod:UnknownUncommonAttack+1"],"picked":"sneckomod:UnknownX+1","floor":18.0},{"not_picked":["sneckomod:IronFang","sneckomod:SoulDraw"],"picked":"sneckomod:UnknownClassDEFAULT_GRAY_COLOR","floor":18.0},{"not_picked":["sneckomod:UnknownX+1","sneckomod:UnknownExhaust+1"],"picked":"sneckomod:UnknownClassGUARDIAN+1","floor":20.0},{"not_picked":["sneckomod:UnknownStrike+1","sneckomod:UnknownClassGUARDIAN+1"],"picked":"sneckomod:SlitherStrike","floor":20.0},{"not_picked":["sneckomod:Unknown0Cost+1","sneckomod:UnknownRareAttack+1"],"picked":"sneckomod:UnknownX+1","floor":27.0},{"not_picked":["sneckomod:UnknownDraw","sneckomod:UnknownVulnerable","sneckomod:UnknownClassGUARDIAN"],"picked":"SKIP","floor":27.0},{"not_picked":["sneckomod:UnknownBlock","sneckomod:UnknownRareAttack+1"],"picked":"sneckomod:SoulRoll+1","floor":29.0},{"not_picked":["sneckomod:UnknownRareAttack+1","sneckomod:UnknownCommonAttack+1"],"picked":"sneckomod:UnknownRareSkill+1","floor":33.0},{"not_picked":["sneckomod:UnknownBoss","sneckomod:Cheat"],"picked":"sneckomod:Mudshield+1","floor":33.0},{"not_picked":["sneckomod:UnknownStrike+1","sneckomod:UnknownClassGUARDIAN+1"],"picked":"sneckomod:CheapStock+1","floor":35.0},{"not_picked":["sneckomod:Unknown0Cost+1","sneckomod:UnknownClassBLUE+1"],"picked":"sneckomod:UnknownDraw+1","floor":36.0},{"not_picked":["sneckomod:UnknownCommonAttack+1","sneckomod:DiceBlock"],"picked":"sneckomod:PureSnecko+1","floor":36.0},{"not_picked":["sneckomod:UnknownVulnerable+1","sneckomod:UnknownRarePower+1"],"picked":"sneckomod:UnknownStrength+1","floor":37.0},{"not_picked":["sneckomod:UnknownCommonAttack+1","sneckomod:UnknownStrike+1","sneckomod:SoulDraw"],"picked":"SKIP","floor":37.0},{"not_picked":["sneckomod:WideSting+1","sneckomod:UnknownCommonSkill+1"],"picked":"sneckomod:TrashToTreasure+1","floor":39.0}],"player_experience":54319,"relics_obtained":[{"floor":9.0,"key":"Frozen Egg 2"},{"floor":11.0,"key":"Gambling Chip"},{"floor":22.0,"key":"Necronomicon"},{"floor":26.0,"key":"Centennial Puzzle"},{"floor":27.0,"key":"Molten Egg 2"},{"floor":36.0,"key":"Torii"}],"event_choices":[{"damage_healed":0.0,"max_hp_gain":0.0,"max_hp_loss":0.0,"gold_gain":0.0,"event_name":"Cursed Tome","player_choice":"Obtained Book","floor":22.0,"gold_loss":0.0,"damage_taken":16.0},{"damage_healed":0.0,"max_hp_gain":0.0,"max_hp_loss":0.0,"gold_gain":0.0,"event_name":"Accursed Blacksmith","player_choice":"Forge","floor":28.0,"gold_loss":0.0,"damage_taken":0.0,"cards_upgraded":["sneckomod:SnekBite"]},{"damage_healed":0.0,"max_hp_gain":0.0,"max_hp_loss":0.0,"gold_gain":0.0,"event_name":"Beggar","player_choice":"Ignored","floor":30.0,"gold_loss":0.0,"damage_taken":0.0},{"damage_healed":0.0,"max_hp_gain":0.0,"max_hp_loss":0.0,"gold_gain":0.0,"event_name":"Mysterious Sphere","player_choice":"Fight","floor":36.0,"gold_loss":0.0,"damage_taken":0.0}],"is_beta":false,"boss_relics":[{"not_picked":["SacredBark","Tiny House"],"picked":"Runic Pyramid"},{"not_picked":["Cursed Key","bronze:MakeshiftBattery"],"picked":"Sozu"}],"items_purged_floors":[],"is_endless":false,"potions_floor_spawned":[3,7,11,12,13,16,29,33,36],"killed_by":"Writhing Mass","ascension_level":0}}