{"host":"178rghtqlvp3zue2","time":1613270188,"event":{"mods":["2.2 Compatiblity","AchievementEnabler","BaseMod","DeckTracker","Minty Spire (QoL Compilation)","Quick Restart","SuperFastMode","The Servant 0.9.4"],"gold_per_floor":[111,111,121,121,121,148,208,208,285,285,317,333,348,368,368,470,470,488,498,203,203,52,85,85,114,114,114,145,145,165,165,165,268,268,281,0,0,0,0,34,45,45,45],"floor_reached":42,"language":"KOR","playtime":1580,"items_purged":[],"score":566,"play_id":"0ddb456a-5d54-4d0f-a62a-dfe837f8caf2","local_time":"20210214113628","is_ascension_mode":true,"campfire_choices":[{"data":"Revamp","floor":10,"key":"SMITH"},{"data":"KidneyShot","floor":15,"key":"SMITH"},{"floor":24,"key":"REST"},{"floor":29,"key":"REST"},{"data":"TheWorld","floor":32,"key":"SMITH"}],"circlet_count":0,"master_deck":["Defend_S","Defend_S","Defend_S","Defend_S+1","KidneyShot+1","Exchange+1","Moondial+1","Starlight","SilverBlades","Revamp+1","BottledTime","Sunlight","Luminosity","SurpressingFire","SurpressingFire+1","Potential+1","Decay","GearUp","TheWorld+1","Bite","Bite","Bite","Bite","Duplication","Alleviate","Finesse","Mayhem","BestPractice+1"],"relics":["Uniform","NeowsBlessing","Singing Bowl","War Paint","KneeBrace","Toy Ornithopter","SlaversCollar","Chemical X","Akabeko","Ancient Tea Set","Blue Candle","Broom","Kunai","Red Mask","Nunchaku"],"acts_visited":["Exordium","TheCity","TheBeyond"],"potions_floor_usage":[16,16,23,23,25,28,42],"damage_taken":[{"damage":0,"enemies":"Jaw Worm","floor":1,"turns":1},{"damage":0,"enemies":"2 Louse","floor":3,"turns":2},{"damage":0,"enemies":"Gremlin Nob","floor":6,"turns":1},{"damage":13,"enemies":"3 Sentries","floor":7,"turns":3},{"damage":8,"enemies":"3 Sentries","floor":11,"turns":6},{"damage":0,"enemies":"Small Slimes","floor":12,"turns":2},{"damage":25,"enemies":"Gremlin Gang","floor":13,"turns":4},{"damage":0,"enemies":"Large Slime","floor":14,"turns":6},{"damage":28,"enemies":"Slime Boss","floor":16,"turns":11},{"damage":16,"enemies":"Shell Parasite","floor":18,"turns":6},{"damage":27,"enemies":"3 Byrds","floor":19,"turns":4},{"damage":30,"enemies":"Slavers","floor":23,"turns":4},{"damage":32,"enemies":"Gremlin Leader","floor":25,"turns":7},{"damage":6,"enemies":"Slavers","floor":28,"turns":2},{"damage":4,"enemies":"Centurion and Healer","floor":30,"turns":9},{"damage":47,"enemies":"Champ","floor":33,"turns":14},{"damage":24,"enemies":"3 Darklings","floor":35,"turns":8},{"damage":55,"enemies":"Reptomancer","floor":40,"turns":7},{"damage":7,"enemies":"3 Shapes","floor":41,"turns":3},{"damage":40,"enemies":"Nemesis","floor":42,"turns":3}],"seed_played":"-7398650898176774176","potions_obtained":[{"floor":3,"key":"PowerPotion"},{"floor":11,"key":"Weak Potion"},{"floor":13,"key":"Block Potion"},{"floor":16,"key":"Fire Potion"},{"floor":18,"key":"LiquidMemories"},{"floor":23,"key":"Fire Potion"},{"floor":33,"key":"Weak Potion"}],"is_trial":false,"path_per_floor":["M","$","M","?","?","E","?","?","T","R","E","M","M","M","R","B",null,"M","M","$","?","$","E","R","E","T","?","E","R","M","?","R","B",null,"M","?","?","$","?","E","M","E"],"character_chosen":"THE_SERVANT","items_purchased":["Chemical X","Blood Vial","Akabeko"],"campfire_rested":2,"item_purchase_floors":[20,20,22],"current_hp_per_floor":[65,65,65,70,70,70,57,57,57,57,51,53,28,30,30,12,76,60,33,33,33,33,15,37,12,12,12,13,35,33,33,33,16,76,62,62,62,62,57,16,9,0,0],"gold":45,"neow_bonus":"THREE_ENEMY_KILL","is_daily":false,"chose_seed":false,"campfire_upgraded":3,"win_rate":0.0,"timestamp":1613270188,"path_taken":["M","$","M","?","?","E","?","?","T","R","E","M","M","M","R","BOSS","M","?","$","?","$","E","R","E","T","?","E","R","M","?","R","BOSS","M","?","?","$","?","E","M","E"],"items_purchased_type":["Relic","Relic","Relic"],"build_version":"2020-12-22","purchased_purges":0,"victory":false,"max_hp_per_floor":[65,65,65,70,70,70,70,70,70,70,72,74,74,76,76,76,76,76,76,76,76,76,76,76,76,76,76,76,76,76,76,76,76,76,76,76,76,76,76,78,78,78,78],"card_choices":[{"not_picked":["Rearm","Sabotage"],"picked":"Moondial","floor":1},{"not_picked":["Rewind","Alleviate"],"picked":"Starlight","floor":3},{"not_picked":["Rearm","Barrier"],"picked":"SilverBlades","floor":6},{"not_picked":["Rearm","RealityMarble"],"picked":"Revamp","floor":7},{"not_picked":["DoubleEdge","Duplication","ShatteredReality"],"picked":"Singing Bowl","floor":11},{"not_picked":["Alleviate","ShatteredReality","Rewind"],"picked":"Singing Bowl","floor":12},{"not_picked":["ShatteredReality","Unruled"],"picked":"BottledTime","floor":13},{"not_picked":["Alleviate","Replace","Snipe"],"picked":"Singing Bowl","floor":14},{"not_picked":["LightFlow","ForgedInTime"],"picked":"Sunlight","floor":16},{"not_picked":["BottledTime","TimeWarp"],"picked":"Luminosity","floor":18},{"not_picked":["TimeWarp","SpecialFormula"],"picked":"SurpressingFire","floor":19},{"not_picked":["Alleviate","DoubleEdge"],"picked":"SurpressingFire+1","floor":23},{"not_picked":["Spin","ShatteredReality"],"picked":"Potential+1","floor":25},{"not_picked":["DualDimension","Barrier"],"picked":"GearUp","floor":28},{"not_picked":["Rearm","Rewind"],"picked":"TheWorld","floor":30},{"not_picked":["LightFlow","Deny"],"picked":"Duplication","floor":33},{"not_picked":["Spin","Replace"],"picked":"Alleviate","floor":35},{"not_picked":["Discovery","PanicButton"],"picked":"Finesse","floor":39},{"not_picked":["Enlightenment","PanicButton"],"picked":"Mayhem","floor":39},{"not_picked":["Starlight+1","BottledTime","Revamp"],"picked":"Singing Bowl","floor":40},{"not_picked":["Spin+1","MoonPhase"],"picked":"BestPractice+1","floor":41}],"player_experience":275118,"relics_obtained":[{"floor":6,"key":"Singing Bowl"},{"floor":7,"key":"War Paint"},{"floor":9,"key":"KneeBrace"},{"floor":11,"key":"Toy Ornithopter"},{"floor":23,"key":"Ancient Tea Set"},{"floor":25,"key":"Blue Candle"},{"floor":26,"key":"Broom"},{"floor":28,"key":"Kunai"},{"floor":40,"key":"Nunchaku"}],"event_choices":[{"damage_healed":0,"gold_gain":0,"player_choice":"Donut","damage_taken":0,"max_hp_gain":5,"max_hp_loss":0,"event_name":"Big Fish","floor":4,"gold_loss":0},{"damage_healed":0,"gold_gain":0,"player_choice":"Grow","damage_taken":0,"max_hp_gain":0,"max_hp_loss":0,"event_name":"Living Wall","floor":5,"gold_loss":0,"cards_upgraded":["Moondial"]},{"damage_healed":0,"gold_gain":0,"player_choice":"Searched \u00271\u0027 times","damage_taken":0,"max_hp_gain":0,"max_hp_loss":0,"event_name":"Dead Adventurer","floor":7,"gold_loss":0},{"cards_removed":["Strike_S"],"damage_healed":0,"gold_gain":0,"player_choice":"Purged","damage_taken":0,"max_hp_gain":0,"max_hp_loss":0,"event_name":"Purifier","floor":8,"gold_loss":0},{"damage_healed":0,"gold_gain":0,"player_choice":"Ignored","damage_taken":0,"max_hp_gain":0,"max_hp_loss":0,"event_name":"Cursed Tome","floor":21,"gold_loss":0},{"damage_healed":0,"gold_gain":0,"player_choice":"Smashed Altar","damage_taken":0,"max_hp_gain":0,"max_hp_loss":0,"event_name":"Forgotten Altar","floor":27,"gold_loss":0,"cards_obtained":["Decay"]},{"damage_healed":0,"gold_gain":0,"player_choice":"Became a vampire (Vial)","damage_taken":0,"max_hp_gain":0,"max_hp_loss":0,"event_name":"Vampires","floor":31,"relics_lost":["Blood Vial"],"gold_loss":0,"cards_obtained":["Bite","Bite","Bite","Bite","Bite"]},{"damage_healed":0,"gold_gain":0,"player_choice":"Paid","damage_taken":0,"relics_obtained":["Red Mask"],"max_hp_gain":0,"max_hp_loss":0,"event_name":"Tomb of Lord Red Mask","floor":36,"gold_loss":281},{"cards_removed":["Bite"],"damage_healed":0,"gold_gain":0,"player_choice":"Removed Attack","damage_taken":0,"max_hp_gain":0,"max_hp_loss":0,"event_name":"Falling","floor":37,"gold_loss":0},{"damage_healed":0,"gold_gain":0,"player_choice":"Memory 2","damage_taken":5,"max_hp_gain":0,"max_hp_loss":0,"event_name":"SensoryStone","floor":39,"gold_loss":0}],"is_beta":false,"boss_relics":[{"not_picked":["Cursed Key","Runic Pyramid"],"picked":"SlaversCollar"},{"not_picked":["MysterySword","Sozu","Fusion Hammer"]}],"items_purged_floors":[],"is_endless":false,"potions_floor_spawned":[3,11,13,16,18,23,33],"killed_by":"Nemesis","ascension_level":1}}