{"host":"8ztb9kwpjc2zof9s","time":1613281219,"event":{"mods":["BaseMod","Block Reminder","Curses Come First","Minty Spire (QoL Compilation)","Relic Stats","StSLib"],"gold_per_floor":[118,170,101,101,20,20,64,64,64,64,104,104,124,149,149,273,273,292,292,308,193,193,193,193,193],"floor_reached":24,"language":"ENG","playtime":1045,"items_purged":["Doubt"],"score":310,"play_id":"676c62a9-ed90-48d3-8365-e79f4b816f40","local_time":"20210213214019","is_ascension_mode":true,"campfire_choices":[{"data":"Noxious Fumes","floor":6,"key":"SMITH"},{"data":"Blur","floor":8,"key":"SMITH"},{"floor":15,"key":"REST"},{"data":"Blade Dance","floor":23,"key":"SMITH"}],"circlet_count":0,"master_deck":["AscendersBane","Strike_G+1","Strike_G","Strike_G","Strike_G","Strike_G+1","Defend_G","Defend_G","Defend_G","Defend_G","Defend_G","Survivor","Neutralize","Corpse Explosion","Accuracy","Accuracy","Noxious Fumes+1","Blur+1","PiercingWail","Dash","Cloak And Dagger+1","Blade Dance+1","Well Laid Plans"],"relics":["Ring of the Snake","Golden Idol","Bag of Marbles","Gremlin Horn","Sundial","Sozu","Nloth\u0027s Gift"],"acts_visited":["Exordium","TheCity"],"potions_floor_usage":[16,16,20],"damage_taken":[{"damage":2,"enemies":"Cultist","floor":1,"turns":5},{"damage":38,"enemies":"Lagavulin","floor":7,"turns":7},{"damage":31,"enemies":"3 Sentries","floor":11,"turns":8},{"damage":0,"enemies":"2 Louse","floor":13,"turns":2},{"damage":0,"enemies":"Jaw Worm","floor":14,"turns":5},{"damage":13,"enemies":"Slime Boss","floor":16,"turns":13},{"damage":17,"enemies":"Shell Parasite","floor":18,"turns":8},{"damage":0,"enemies":"3 Byrds","floor":20,"turns":2},{"damage":62,"enemies":"Centurion and Healer","floor":24,"turns":5}],"seed_played":"-8273788568113110514","potions_obtained":[{"floor":11,"key":"SkillPotion"},{"floor":14,"key":"LiquidMemories"},{"floor":16,"key":"Fire Potion"}],"is_trial":false,"path_per_floor":["M","T","$","?","$","R","E","R","T","?","E","?","M","M","R","B",null,"M","?","M","$","?","R","M"],"character_chosen":"THE_SILENT","items_purchased":["Accuracy","Noxious Fumes","Well Laid Plans"],"campfire_rested":1,"item_purchase_floors":[3,5,21],"current_hp_per_floor":[61,61,61,61,61,61,23,23,23,44,13,13,13,13,32,19,54,37,58,58,58,58,58,0,0],"gold":193,"neow_bonus":"THREE_RARE_CARDS","is_daily":false,"chose_seed":false,"campfire_upgraded":3,"win_rate":0.0,"timestamp":1613281219,"path_taken":["M","?","$","?","$","R","E","R","T","?","E","?","M","?","R","BOSS","M","?","M","$","?","R","M"],"items_purchased_type":["Card","Card","Card"],"build_version":"2020-12-22","purchased_purges":1,"victory":false,"max_hp_per_floor":[70,70,70,65,65,65,65,65,65,65,65,65,65,65,65,65,65,65,65,65,65,65,65,65,65],"relic_stats":{"Sozu":0,"Gremlin Horn":[8,8],"counters":[9,55],"Golden Idol":58,"Sundial":[4],"Nloth\u0027s Gift":0,"obtain_stats":[{"Sozu":17,"Gremlin Horn":9,"Golden Idol":4,"Sundial":11,"Bag of Marbles":7,"Nloth\u0027s Gift":22,"Whetstone":2,"Ring of the Snake":0},{"Sozu":6,"Gremlin Horn":2,"Golden Idol":1,"Sundial":3,"Bag of Marbles":2,"Nloth\u0027s Gift":8,"Whetstone":1,"Ring of the Snake":0},{"Sozu":40,"Gremlin Horn":12,"Golden Idol":5,"Sundial":20,"Bag of Marbles":12,"Nloth\u0027s Gift":50,"Whetstone":5,"Ring of the Snake":0}],"Ring of the Snake":[18]},"card_choices":[{"not_picked":["Glass Knife","Die Die Die"],"picked":"Corpse Explosion","floor":0},{"not_picked":["Prepared","Acrobatics"],"picked":"Accuracy","floor":1},{"not_picked":["Flying Knee","Distraction"],"picked":"Blur","floor":7},{"not_picked":["Tactician","Slice"],"picked":"PiercingWail","floor":11},{"not_picked":["Masterful Stab","Cloak And Dagger"],"picked":"Dash","floor":13},{"not_picked":["Flying Knee","Prepared","Night Terror"],"picked":"SKIP","floor":14},{"not_picked":["Flying Knee","Catalyst"],"picked":"Cloak And Dagger+1","floor":18},{"not_picked":["Well Laid Plans","Accuracy"],"picked":"Blade Dance","floor":20}],"player_experience":331372,"relics_obtained":[{"floor":2,"key":"Whetstone"},{"floor":7,"key":"Bag of Marbles"},{"floor":9,"key":"Gremlin Horn"},{"floor":11,"key":"Sundial"}],"event_choices":[{"damage_healed":0,"gold_gain":0,"player_choice":"Lose Max HP","damage_taken":0,"relics_obtained":["Golden Idol"],"max_hp_gain":0,"max_hp_loss":5,"event_name":"Golden Idol","floor":4,"gold_loss":0},{"damage_healed":21,"gold_gain":0,"player_choice":"Banana","damage_taken":0,"max_hp_gain":0,"max_hp_loss":0,"event_name":"Big Fish","floor":10,"gold_loss":0},{"damage_healed":0,"gold_gain":0,"cards_transformed":["Injury"],"player_choice":"Transformed","damage_taken":0,"max_hp_gain":0,"max_hp_loss":0,"event_name":"Transmorgrifier","floor":12,"gold_loss":0,"cards_obtained":["Doubt"]},{"damage_healed":21,"gold_gain":0,"player_choice":"Heal","damage_taken":0,"max_hp_gain":0,"max_hp_loss":0,"event_name":"The Library","floor":19,"gold_loss":0},{"damage_healed":0,"gold_gain":0,"player_choice":"Traded Relic","damage_taken":0,"relics_obtained":["Nloth\u0027s Gift"],"max_hp_gain":0,"max_hp_loss":0,"event_name":"N\u0027loth","floor":22,"relics_lost":["Whetstone"],"gold_loss":0}],"is_beta":false,"boss_relics":[{"not_picked":["Ring of the Serpent","Astrolabe"],"picked":"Sozu"}],"items_purged_floors":[21],"is_endless":false,"potions_floor_spawned":[11,14,16],"killed_by":"Centurion and Healer","ascension_level":11}}