{"host":"1n4zh8skucxnzijq","time":1613323237,"event":{"mods":["BaseMod","Minty Spire (QoL Compilation)","Quick Restart"],"gold_per_floor":[111,36,52,202,2,50,84,119,166,166,202,226,291,307,307,307,307],"floor_reached":16,"language":"ENG","playtime":457,"items_purged":[],"score":278,"play_id":"acb3c463-64f6-4b46-a06c-8e69bbd6a0c5","local_time":"20210214172037","is_ascension_mode":true,"campfire_choices":[{"data":"Blade Dance","floor":15.0,"key":"SMITH"}],"circlet_count":0,"master_deck":["AscendersBane","Strike_G","Strike_G","Strike_G","Strike_G","Strike_G","Defend_G","Defend_G","Defend_G","Defend_G","Survivor","Neutralize","Dagger Spray","Backflip","Doubt","HandOfGreed","Finisher","Footwork","PiercingWail","Blade Dance+1","Leg Sweep","Dash"],"relics":["Ring of the Snake","NeowsBlessing","Shuriken","MealTicket","Golden Idol","Toy Ornithopter"],"acts_visited":["Exordium"],"potions_floor_usage":[16],"damage_taken":[{"damage":0.0,"enemies":"Small Slimes","floor":1.0,"turns":1.0},{"damage":0.0,"enemies":"2 Louse","floor":3.0,"turns":1.0},{"damage":0.0,"enemies":"3 Sentries","floor":6.0,"turns":2.0},{"damage":0.0,"enemies":"Jaw Worm","floor":7.0,"turns":5.0},{"damage":6.0,"enemies":"2 Fungi Beasts","floor":8.0,"turns":4.0},{"damage":25.0,"enemies":"Lagavulin","floor":11.0,"turns":10.0},{"damage":0.0,"enemies":"Blue Slaver","floor":12.0,"turns":6.0},{"damage":1.0,"enemies":"3 Louse","floor":13.0,"turns":6.0},{"damage":0.0,"enemies":"Looter","floor":14.0,"turns":3.0},{"damage":28,"enemies":"Slime Boss","floor":16,"turns":3}],"seed_played":"8042680663944677185","potions_obtained":[{"floor":6.0,"key":"DistilledChaos"},{"floor":8.0,"key":"Block Potion"},{"floor":11.0,"key":"CultistPotion"}],"is_trial":false,"path_per_floor":["M","?","M","?","$","E","M","M","T","?","E","M","M","M","R","B"],"character_chosen":"THE_SILENT","items_purchased":["HandOfGreed"],"campfire_rested":0,"item_purchase_floors":[5],"current_hp_per_floor":[59,59,59,59,59,59,59,53,53,30,5,10,9,9,9,0,0],"gold":307,"neow_bonus":"THREE_ENEMY_KILL","is_daily":false,"chose_seed":false,"campfire_upgraded":1,"win_rate":0.0,"timestamp":1613323237,"path_taken":["M","?","M","?","?","E","M","M","T","?","E","M","M","M","R","BOSS"],"items_purchased_type":["Card"],"build_version":"2020-12-22","purchased_purges":0,"victory":false,"max_hp_per_floor":[66,66,66,66,66,66,66,66,66,66,66,66,66,66,66,66,66],"card_choices":[{"not_picked":["Sucker Punch","Dagger Throw"],"picked":"Dagger Spray","floor":1.0},{"not_picked":["Dodge and Roll","PiercingWail"],"picked":"Backflip","floor":3.0},{"not_picked":["Dodge and Roll","Infinite Blades"],"picked":"Finisher","floor":6.0},{"not_picked":["Dagger Spray","Quick Slash"],"picked":"Footwork","floor":7.0},{"not_picked":["Reflex","Caltrops"],"picked":"PiercingWail","floor":8.0},{"not_picked":["Corpse Explosion","Prepared"],"picked":"Blade Dance","floor":11.0},{"not_picked":["Outmaneuver","Setup","Endless Agony"],"picked":"SKIP","floor":12.0},{"not_picked":["Dagger Spray","Backflip"],"picked":"Leg Sweep","floor":13.0},{"not_picked":["Quick Slash","Deadly Poison"],"picked":"Dash","floor":14.0}],"player_experience":1049411,"relics_obtained":[{"floor":6.0,"key":"Shuriken"},{"floor":9.0,"key":"MealTicket"},{"floor":11.0,"key":"Toy Ornithopter"}],"event_choices":[{"cards_removed":["Defend_G"],"damage_healed":0.0,"max_hp_gain":0.0,"max_hp_loss":0.0,"gold_gain":0.0,"event_name":"The Cleric","player_choice":"Card Removal","floor":2.0,"gold_loss":75.0,"damage_taken":0.0},{"damage_healed":0.0,"max_hp_gain":0.0,"max_hp_loss":0.0,"gold_gain":150.0,"event_name":"Liars Game","player_choice":"AGREE","floor":4.0,"gold_loss":0.0,"damage_taken":0.0,"cards_obtained":["Doubt"]},{"damage_healed":0.0,"max_hp_gain":0.0,"max_hp_loss":0.0,"gold_gain":0.0,"event_name":"Golden Idol","player_choice":"Take Damage","floor":10.0,"gold_loss":0.0,"damage_taken":23.0,"relics_obtained":["Golden Idol"]}],"is_beta":false,"boss_relics":[],"items_purged_floors":[],"is_endless":false,"potions_floor_spawned":[6,8,11],"killed_by":"Slime Boss","ascension_level":20}}