{"host":"w8xisjf5mgmfjvmt","time":1613276856,"event":{"mods":["ATMod(°¢èªMod)","BaseMod","BetterRewards","Challenge The Spire","Conspire","Energized Spire","Filter the Spire","Minty Spire (QoL Compilation)","Quarter Circle Forward PUNCH!","Quick Restart","Relic Filter Mod","Relic Stats","Reliquary","Replay The Spire","Say the Spire","Shop Mod","Spicy Shops","StSLib","Thieving Mod","¡¾ÒÅÎï¿¨ÅÆ¡¿REMEMod","óô»ðÖ¸ÄÏ"],"gold_per_floor":[112,122,1,21,21,21,21,50,50,60,87,87,115,115,115,192,192,209,209,129,159,84,114,114,114,114,171,6,22,36,70,70,143,143,163,163,212,228,246,246,277,290,290,322,335,366,381,331,331,331,331,331,231,16,49,49],"floor_reached":57,"language":"ZHS","playtime":2650,"items_purged":["Regret","Strike_R","Strike_R","Strike_R","Strike_R"],"score":3532,"play_id":"aa156ef7-28da-4c21-b59e-2ea5ee8e772b","local_time":"20210214122736","is_ascension_mode":true,"campfire_choices":[{"data":"AT_FamilyPortrait","floor":6.0,"key":"SMITH"},{"data":"Flex","floor":15.0,"key":"SMITH"},{"data":"Burning Pact","floor":24.0,"key":"SMITH"},{"data":"Limit Break","floor":40.0,"key":"SMITH"},{"floor":49.0,"key":"RECALL"}],"circlet_count":0,"master_deck":["AscendersBane","Strike_R+1","Defend_R+1","Defend_R","Defend_R","Defend_R","Bash","REME_BattleFury","AT_FamilyPortrait+1","Offering+1","ReplayTheSpireMod:Stacked","Burning Pact+1","Flex+1","Limit Break+1","Pummel+1","AT_GerminateFire+1","Armaments+1","Exhume+1","Havoc+1","REME_Scribble+1","Shrug It Off+1","Second Wind+1","Demon Form","Seeing Red+1","Burning Pact+1"],"relics":["Burning Blood","REME_ComplimentaryCards","AT_ATBox","Replay:Baseball","reliquary:HotPoker","Toxic Egg 2","REME_HourglassOfDeath","Art of War","Pear","Ring of Chaos","Replay:Rubber Ducky","Self Forming Clay","AT_ForceNature","Garlic","Molten Egg 2","ClockworkSouvenir","Boot","Coffee Dripper","Smiling Mask","reliquary:BoilingFlask","Bag of Marbles","Charon\u0027s Ashes","Dead Branch","Iron Hammer"],"acts_visited":["Exordium","TheCity","TheBeyond","TheEnding"],"potions_floor_usage":[56,56,56],"damage_taken":[{"damage":6.0,"enemies":"2 Louse","floor":1.0,"turns":2.0},{"damage":6.0,"enemies":"Small Slimes","floor":2.0,"turns":2.0},{"damage":6.0,"enemies":"Cultist","floor":4.0,"turns":1.0},{"damage":19.0,"enemies":"Gremlin Nob","floor":8.0,"turns":3.0},{"damage":1.0,"enemies":"Large Slime","floor":10.0,"turns":3.0},{"damage":22.0,"enemies":"Lagavulin","floor":11.0,"turns":7.0},{"damage":8.0,"enemies":"Gremlin Nob","floor":13.0,"turns":3.0},{"damage":20.0,"enemies":"Hexaghost","floor":16.0,"turns":4.0},{"damage":23.0,"enemies":"2 Thieves","floor":18.0,"turns":2.0},{"damage":22.0,"enemies":"conspire:MimicChest","floor":21.0,"turns":2.0},{"damage":27.0,"enemies":"Replay:Snechameleon","floor":23.0,"turns":6.0},{"damage":9.0,"enemies":"REME_1_Revenger","floor":27.0,"turns":4.0},{"damage":4.0,"enemies":"Chosen","floor":29.0,"turns":4.0},{"damage":4.0,"enemies":"3 Cultists","floor":30.0,"turns":3.0},{"damage":7.0,"enemies":"conspire:SneckoGhost","floor":31.0,"turns":5.0},{"damage":36.0,"enemies":"Collector","floor":33.0,"turns":9.0},{"damage":9.0,"enemies":"Orb Walker","floor":35.0,"turns":3.0},{"damage":0.0,"enemies":"3 Shapes","floor":38.0,"turns":4.0},{"damage":23.0,"enemies":"Spire Growth","floor":39.0,"turns":3.0},{"damage":18.0,"enemies":"R_Hoarder","floor":41.0,"turns":7.0},{"damage":10.0,"enemies":"Jaw Worm Horde","floor":42.0,"turns":3.0},{"damage":7.0,"enemies":"Giant Head","floor":44.0,"turns":4.0},{"damage":4.0,"enemies":"Writhing Mass","floor":45.0,"turns":4.0},{"damage":3.0,"enemies":"R_Hoarder","floor":46.0,"turns":2.0},{"damage":4.0,"enemies":"4 Shapes","floor":47.0,"turns":2.0},{"damage":7.0,"enemies":"Awakened One","floor":50.0,"turns":5.0},{"damage":7.0,"enemies":"conspire:OrnateMirror","floor":51.0,"turns":6.0},{"damage":9,"enemies":"Shield and Spear","floor":55,"turns":3},{"damage":91,"enemies":"The Heart","floor":56,"turns":8}],"seed_played":"5359182519822400163","potions_obtained":[{"floor":2.0,"key":"Ancient Potion"},{"floor":8.0,"key":"SpeedPotion"},{"floor":13.0,"key":"Adrenaline Potion"},{"floor":18.0,"key":"BloodPotion"},{"floor":21.0,"key":"SkillPotion"},{"floor":30.0,"key":"SteroidPotion"},{"floor":33.0,"key":"ColorlessPotion"},{"floor":44.0,"key":"Elixir"}],"is_trial":false,"path_per_floor":["M","M","$","M","?","R","?","E","T","M","E","?","E","T","R","B",null,"M","?","?","?","$","E","R","T","T","E","R","M","M","E","R","B",null,"M","?","T","M","M","R","E","M","T","E","M","E","M","$","R","B","B",null,"R","$","E","B",null],"character_chosen":"IRONCLAD","items_purchased":["Replay:Baseball","Flex","ClockworkSouvenir","Dead Branch"],"campfire_rested":0,"item_purchase_floors":[3,3,28,54],"current_hp_per_floor":[68,68,68,68,48,48,48,35,35,40,24,20,18,28,28,14,62,47,47,47,31,31,26,26,26,26,23,23,28,33,35,61,34,78,78,78,78,90,76,76,72,74,74,76,81,84,89,89,89,91,93,115,115,115,115,33],"gold":49,"neow_bonus":"RANDOM_COLORLESS_2","is_daily":false,"chose_seed":false,"campfire_upgraded":4,"win_rate":0.0,"timestamp":1613276856,"path_taken":["M","M","$","M","?","R","?","E","T","?","E","?","E","?","R","BOSS","M","?","?","?","$","E","R","?","T","E","R","M","M","E","R","BOSS","M","?","?","?","M","R","E","M","T","E","M","E","M","$","R","BOSS","BOSS","R","$","E","BOSS"],"items_purchased_type":["Relic","Card","Relic","Relic"],"build_version":"2020-12-22","purchased_purges":5,"victory":true,"max_hp_per_floor":[68,68,68,68,68,68,68,68,68,68,68,68,68,78,78,78,78,80,80,80,80,80,80,80,80,80,80,80,83,86,89,89,92,92,95,90,90,90,93,93,101,107,107,110,113,113,116,116,116,119,122,122,122,122,125,128],"relic_stats":{"counters":[29,114],"Self Forming Clay":[147],"Dead Branch":[53],"Charon\u0027s Ashes":[494],"Art of War":[28],"Boot":[3],"Smiling Mask":350,"obtain_stats":[{"AT_ForceNature":25,"AT_ATBox":0,"Pear":14,"Self Forming Clay":23,"reliquary:BoilingFlask":41,"Dead Branch":54,"Ring of Chaos":17,"Charon\u0027s Ashes":46,"Boot":31,"Smiling Mask":37,"Burning Blood":0,"Replay:Rubber Ducky":21,"ClockworkSouvenir":28,"Replay:Baseball":3,"reliquary:HotPoker":8,"REME_HourglassOfDeath":11,"Molten Egg 2":27,"Iron Hammer":55,"Art of War":13,"Garlic":26,"Coffee Dripper":34,"Bag of Marbles":44,"Toxic Egg 2":9,"REME_ComplimentaryCards":0},{"AT_ForceNature":11,"AT_ATBox":0,"Pear":7,"Self Forming Clay":11,"reliquary:BoilingFlask":20,"Dead Branch":27,"Ring of Chaos":8,"Charon\u0027s Ashes":24,"Boot":15,"Smiling Mask":17,"Burning Blood":0,"Replay:Rubber Ducky":10,"ClockworkSouvenir":12,"Replay:Baseball":2,"reliquary:HotPoker":4,"REME_HourglassOfDeath":6,"Molten Egg 2":12,"Iron Hammer":28,"Art of War":7,"Garlic":11,"Coffee Dripper":16,"Bag of Marbles":22,"Toxic Egg 2":4,"REME_ComplimentaryCards":0},{"AT_ForceNature":35,"AT_ATBox":0,"Pear":21,"Self Forming Clay":35,"reliquary:BoilingFlask":77,"Dead Branch":103,"Ring of Chaos":25,"Charon\u0027s Ashes":90,"Boot":51,"Smiling Mask":63,"Burning Blood":0,"Replay:Rubber Ducky":29,"ClockworkSouvenir":39,"Replay:Baseball":4,"reliquary:HotPoker":8,"REME_HourglassOfDeath":18,"Molten Egg 2":39,"Iron Hammer":106,"Art of War":21,"Garlic":35,"Coffee Dripper":60,"Bag of Marbles":84,"Toxic Egg 2":8,"REME_ComplimentaryCards":0}],"Burning Blood":168},"card_choices":[{"not_picked":["Thinking Ahead","REME_AllRoundStrike"],"picked":"REME_BattleFury","floor":0.0},{"not_picked":["Run Through","Defy Death"],"picked":"ReplayTheSpireMod:Stacked","floor":1.0},{"not_picked":["Twin Strike","Sword Boomerang"],"picked":"Burning Pact","floor":2.0},{"not_picked":["ReplayTheSpireMod:LeadingStrike","Wild Strike","Headbutt"],"picked":"SKIP","floor":4.0},{"not_picked":["ReplayTheSpireMod:LeadingStrike","Wild Strike","Headbutt"],"picked":"SKIP","floor":4.0},{"not_picked":["Demon Form","Rampage"],"picked":"Pummel","floor":8.0},{"not_picked":["Thunderclap","Bloodletting+1"],"picked":"AT_GerminateFire+1","floor":10.0},{"not_picked":["Heavy Blade","AT_IchimonjiDouble","Perfected Strike"],"picked":"SKIP","floor":11.0},{"not_picked":["Dropkick","Uppercut"],"picked":"Armaments+1","floor":13.0},{"not_picked":["Berserk","Demon Form"],"picked":"Exhume+1","floor":16.0},{"not_picked":["AT_ShrugMaster","Iron Wave","Flex+1"],"picked":"SKIP","floor":18.0},{"not_picked":["Run Through","Wild Strike"],"picked":"Havoc+1","floor":21.0},{"not_picked":["Combust","Dropkick","Twin Strike"],"picked":"SKIP","floor":23.0},{"not_picked":["Pommel Strike+1","Dual Wield+1"],"picked":"REME_Scribble+1","floor":27.0},{"not_picked":["Sword Boomerang+1","Dark Embrace"],"picked":"Shrug It Off+1","floor":29.0},{"not_picked":["Havoc+1","True Grit+1"],"picked":"Second Wind+1","floor":30.0},{"not_picked":["Rampage+1","Blood for Blood+1","Heavy Blade+1"],"picked":"SKIP","floor":31.0},{"not_picked":["Demonic Infusion+1","conspire:Purge+1"],"picked":"Demon Form","floor":33.0},{"not_picked":["Armaments+1","Metallicize","Pommel Strike+1"],"picked":"SKIP","floor":35.0},{"not_picked":["Cleave+1","Anger+1","AT_BodySlamDance+1"],"picked":"SKIP","floor":38.0},{"not_picked":["Pommel Strike+1","Flame Barrier+1","Run Through+1"],"picked":"SKIP","floor":39.0},{"not_picked":["Pommel Strike+1","Flame Barrier+1","Run Through+1"],"picked":"SKIP","floor":39.0},{"not_picked":["Twin Strike+1","Infernal Blade+1"],"picked":"Seeing Red+1","floor":41.0},{"not_picked":["Headbutt+1","Armaments+1","Warcry+1"],"picked":"SKIP","floor":42.0},{"not_picked":["Wild Strike+1","AT_DrawKnifeCut+1"],"picked":"Burning Pact+1","floor":44.0},{"not_picked":["Anger+1","Iron Wave+1","Pommel Strike+1"],"picked":"SKIP","floor":45.0},{"not_picked":["Feed+1","True Grit+1","Second Wind+1"],"picked":"SKIP","floor":46.0},{"not_picked":["ReplayTheSpireMod:Muscle Training+1","Wild Strike+1","Thunderclap+1"],"picked":"SKIP","floor":47.0},{"not_picked":["Rampage+1","Reckless Charge+1","Thunderclap+1"],"picked":"SKIP","floor":55}],"player_experience":1365052,"relics_obtained":[{"floor":8.0,"key":"reliquary:HotPoker"},{"floor":9.0,"key":"Toxic Egg 2"},{"floor":11.0,"key":"REME_HourglassOfDeath"},{"floor":13.0,"key":"Art of War"},{"floor":14.0,"key":"Pear"},{"floor":21.0,"key":"Replay:Rubber Ducky"},{"floor":23.0,"key":"Self Forming Clay"},{"floor":25.0,"key":"AT_ForceNature"},{"floor":26.0,"key":"Garlic"},{"floor":27.0,"key":"Molten Egg 2"},{"floor":31.0,"key":"Boot"},{"floor":37.0,"key":"Smiling Mask"},{"floor":41.0,"key":"reliquary:BoilingFlask"},{"floor":44.0,"key":"Bag of Marbles"},{"floor":46.0,"key":"Charon\u0027s Ashes"},{"floor":55,"key":"Iron Hammer"}],"event_choices":[{"damage_healed":0.0,"max_hp_gain":0.0,"max_hp_loss":0.0,"gold_gain":0.0,"event_name":"Shining Light","player_choice":"Entered Light","floor":5.0,"gold_loss":0.0,"damage_taken":20.0,"cards_upgraded":["Defend_R","Offering"]},{"damage_healed":0.0,"max_hp_gain":0.0,"max_hp_loss":0.0,"gold_gain":0.0,"event_name":"Match and Keep!","player_choice":"1 cards matched","floor":7.0,"gold_loss":0.0,"damage_taken":0.0,"cards_obtained":["Limit Break"]},{"damage_healed":0.0,"max_hp_gain":0.0,"max_hp_loss":0.0,"gold_gain":0.0,"event_name":"conspire:Investor","player_choice":"Leave","floor":12.0,"gold_loss":0.0,"damage_taken":0.0},{"damage_healed":0.0,"max_hp_gain":0.0,"max_hp_loss":5.0,"gold_gain":0.0,"event_name":"Winding Halls","player_choice":"Max HP","floor":36.0,"gold_loss":0.0,"damage_taken":0.0}],"is_beta":false,"boss_relics":[{"not_picked":["Velvet Choker","Replay:Ancient Bell"],"picked":"Ring of Chaos"},{"not_picked":["Runic Dome","Replay:Drink Me"],"picked":"Coffee Dripper"}],"items_purged_floors":[22,48,53,53,54],"is_endless":false,"potions_floor_spawned":[2,8,13,18,21,30,33,35,41,42,44,47,55],"ascension_level":20}}