{"host":"kv06jx36eid0zw4n","time":1613268529,"event":{"mods":["AchievementEnabler","Act Like it!","Aspiration","BaseMod","Beaked The Cultist","Better Note","Better Skull","Better Third Choice","BetterRewards","Block Reminder","CCEM2","Colored Map","Conspire","Curses Come First","Dota2Spire","Elementarium","Energized Spire","Friendly Minions","Gensokyo","GifTheSpireLib","Glutton Mod","GungeonMod","Halation","Hallownest","Hermit","Hubris","Infinite Spire","Key Reminder","KomeijiMod","Lobotomy","LobotomyExtend","Menagerie","Mimic Mod","Minty Spire (QoL Compilation)","MostiFishMod","Pale of the Ancients","Quarter Circle Forward PUNCH!","Rare Cards Sparkle","Replay The Spire","RumiaBox-????????","Small Relic Pack","Spicy Shops","StSLib","Stuff the Spire","The Blue Laboratory","The Cursed","Trackpad","Uncapped","Wandering Minibosses","[IsaacMod]????"],"gold_per_floor":[113,213,65,65,83,30,360,360,430,440,670,670,690,719,719,795,795,815,826,826,842,842,842,1142,1171,1197,1227,1240,1240,1240,1240,1240,1319,1319,1338,1355,492,369,382,410,435,435,469,500,500,534,534,551,551,563,580,600,615,615,615,625,625,625,625,625],"floor_reached":61,"language":"ENG","playtime":4432,"items_purged":[],"score":1950,"play_id":"6704680c-95d6-44b7-8e94-7a5edfdb483f","local_time":"20210214030849","is_ascension_mode":true,"campfire_choices":[{"floor":8.0,"key":"RECALL"},{"data":"ReplayTheSpireMod:Fabricate Wheel","floor":12.0,"key":"SMITH"},{"data":"Storm","floor":15.0,"key":"SMITH"},{"data":"MostiFishMod:LinkProtocol","floor":23.0,"key":"SMITH"},{"data":"Storm","floor":29.0,"key":"SMITH"},{"data":"ReplayTheSpireMod:GoodbyeWorld","floor":30.0,"key":"SMITH"},{"data":"ReplayTheSpireMod:Dual Polarity","floor":32.0,"key":"SMITH"},{"data":"Storm","floor":42.0,"key":"SMITH"},{"data":"FIFO Queue","floor":45.0,"key":"SMITH"},{"data":"ReplayTheSpireMod:Fabricate Wheel","floor":49.0,"key":"SMITH"},{"data":"Storm","floor":55,"key":"SMITH"},{"data":"Biased Cognition","floor":57,"key":"SMITH"}],"circlet_count":0,"master_deck":["AscendersBane","Defend_B","Defend_B","Defend_B","Defend_B","Zap","DoctorFetus","Stack","Chill","Storm+1","White Noise","MostiFishMod:InterfaceCompatibility","ReplayTheSpireMod:Dual Polarity+1","Heavy Blade","Go for the Eyes","Loop","ElectricPowerLearning","Electrodynamics","StuffTheSpire:Synthwave","Conserve Battery","Core Surge","MostiFishMod:LinkProtocol+1","infinitespire:Collect","StuffTheSpire:Plugnplay","Hologram","Coolheaded","Loop","Poisoned Strike","Pulse","Gash","Chaos+1","Storm+1","ReplayTheSpireMod:GoodbyeWorld+1","Echo Form","Storm+1","Ball Lightning","StuffTheSpire:Plugnplay","Fusion","Gensokyo:ScrapIron","Gensokyo:RustyChest","Gensokyo:BlemishedSteel","Gensokyo:ManorOfTheDishes","Conserve Battery+1","MostiFishMod:GatherIntelligence","Loop","Static Discharge","MostiFishMod:StarOceanB","Hologram+1","FIFO Queue+1","theextravagant:Urgency","Dual Wield","DemoMod:BulletBore","theextravagant:Radiance","Armaments","Hologram","Cold Snap","Creative AI","MostiFishMod:Prepare","BootSequence","hubris:PowerSurge","Electrodynamics","Steam+1","Defragment","Capacitor","Storm+1","Pot Of Greed","Pot Of Greed","Pot Of Greed","Pot Of Greed","Pot Of Greed","Pot Of Greed","Biased Cognition+1","MostiFishMod:LinkProtocol+1"],"relics":["Cracked Core","DaveBox","HushsDoor","BirthdayGift-Tetrahedron","SteamSale","aspiration:Nostalgia","m_ByrdBlood","SynthV:TestCard","LetterFromLob","BFFS","EdensBlessing","Toy Ornithopter","Darkstone Periapt","Prayer Wheel","energizedSpire:OgreHead","TheBattery","hubris:NiceRug","Replay:Baseball","hubris:SoftwareUpdate","qcfpunch:Broken_Tusk","Magic Flower","StuffTheSpire:BottledEssence","WingedGreaves","Bag of Preparation","DemoMod:PartiallyEatenCheese","halation:PinkSoulGem","StuffTheSpire:Kangaroo","CCEMRelics:WrappedPresent","trackpad:WindUpAutoDealer","halation:Jellyphish","Raider\u0027s Mask","GoodDreamPillow","trackpad:Mousetrap","CCEMRelics:FiftyFTOfRope","Dota2Spire:Butterfly","DemoMod:Metronome","ArrowTower","relicPack:DSword","paleoftheancients:Timepiece","paleoftheancients:KeyRelic","Gremlin Horn","CultistMask","Prayer Wheel","paleoftheancients:SoulOfTheWatcher","paleoftheancients:BlurryLens","StuffTheSpire:MayFlowers","DeadEye"],"acts_visited":["Gensokyo:Gensokyo","Hallownest:CityofTears","Gensokyo:Gensokyoest","paleoftheancients:PaleOfTheAncients"],"potions_floor_usage":[50,52,60],"damage_taken":[{"damage":2.0,"enemies":"Gensokyo:Python","floor":1.0,"turns":2.0},{"damage":4.0,"enemies":"Gensokyo:3_Fairies","floor":5.0,"turns":3.0},{"damage":9.0,"enemies":"Gensokyo:Cirno","floor":7.0,"turns":5.0},{"damage":1.0,"enemies":"Gensokyo:2_Kodama","floor":10.0,"turns":1.0},{"damage":6.0,"enemies":"Gensokyo:Mamizou","floor":11.0,"turns":4.0},{"damage":12.0,"enemies":"Gensokyo:Kitsune","floor":13.0,"turns":2.0},{"damage":5.0,"enemies":"Gensokyo:Aya","floor":14.0,"turns":3.0},{"damage":13.0,"enemies":"Gensokyo:Kokoro","floor":16.0,"turns":5.0},{"damage":26.0,"enemies":"Hallownest:2_Mistakes","floor":18.0,"turns":3.0},{"damage":3.0,"enemies":"Hallownest:3_Youths","floor":19.0,"turns":2.0},{"damage":4.0,"enemies":"Hallownest:3_Mistakes","floor":21.0,"turns":3.0},{"damage":10.0,"enemies":"hubris:Merchant","floor":24.0,"turns":4.0},{"damage":4.0,"enemies":"Hallownest:Nosk","floor":25.0,"turns":3.0},{"damage":4.0,"enemies":"Hallownest:eliteSoulWarrior","floor":27.0,"turns":3.0},{"damage":2.0,"enemies":"Hallownest:Warrior_and_Youth","floor":28.0,"turns":2.0},{"damage":7.0,"enemies":"Hallownest:BossSoulMaster","floor":33.0,"turns":4.0},{"damage":0.0,"enemies":"Gensokyo:3_Bats","floor":35.0,"turns":1.0},{"damage":0.0,"enemies":"Gensokyo:AncientGuardian","floor":36.0,"turns":1.0},{"damage":17.0,"enemies":"Gensokyo:4_Bats","floor":39.0,"turns":2.0},{"damage":3.0,"enemies":"Gensokyo:Doremy","floor":40.0,"turns":2.0},{"damage":0.0,"enemies":"Gensokyo:Marisa","floor":41.0,"turns":1.0},{"damage":3.0,"enemies":"Gensokyo:3_Boulders","floor":43.0,"turns":2.0},{"damage":3.0,"enemies":"Nightmare","floor":44.0,"turns":2.0},{"damage":5.0,"enemies":"Gensokyo:Marisa","floor":46.0,"turns":2.0},{"damage":0.0,"enemies":"Gensokyo:3_Boulders","floor":48.0,"turns":1.0},{"damage":29,"enemies":"Gensokyo:Scarlet_Devils","floor":50,"turns":7},{"damage":3,"enemies":"Gensokyo:Scarlet_Devils","floor":51,"turns":2},{"damage":5,"enemies":"Gensokyo:Scarlet_Devils","floor":52,"turns":3},{"damage":0,"enemies":"paleoftheancients:BASlime3","floor":53,"turns":1},{"damage":0,"enemies":"paleoftheancients:BASlime3","floor":56,"turns":2},{"damage":96,"enemies":"Delirium","floor":60,"turns":2}],"seed_played":"110748303488486460","potions_obtained":[{"floor":11.0,"key":"blueLaboratory:LouseDecoction"},{"floor":14.0,"key":"Elixir"},{"floor":19.0,"key":"Ancient Potion"},{"floor":24.0,"key":"blueLaboratory:HorrorPotion"},{"floor":24.0,"key":"SkillPotion"},{"floor":24.0,"key":"blueLaboratory:PolymorphPotion"},{"floor":27.0,"key":"blueLaboratory:PlasmaFuel"},{"floor":40.0,"key":"Toxic Potion"},{"floor":41.0,"key":"Milkshake"},{"floor":48.0,"key":"blueLaboratory:PlasmaFuel"},{"floor":51,"key":"Dexterity Potion"}],"is_trial":false,"path_per_floor":["M","?","COS","?","M","$","E","R","T","M","E","R","M","E","R","B",null,"M","M","AVR","M","?","R","$","E","T","E","M","R","R","?","R","B",null,"M","M","COS","?","M","E","E","R","MIM","NM","R","E","?","M","R","B","M","M","M","T","R","M","R","T","?","B",null],"character_chosen":"DEFECT","items_purchased":["White Noise","BFFS"],"campfire_rested":0,"item_purchase_floors":[6,6],"current_hp_per_floor":[71,71,71,71,71,71,71,71,71,71,71,71,70,71,71,71,71,62,71,71,71,71,71,71,71,71,71,71,71,71,71,71,71,71,71,71,76,76,76,83,83,83,83,83,83,83,48,65,65,83,83,83,83,83,83,83,83,83,83,83],"gold":625,"neow_bonus":"NOSTALGIA","is_daily":false,"chose_seed":false,"campfire_upgraded":11,"win_rate":0.0,"timestamp":1613268529,"path_taken":["M","?","COS","?","M","$","E","R","T","?","E","R","M","E","R","BOSS","M","M","AVR","M","?","R","$","E","T","E","M","R","R","?","R","BOSS","M","?","COS","?","?","E","E","R","MIM","NM","R","E","?","M","R","BOSS","M","M","?","T","R","M","R","T","?","BOSS"],"items_purchased_type":["Card","Relic"],"build_version":"2020-12-22","purchased_purges":0,"victory":true,"max_hp_per_floor":[71,71,71,71,71,71,71,71,71,71,71,71,71,71,71,71,71,71,71,71,71,71,71,71,71,71,71,71,71,71,71,71,71,71,71,71,76,76,76,83,83,83,83,83,83,83,83,83,83,83,83,83,83,83,83,83,83,83,83,83],"card_choices":[{"not_picked":[],"picked":"DoctorFetus","floor":0.0},{"not_picked":["Leap","BasicCrystalCard"],"picked":"Stack","floor":1.0},{"not_picked":["Streamline","MostiFishMod:LinkProtocol","Redo","Coolheaded"],"picked":"Chill","floor":2.0},{"not_picked":["BootSequence","StuffTheSpire:Synthwave","beaked:WarriorEssence","Massacre"],"picked":"Storm","floor":5.0},{"not_picked":["Rainbow","MostiFishMod:StarOceanB","Demon Form","Thunder Strike"],"picked":"MostiFishMod:InterfaceCompatibility","floor":7.0},{"not_picked":["Loop","Sweeping Beam","Distribution","aspiration:Polymerization"],"picked":"ReplayTheSpireMod:Dual Polarity","floor":7.0},{"not_picked":["beaked:FeelMyPain","Rip and Tear","Blizzard","Rebound"],"picked":"Heavy Blade","floor":10.0},{"not_picked":["Sunder","MostiFishMod:FluxCapactior","Rebound","Sweeping Beam"],"picked":"ReplayTheSpireMod:Fabricate Wheel","floor":11.0},{"not_picked":["Sweeping Beam","Barrage","beaked:Resilience","Scrape"],"picked":"Go for the Eyes","floor":13.0},{"not_picked":["ReplayGash","Coolheaded","Glacier","beaked:DesperateSwing"],"picked":"Loop","floor":14.0},{"not_picked":["Reboot","StuffTheSpire:LaunchingStrike","ReplayTheSpireMod:Omega Cannon","ReplayRNGCard"],"picked":"Electrodynamics","floor":16.0},{"not_picked":["Barrage+1","Beam Cell","Go for the Eyes+1","Tempest"],"picked":"StuffTheSpire:Synthwave","floor":18.0},{"not_picked":["Redo","Ball Lightning","Stack","Rebound"],"picked":"Conserve Battery","floor":18.0},{"not_picked":["Coolheaded","Melter","Chaos","Sunder+1"],"picked":"Core Surge","floor":19.0},{"not_picked":["Barrage","Gash+1","Sweeping Beam","Panic Button"],"picked":"MostiFishMod:LinkProtocol","floor":19.0},{"not_picked":["ReplaySolidLightProjector","ReplaySort+1","MostiFishMod:DeathFromBelow","Go for the Eyes"],"picked":"StuffTheSpire:Plugnplay","floor":21.0},{"not_picked":["Double Energy","BasicCrystalCard","Turbo","Compile Driver"],"picked":"Hologram","floor":21.0},{"not_picked":[],"picked":"Coolheaded","floor":24.0},{"not_picked":[],"picked":"Loop","floor":24.0},{"not_picked":[],"picked":"Poisoned Strike","floor":24.0},{"not_picked":[],"picked":"Pulse","floor":24.0},{"not_picked":["Streamline"],"picked":"SKIP","floor":24.0},{"not_picked":["Rip and Tear"],"picked":"SKIP","floor":24.0},{"not_picked":["Purity"],"picked":"SKIP","floor":24.0},{"not_picked":["Steam Power","Streamline","Blizzard","MostiFishMod:PushDownKick"],"picked":"Gash","floor":25.0},{"not_picked":["Panic Button","Steam Power","Cold Snap","BootSequence"],"picked":"Chaos+1","floor":27.0},{"not_picked":["Ball Lightning","MostiFishMod:StrandedSiren","Sweeping Beam","Coolheaded"],"picked":"Storm","floor":28.0},{"not_picked":["Redo","Beam Cell","BasicCrystalCard+1","Rebound+1"],"picked":"ReplayTheSpireMod:GoodbyeWorld","floor":28.0},{"not_picked":["hubris:Prefetch","MostiFishMod:Prepare","All For One","MostiFishMod:Exploitation"],"picked":"Echo Form","floor":33.0},{"not_picked":["StuffTheSpire:LoadUp+1","Coolheaded","Fusion+1","Beam Cell"],"picked":"Storm","floor":35.0},{"not_picked":["StuffTheSpire:GlassShard+1","Redo","Compile Driver","Sweeping Beam"],"picked":"Ball Lightning","floor":35.0},{"not_picked":["Gash","Redo","StuffTheSpire:Purify","Double Energy"],"picked":"StuffTheSpire:Plugnplay","floor":36.0},{"not_picked":["ReplayTheSpireMod:Repulse","Compile Driver+1","FTL","Go for the Eyes"],"picked":"Fusion","floor":36.0},{"not_picked":["ReplaySolidLightProjector+1","Leap+1","Beam Cell+1","StuffTheSpire:LoadUp+1"],"picked":"Conserve Battery+1","floor":39.0},{"not_picked":["Beam Cell","MostiFishMod:Overload","Go for the Eyes+1","MostiFishMod:PushDownKick"],"picked":"MostiFishMod:GatherIntelligence","floor":39.0},{"not_picked":["ReplaySort","ReplaySolidLightProjector","MostiFishMod:ReprogramOld","Turbo"],"picked":"Loop","floor":39.0},{"not_picked":["Hologram","Aggregate","Rebound","Undo"],"picked":"Static Discharge","floor":40.0},{"not_picked":["Melter","Compile Driver","Redo","Sweeping Beam"],"picked":"MostiFishMod:StarOceanB","floor":41.0},{"not_picked":["beaked:DigDeeper","Force Field","Chaos","aspiration:Polymerization"],"picked":"Hologram+1","floor":43.0},{"not_picked":["Undo","Scrape","Conserve Battery+1","beaked:FeelMyPain"],"picked":"FIFO Queue","floor":44.0},{"not_picked":["Darkness","StuffTheSpire:LoadUp+1","MostiFishMod:PushDownKick","ReplayTheSpireMod:Repulse"],"picked":"Hologram","floor":46.0},{"not_picked":["MostiFishMod:ReprogramOld","StuffTheSpire:SnapShoot","Steam+1","Rebound"],"picked":"ReplayTheSpireMod:Fabricate Wheel","floor":48.0},{"not_picked":["Scrape","beaked:Resilience","Conserve Battery","ReplaySolidLightProjector"],"picked":"Cold Snap","floor":48.0},{"not_picked":["StuffTheSpire:ForEach","hubris:Prefetch"],"picked":"Creative AI","floor":51},{"not_picked":["Panic Button","Turbo+1","StuffTheSpire:Purify","Conserve Battery+1"],"picked":"BootSequence","floor":51},{"not_picked":["Crystallizer","FTL+1","Turbo","StuffTheSpire:SnapShoot"],"picked":"hubris:PowerSurge","floor":51},{"not_picked":["Ball Lightning","Panic Button+1","Redo","Coolheaded","Gash"],"picked":"SKIP","floor":51},{"not_picked":["Cold Snap","Streamline","BasicCrystalCard+1","Conserve Battery"],"picked":"Electrodynamics","floor":52},{"not_picked":["Reinforced Body","Cold Snap+1","Blizzard","Compile Driver+1"],"picked":"Steam+1","floor":52},{"not_picked":["ReplayGash+1","Pulse","Streamline","Recycle","Hologram"],"picked":"SKIP","floor":52},{"not_picked":["MostiFishMod:GatherIntelligence+1","Steam","Turbo","Recycle+1"],"picked":"Defragment","floor":53},{"not_picked":["Sweeping Beam+1","Leap+1","Ball Lightning","Streamline+1"],"picked":"Capacitor","floor":53},{"not_picked":["Reinforced Body+1","Steam+1","StuffTheSpire:Rend+1","MostiFishMod:PushDownKick"],"picked":"Storm","floor":53},{"not_picked":["Lockon","Rebound","Compile Driver+1","Doom and Gloom"],"picked":"Biased Cognition","floor":56},{"not_picked":["Cold Snap+1","Turbo","Ball Lightning","Steam+1"],"picked":"MostiFishMod:LinkProtocol+1","floor":56},{"not_picked":["Gash+1","Go for the Eyes","Panic Button","Turbo","Leap"],"picked":"SKIP","floor":56},{"not_picked":[],"picked":"Bomb","floor":0}],"player_experience":1655470,"relics_obtained":[{"floor":1.0,"key":"SynthV:TestCard"},{"floor":1.0,"key":"LetterFromLob"},{"floor":11.0,"key":"EdensBlessing"},{"floor":14.0,"key":"Darkstone Periapt"},{"floor":24.0,"key":"Replay:Baseball"},{"floor":24.0,"key":"hubris:SoftwareUpdate"},{"floor":24.0,"key":"qcfpunch:Broken_Tusk"},{"floor":24.0,"key":"Magic Flower"},{"floor":24.0,"key":"StuffTheSpire:BottledEssence"},{"floor":25.0,"key":"WingedGreaves"},{"floor":26.0,"key":"Bag of Preparation"},{"floor":27.0,"key":"DemoMod:PartiallyEatenCheese"},{"floor":37.0,"key":"trackpad:WindUpAutoDealer"},{"floor":40.0,"key":"trackpad:Mousetrap"},{"floor":41.0,"key":"CCEMRelics:FiftyFTOfRope"},{"floor":43.0,"key":"Dota2Spire:Butterfly"},{"floor":44.0,"key":"DemoMod:Metronome"},{"floor":46.0,"key":"ArrowTower"},{"floor":52,"key":"paleoftheancients:SoulOfTheWatcher"},{"floor":53,"key":"paleoftheancients:BlurryLens"},{"floor":54,"key":"StuffTheSpire:MayFlowers"},{"floor":58,"key":"DeadEye"}],"event_choices":[],"is_beta":false,"boss_relics":[{"not_picked":["PatriotShield","Replay:Cursed D8"],"picked":"energizedSpire:OgreHead"},{"not_picked":[]},{"not_picked":["halation:Yufonium","RhineCircuit"],"picked":"StuffTheSpire:Kangaroo"},{"not_picked":[]}],"items_purged_floors":[],"is_endless":false,"potions_floor_spawned":[11,14,16,19,27,28,40,41,48,51],"ascension_level":14}}