{"host":"5y2vm16xfq9gfmb2","time":1613270991,"event":{"mods":["AchievementEnabler","BaseMod","Better Third Choice","Colored Map","Colored Powertips","DeckTracker","Marisa????????","Minty Spire (QoL Compilation)","Rare Cards Sparkle","Relic Stats","StSLib","The Alterego","The Animator","The Marked","The Servant 0.9.4"],"gold_per_floor":[111,121,139,139,58,58,75,100,100,115,115,115,185,201,201,297,297,310,329,329,259,259,259],"floor_reached":22,"language":"ENG","playtime":933,"items_purged":[],"score":186,"play_id":"0d1bbbbb-6e36-4412-873f-373ee06aa694","local_time":"20210213214951","is_ascension_mode":false,"campfire_choices":[{"data":"Limit Break","floor":6,"key":"SMITH"},{"floor":11,"key":"RECALL"},{"floor":15,"key":"REST"}],"circlet_count":0,"master_deck":["Strike_R","Strike_R","Strike_R","Strike_R","Strike_R","Defend_R","Defend_R","Defend_R","Defend_R","Bash","Cleave","Body Slam","Metallicize+1","Limit Break+1","Heavy Blade","Berserk","Infernal Blade","Spot Weakness","Limit Break","Thunderclap+1","Rage+1","Feel No Pain"],"relics":["Burning Blood","Boot","Bottled Tornado","Molten Egg 2","Runic Cube","betterThird:NestCultRelic"],"acts_visited":["Exordium","TheCity"],"potions_floor_usage":[14,16,16,16,19,19],"damage_taken":[{"damage":5,"enemies":"2 Louse","floor":1,"turns":3},{"damage":1,"enemies":"Cultist","floor":2,"turns":3},{"damage":0,"enemies":"Small Slimes","floor":3,"turns":3},{"damage":6,"enemies":"2 Fungi Beasts","floor":7,"turns":4},{"damage":24,"enemies":"Gremlin Nob","floor":8,"turns":4},{"damage":18,"enemies":"Exordium Wildlife","floor":10,"turns":5},{"damage":14,"enemies":"Large Slime","floor":14,"turns":3},{"damage":42,"enemies":"Hexaghost","floor":16,"turns":9},{"damage":30,"enemies":"Chosen","floor":18,"turns":6},{"damage":31,"enemies":"3 Byrds","floor":19,"turns":4},{"damage":35,"enemies":"Masked Bandits","floor":22,"turns":2}],"seed_played":"8339993757475740243","potions_obtained":[{"floor":3,"key":"DistilledChaos"},{"floor":7,"key":"EntropicBrew"},{"floor":16,"key":"AttackPotion"}],"is_trial":false,"path_per_floor":["M","M","M","?","$","R","M","E","T","M","R","?","?","M","R","B",null,"M","M","?","$","?"],"character_chosen":"IRONCLAD","items_purchased":["Limit Break","Feel No Pain"],"campfire_rested":1,"item_purchase_floors":[5,21],"current_hp_per_floor":[80,80,80,80,80,80,80,62,62,50,50,50,50,42,66,30,80,56,31,31,31,0,0],"gold":259,"neow_bonus":"RANDOM_COMMON_RELIC","is_daily":false,"chose_seed":false,"campfire_upgraded":1,"win_rate":0.0,"timestamp":1613270991,"path_taken":["M","M","M","?","?","R","M","E","T","M","R","?","?","?","R","BOSS","M","M","?","$","?"],"items_purchased_type":["Card","Card"],"build_version":"2020-12-22","purchased_purges":0,"victory":false,"max_hp_per_floor":[80,80,80,80,80,80,80,80,80,80,80,80,80,80,80,80,80,80,80,80,80,80,80],"relic_stats":{"counters":[11,46],"Boot":[13],"obtain_stats":[{"Molten Egg 2":12,"betterThird:NestCultRelic":20,"Bottled Tornado":8,"Boot":0,"Burning Blood":0,"Runic Cube":17},{"Molten Egg 2":6,"betterThird:NestCultRelic":10,"Bottled Tornado":5,"Boot":0,"Burning Blood":0,"Runic Cube":8},{"Molten Egg 2":22,"betterThird:NestCultRelic":44,"Bottled Tornado":17,"Boot":0,"Burning Blood":0,"Runic Cube":34}],"Burning Blood":48,"Runic Cube":[22]},"card_choices":[{"not_picked":["Pommel Strike","Feel No Pain"],"picked":"Cleave","floor":1},{"not_picked":["Warcry","Thunderclap"],"picked":"Body Slam","floor":2},{"not_picked":["Thunderclap","Iron Wave"],"picked":"Metallicize","floor":3},{"not_picked":["Clash","Perfected Strike"],"picked":"Heavy Blade","floor":7},{"not_picked":["Cleave","Impervious"],"picked":"Berserk","floor":8},{"not_picked":["Whirlwind","Headbutt"],"picked":"Infernal Blade","floor":10},{"not_picked":["Combust","Iron Wave+1"],"picked":"Spot Weakness","floor":14},{"not_picked":["Berserk","Bludgeon+1"],"picked":"Limit Break","floor":16},{"not_picked":["Dual Wield+1","Twin Strike+1"],"picked":"Thunderclap+1","floor":18},{"not_picked":["Perfected Strike+1","Feel No Pain"],"picked":"Rage+1","floor":19}],"player_experience":99145,"relics_obtained":[{"floor":8,"key":"Bottled Tornado"}],"event_choices":[{"damage_healed":0,"gold_gain":0,"player_choice":"Upgraded","damage_taken":0,"max_hp_gain":0,"max_hp_loss":0,"event_name":"Upgrade Shrine","floor":4,"gold_loss":0,"cards_upgraded":["Metallicize"]},{"damage_healed":0,"gold_gain":0,"player_choice":"Searched \u00271\u0027 times","damage_taken":0,"relics_obtained":["Molten Egg 2"],"max_hp_gain":0,"max_hp_loss":0,"event_name":"Dead Adventurer","floor":12,"gold_loss":0},{"damage_healed":0,"gold_gain":70,"player_choice":"Gained Gold","damage_taken":0,"max_hp_gain":0,"max_hp_loss":0,"event_name":"Golden Wing","floor":13,"gold_loss":0},{"damage_healed":0,"gold_gain":0,"player_choice":"Madness","damage_taken":0,"relics_obtained":["betterThird:NestCultRelic"],"max_hp_gain":0,"max_hp_loss":0,"event_name":"betterThird:BetterNest","floor":20,"gold_loss":0},{"damage_healed":0,"gold_gain":0,"player_choice":"Fought Bandits","damage_taken":0,"max_hp_gain":0,"max_hp_loss":0,"event_name":"Masked Bandits","floor":22,"gold_loss":0}],"is_beta":false,"boss_relics":[{"not_picked":["Empty Cage","Fusion Hammer"],"picked":"Runic Cube"}],"items_purged_floors":[],"is_endless":false,"potions_floor_spawned":[3,7,16],"killed_by":"Masked Bandits","ascension_level":0}}