{"host":"bgyhjzqafgkxdxsh","time":1613274535,"event":{"mods":["BaseMod","Colored Map","Minty Spire (QoL Compilation)","Relic Stats","StSLib","everything is the same but u backflip on backflip"],"gold_per_floor":[144,189,39,84,84,84,174,219,219,309,354,399,447,492,492,792,792,837,305,305,350,395,485,530,530,580,625,715,760,760,805,805,1105,1105,1150,825,870,495,540,630,642,699,786,798,855,912,1014,1071,1083,1095],"floor_reached":51,"language":"ENG","playtime":3334,"items_purged":["Searing Blow","Dodge and Roll"],"score":942,"play_id":"0f98b663-8326-4ba5-a0b0-f566b00924e9","local_time":"20210214134855","daily_mods":["Draft","Diverse","Midas"],"is_ascension_mode":false,"campfire_choices":[{"floor":6,"key":"REST"},{"floor":15,"key":"REST"},{"floor":25,"key":"REST"},{"floor":32,"key":"REST"},{"floor":41,"key":"REST"},{"floor":49,"key":"REST"}],"circlet_count":0,"master_deck":["Consecrate","Terror","Ball Lightning","White Noise","Study","Stack","Leap","Slice","Clothesline","BowlingBash","CutThroughFate","SashWhip","Conclude","BootSequence","JustLucky","Seek","Inflame","DevaForm","CurseOfTheBell","Hemokinesis","CutThroughFate+1","Apotheosis+1","Sword Boomerang","PathToVictory","DeusExMachina","Rip and Tear+1","Glass Knife","Infernal Blade+1"],"relics":["Burning Blood","Membership Card","Red Skull","Pear","Bottled Tornado","Odd Mushroom","Calling Bell","Art of War","Matryoshka","Thread and Needle","Dead Branch","TungstenRod","Orrery","Orichalcum","Centennial Puzzle","Smiling Mask","Omamori","Vajra","SlaversCollar","Self Forming Clay","Paper Frog","OrangePellets","Singing Bowl","White Beast Statue","Sling","MawBank","Ancient Tea Set","Frozen Egg 2","Toy Ornithopter"],"acts_visited":["Exordium","TheCity","TheBeyond"],"potions_floor_usage":[23,28,47,48,50,50,50],"damage_taken":[{"damage":9,"enemies":"Jaw Worm","floor":1,"turns":3},{"damage":0,"enemies":"Cultist","floor":2,"turns":2},{"damage":0,"enemies":"2 Louse","floor":4,"turns":2},{"damage":1,"enemies":"Lagavulin","floor":7,"turns":5},{"damage":2,"enemies":"Red Slaver","floor":8,"turns":4},{"damage":3,"enemies":"3 Sentries","floor":10,"turns":4},{"damage":6,"enemies":"Large Slime","floor":11,"turns":5},{"damage":8,"enemies":"Exordium Wildlife","floor":12,"turns":3},{"damage":3,"enemies":"The Mushroom Lair","floor":13,"turns":3},{"damage":4,"enemies":"Exordium Thugs","floor":14,"turns":3},{"damage":40,"enemies":"Hexaghost","floor":16,"turns":8},{"damage":17,"enemies":"2 Thieves","floor":18,"turns":5},{"damage":3,"enemies":"3 Byrds","floor":21,"turns":4},{"damage":0,"enemies":"Cultist and Chosen","floor":22,"turns":3},{"damage":13,"enemies":"Book of Stabbing","floor":23,"turns":5},{"damage":5,"enemies":"Shelled Parasite and Fungi","floor":24,"turns":3},{"damage":0,"enemies":"Centurion and Healer","floor":27,"turns":4},{"damage":0,"enemies":"Slavers","floor":28,"turns":3},{"damage":4,"enemies":"Snecko","floor":29,"turns":3},{"damage":7,"enemies":"Shelled Parasite and Fungi","floor":31,"turns":3},{"damage":61,"enemies":"Automaton","floor":33,"turns":6},{"damage":39,"enemies":"3 Darklings","floor":35,"turns":4},{"damage":0,"enemies":"Orb Walker","floor":37,"turns":3},{"damage":10,"enemies":"Writhing Mass","floor":39,"turns":5},{"damage":3,"enemies":"Giant Head","floor":40,"turns":4},{"damage":22,"enemies":"4 Shapes","floor":42,"turns":5},{"damage":7,"enemies":"Jaw Worm Horde","floor":45,"turns":3},{"damage":10,"enemies":"Sphere and 2 Shapes","floor":46,"turns":4},{"damage":27,"enemies":"Reptomancer","floor":47,"turns":4},{"damage":0,"enemies":"4 Shapes","floor":48,"turns":3},{"damage":31,"enemies":"Donu and Deca","floor":50,"turns":5}],"seed_played":"-463004689936713651","potions_obtained":[{"floor":1,"key":"Ancient Potion"},{"floor":2,"key":"Weak Potion"},{"floor":11,"key":"ElixirPotion"},{"floor":13,"key":"FearPotion"},{"floor":14,"key":"BloodPotion"},{"floor":27,"key":"BlessingOfTheForge"},{"floor":29,"key":"LiquidBronze"},{"floor":47,"key":"DuplicationPotion"},{"floor":48,"key":"LiquidMemories"}],"is_trial":false,"path_per_floor":["M","M","$","M","?","R","E","M","T","E","M","M","?","M","R","B",null,"M","$","?","M","M","E","M","R","T","M","E","M","?","M","R","B",null,"M","$","M","$","M","E","R","M","T","?","M","M","E","M","R","B",null],"character_chosen":"IRONCLAD","items_purchased":["Membership Card","Dead Branch","TungstenRod","Orrery","Apotheosis","Sword Boomerang","Self Forming Clay","Paper Frog","OrangePellets","Singing Bowl","White Beast Statue","Sling"],"campfire_rested":6,"item_purchase_floors":[3,19,19,19,19,19,36,36,36,38,38,38],"current_hp_per_floor":[77,80,80,80,80,80,80,80,90,90,90,88,90,90,90,56,90,79,79,79,82,88,81,82,90,90,90,90,90,90,89,90,35,90,57,57,63,63,61,66,94,80,80,80,81,79,85,98,104,84],"gold":1107,"neow_bonus":"","is_daily":true,"chose_seed":false,"campfire_upgraded":0,"win_rate":0.0,"timestamp":1613274535,"path_taken":["M","M","$","M","?","R","E","M","T","E","M","M","?","M","R","BOSS","M","$","?","M","M","E","M","R","T","M","E","M","?","M","R","BOSS","M","$","?","$","M","E","R","M","T","?","M","?","E","M","R","BOSS"],"items_purchased_type":["Relic","Relic","Relic","Relic","Card","Card","Relic","Relic","Relic","Relic","Relic","Relic"],"build_version":"2020-12-22","purchased_purges":2,"victory":true,"max_hp_per_floor":[80,80,80,80,80,80,80,80,90,90,90,90,90,90,90,90,90,90,90,90,90,90,90,90,90,90,90,90,90,90,90,90,90,90,90,90,90,90,92,94,94,96,96,96,98,100,102,104,104,104],"relic_stats":{"Singing Bowl":14,"counters":[31,121],"Self Forming Clay":[69],"Dead Branch":[208],"Orichalcum":[72],"Smiling Mask":0,"MawBank":132,"Burning Blood":148,"OrangePellets":[8],"Centennial Puzzle":[36],"Art of War":[2],"obtain_stats":[{"Singing Bowl":38,"Vajra":30,"Bottled Tornado":10,"Smiling Mask":26,"Sling":38,"Ancient Tea Set":43,"Burning Blood":0,"Centennial Puzzle":26,"Matryoshka":17,"Red Skull":7,"Paper Frog":36,"Pear":9,"Self Forming Clay":36,"Dead Branch":19,"Thread and Needle":17,"Omamori":28,"Odd Mushroom":13,"Orichalcum":23,"Frozen Egg 2":43,"MawBank":40,"White Beast Statue":38,"Calling Bell":17,"SlaversCollar":34,"OrangePellets":36,"Orrery":19,"Art of War":17,"Membership Card":3,"TungstenRod":19,"Toy Ornithopter":47},{"Singing Bowl":23,"Vajra":19,"Bottled Tornado":6,"Smiling Mask":16,"Sling":23,"Ancient Tea Set":26,"Burning Blood":0,"Centennial Puzzle":16,"Matryoshka":11,"Red Skull":4,"Paper Frog":22,"Pear":5,"Self Forming Clay":22,"Dead Branch":12,"Thread and Needle":11,"Omamori":18,"Odd Mushroom":9,"Orichalcum":15,"Frozen Egg 2":26,"MawBank":25,"White Beast Statue":23,"Calling Bell":11,"SlaversCollar":21,"OrangePellets":22,"Orrery":12,"Art of War":11,"Membership Card":2,"TungstenRod":12,"Toy Ornithopter":29},{"Singing Bowl":88,"Vajra":72,"Bottled Tornado":20,"Smiling Mask":62,"Sling":88,"Ancient Tea Set":102,"Burning Blood":0,"Centennial Puzzle":62,"Matryoshka":42,"Red Skull":12,"Paper Frog":85,"Pear":16,"Self Forming Clay":85,"Dead Branch":47,"Thread and Needle":42,"Omamori":69,"Odd Mushroom":31,"Orichalcum":59,"Frozen Egg 2":102,"MawBank":97,"White Beast Statue":88,"Calling Bell":42,"SlaversCollar":81,"OrangePellets":85,"Orrery":47,"Art of War":42,"Membership Card":5,"TungstenRod":47,"Toy Ornithopter":113}],"TungstenRod":59,"Toy Ornithopter":15},"card_choices":[{"not_picked":["Recycle","Go for the Eyes"],"picked":"Consecrate","floor":0},{"not_picked":["Shrug It Off","Conserve Battery"],"picked":"Terror","floor":0},{"not_picked":["Accuracy","SashWhip"],"picked":"Ball Lightning","floor":0},{"not_picked":["WindmillStrike","Collect"],"picked":"Dodge and Roll","floor":0},{"not_picked":["Cold Snap","Calculated Gamble"],"picked":"White Noise","floor":0},{"not_picked":["Capacitor","Acrobatics"],"picked":"Study","floor":0},{"not_picked":["Stack","CrushJoints"],"picked":"Halt","floor":0},{"not_picked":["Redo","BattleHymn"],"picked":"Stack","floor":0},{"not_picked":["CrushJoints","Clash"],"picked":"Leap","floor":0},{"not_picked":["Escape Plan","Stack"],"picked":"Slice","floor":0},{"not_picked":["Dodge and Roll","ForeignInfluence"],"picked":"Clothesline","floor":0},{"not_picked":["Hologram","Turbo"],"picked":"Searing Blow","floor":0},{"not_picked":["Cloak And Dagger","Searing Blow"],"picked":"BowlingBash","floor":0},{"not_picked":["Havoc","Thunderclap"],"picked":"CutThroughFate","floor":0},{"not_picked":["Warcry","Reflex"],"picked":"SashWhip","floor":0},{"not_picked":["Outmaneuver","BowlingBash"],"picked":"Conclude","floor":1},{"not_picked":["BowlingBash","Barrage"],"picked":"BootSequence","floor":2},{"not_picked":["Deflect","Protect"],"picked":"JustLucky","floor":4},{"not_picked":["InnerPeace","Escape Plan"],"picked":"Seek","floor":7},{"not_picked":["Sweeping Beam","JustLucky","Deadly Poison"],"picked":"SKIP","floor":8},{"not_picked":["Undo","FollowUp","Noxious Fumes"],"picked":"SKIP","floor":10},{"not_picked":["Sweeping Beam","PathToVictory"],"picked":"Inflame","floor":11},{"not_picked":["Ball Lightning","Weave","Dagger Throw"],"picked":"SKIP","floor":12},{"not_picked":["Body Slam","Heavy Blade"],"picked":"Thunderclap","floor":13},{"not_picked":["Cleave","FlyingSleeves","Sentinel"],"picked":"SKIP","floor":14},{"not_picked":["Blasphemy","Reboot"],"picked":"DevaForm","floor":16},{"not_picked":["Deflect","Body Slam","Rebound"],"picked":"SKIP","floor":18},{"not_picked":["Ball Lightning","Berserk"],"picked":"Hemokinesis","floor":19},{"not_picked":["WreathOfFlame","PathToVictory"],"picked":"CutThroughFate+1","floor":19},{"not_picked":["Cleave","Outmaneuver","Steam"],"picked":"SKIP","floor":21},{"not_picked":["Shrug It Off","FollowUp","Sword Boomerang"],"picked":"SKIP","floor":22},{"not_picked":["Rebound","Go for the Eyes","Adaptation+1"],"picked":"SKIP","floor":23},{"not_picked":["Acrobatics","InnerPeace","Amplify"],"picked":"SKIP","floor":24},{"not_picked":["Headbutt+1","Shockwave","Iron Wave"],"picked":"SKIP","floor":27},{"not_picked":["Clothesline","FlyingSleeves+1","Beam Cell"],"picked":"SKIP","floor":28},{"not_picked":["Hemokinesis","Sever Soul","Deadly Poison"],"picked":"SKIP","floor":29},{"not_picked":["Ball Lightning","Weave"],"picked":"Rip and Tear+1","floor":31},{"not_picked":["Buffer","Rainbow"],"picked":"Glass Knife","floor":33},{"not_picked":["Infinite Blades","Steam+1","Perfected Strike"],"picked":"SKIP","floor":35},{"not_picked":["EmptyMind+1","Iron Wave"],"picked":"Infernal Blade+1","floor":37},{"not_picked":["JustLucky+1","Capacitor+1","Prepared+1"],"picked":"Singing Bowl","floor":39},{"not_picked":["BowlingBash+1","SandsOfTime+1","Eviscerate"],"picked":"Singing Bowl","floor":40},{"not_picked":["FollowUp+1","Sword Boomerang+1","Rampage+1"],"picked":"Singing Bowl","floor":42},{"not_picked":["Crescendo+1","Headbutt+1","MentalFortress+1"],"picked":"Singing Bowl","floor":45},{"not_picked":["Dagger Spray+1","Reflex","Conserve Battery+1"],"picked":"Singing Bowl","floor":46},{"not_picked":["Hyperbeam","Impervious","Redo+1"],"picked":"Singing Bowl","floor":47},{"not_picked":["Dagger Throw","Rebound+1","Coolheaded+1"],"picked":"Singing Bowl","floor":48}],"player_experience":520646,"relics_obtained":[{"floor":7,"key":"Red Skull"},{"floor":9,"key":"Pear"},{"floor":10,"key":"Bottled Tornado"},{"floor":13,"key":"Odd Mushroom"},{"floor":17,"key":"Art of War"},{"floor":17,"key":"Matryoshka"},{"floor":17,"key":"Thread and Needle"},{"floor":23,"key":"Orichalcum"},{"floor":26,"key":"Centennial Puzzle"},{"floor":26,"key":"Smiling Mask"},{"floor":28,"key":"Omamori"},{"floor":30,"key":"Vajra"},{"floor":40,"key":"MawBank"},{"floor":43,"key":"Ancient Tea Set"},{"floor":43,"key":"Frozen Egg 2"},{"floor":47,"key":"Toy Ornithopter"}],"event_choices":[{"damage_healed":0,"gold_gain":0,"player_choice":"Ignored","damage_taken":0,"max_hp_gain":0,"max_hp_loss":0,"event_name":"Liars Game","floor":5,"gold_loss":0},{"damage_healed":0,"gold_gain":0,"player_choice":"Fought Mushrooms","damage_taken":0,"max_hp_gain":0,"max_hp_loss":0,"event_name":"Mushrooms","floor":13,"gold_loss":0},{"damage_healed":0,"gold_gain":0,"cards_transformed":["Halt","Thunderclap"],"player_choice":"Became Test Subject","damage_taken":0,"max_hp_gain":0,"max_hp_loss":0,"event_name":"Drug Dealer","floor":20,"gold_loss":0,"cards_obtained":["PathToVictory","DeusExMachina"]},{"damage_healed":0,"gold_gain":0,"player_choice":"Relic","damage_taken":0,"max_hp_gain":0,"max_hp_loss":0,"event_name":"Wheel of Change","floor":30,"gold_loss":0},{"damage_healed":0,"gold_gain":0,"player_choice":"Upgraded","damage_taken":0,"max_hp_gain":0,"max_hp_loss":0,"event_name":"Upgrade Shrine","floor":44,"gold_loss":0,"cards_upgraded":["Apotheosis"]}],"is_beta":false,"boss_relics":[{"not_picked":["Empty Cage","Philosopher\u0027s Stone"],"picked":"Calling Bell"},{"not_picked":["Velvet Choker","Runic Pyramid"],"picked":"SlaversCollar"}],"items_purged_floors":[19,38],"is_endless":false,"potions_floor_spawned":[1,2,11,13,14,16,21,22,27,29,33,37,39,40,42,45,46,47,48],"ascension_level":0}}