{"host":"gzsdmyo07u314vug","time":1613326503,"event":{"mods":["2.2 Compatiblity","Astrologer","BaseMod","Colored Powertips","GifTheSpireLib","Gremlin Mod","Hermit","Jorbs\u0027s Wanderer Trilogy","Minty Spire (QoL Compilation)","Quick Restart","Rare Cards Sparkle","Relic Stats","Replay The Spire","Robot Space Explorer","Shop Mod","StSLib","The Bladedancer","The Bug Knight","The Construct","The Cursed","The Elementalist","The Hierophant","The IronCluck","The Marked","The Necromancer","The Runesmith","The Servant 0.9.4","Unceasing Turn Reminder","everything is the same but u backflip on backflip","slay the spire mod where everything is the same but ironclad has a cowboy hat"],"gold_per_floor":[109,121,140,155,80,106,106,121,194,194,228,244,272,19,19,123,123,134,9,23,23,123,123,153,165,188,206,206,206,239,154,154,251,251,269,280,294,144,160,193,211,223,223,40,40,52,65,96,96,96,96,96,96,126,126],"floor_reached":56,"language":"ENG","playtime":3484,"items_purged":["blademaster:Strike","blademaster:Defend","blademaster:Strike","blademaster:Defend"],"score":1680,"play_id":"1b83f58f-f9d1-4dea-9928-d6a6b7292dc7","local_time":"20210214151503","is_ascension_mode":true,"campfire_choices":[{"data":"blademaster:Bloodbath","floor":7.0,"key":"SMITH"},{"data":"blademaster:Bloodbath","floor":15.0,"key":"SMITH"},{"data":"blademaster:EnchantedCuirass","floor":23.0,"key":"SMITH"},{"data":"blademaster:Sharpen","floor":29.0,"key":"SMITH"},{"data":"blademaster:DragonStrike","floor":32.0,"key":"SMITH"},{"floor":45.0,"key":"RECALL"},{"data":"blademaster:FlockOfBlades","floor":49.0,"key":"SMITH"},{"data":"blademaster:Stability","floor":52.0,"key":"SMITH"}],"circlet_count":0,"master_deck":["blademaster:Defend","blademaster:RagingBlow","blademaster:HighVoltage","blademaster:EnchantedCuirass+1","blademaster:Bloodbath+1","blademaster:Sharpen+1","blademaster:DaggerAndCloak+1","blademaster:Bloodbath+1","blademaster:DragonStrike+1","blademaster:FlockOfBlades+1","blademaster:Stability+1","blademaster:CombatPrep+1","blademaster:Blindside","blademaster:FuriousStrike","blademaster:Frontflip+1","blademaster:AspectOfWind+1","blademaster:ThreePointStrike+1","blademaster:Safeguard+1","blademaster:AwakeningDefend+1"],"relics":["blademaster:DancersAmulet","Mercury Hourglass","Replay:Bottled Eggs","StoneCalendar","Anchor","Replay:Baseball","Philosopher\u0027s Stone","HollowMod:StagPassRelic","Replay:Mystery Machine","Bronze Scales","Kunai","Empty Cage","Ancient Tea Set","Dream Catcher","Bottled Lightning"],"acts_visited":["Exordium","TheCity","TheBeyond","TheEnding"],"potions_floor_usage":[55,55,55],"damage_taken":[{"damage":1.0,"enemies":"Small Slimes","floor":1.0,"turns":3.0},{"damage":0.0,"enemies":"Cultist","floor":2.0,"turns":4.0},{"damage":1.0,"enemies":"2 Louse","floor":3.0,"turns":2.0},{"damage":0.0,"enemies":"Large Slime","floor":4.0,"turns":6.0},{"damage":4.0,"enemies":"3 Sentries","floor":6.0,"turns":7.0},{"damage":13.0,"enemies":"Exordium Thugs","floor":8.0,"turns":4.0},{"damage":0.0,"enemies":"Lagavulin","floor":11.0,"turns":5.0},{"damage":0.0,"enemies":"3 Louse","floor":12.0,"turns":2.0},{"damage":10.0,"enemies":"Gremlin Nob","floor":13.0,"turns":4.0},{"damage":0.0,"enemies":"Fading Forest","floor":16.0,"turns":11.0},{"damage":14.0,"enemies":"Spheric Guardian","floor":18.0,"turns":4.0},{"damage":0.0,"enemies":"Shell Parasite","floor":20.0,"turns":3.0},{"damage":3.0,"enemies":"Gremlin Leader","floor":24.0,"turns":5.0},{"damage":0.0,"enemies":"Cultist and Chosen","floor":25.0,"turns":3.0},{"damage":0.0,"enemies":"Chosen and Byrds","floor":27.0,"turns":3.0},{"damage":10.0,"enemies":"Book of Stabbing","floor":30.0,"turns":4.0},{"damage":0.0,"enemies":"Pondfish","floor":33.0,"turns":3.0},{"damage":0.0,"enemies":"3 Shapes","floor":35.0,"turns":4.0},{"damage":10.0,"enemies":"3 Darklings","floor":36.0,"turns":3.0},{"damage":0.0,"enemies":"Transient","floor":37.0,"turns":5.0},{"damage":11.0,"enemies":"Writhing Mass","floor":39.0,"turns":3.0},{"damage":0.0,"enemies":"Giant Head","floor":40.0,"turns":4.0},{"damage":0.0,"enemies":"3 Darklings","floor":41.0,"turns":3.0},{"damage":0.0,"enemies":"4 Shapes","floor":42.0,"turns":3.0},{"damage":0.0,"enemies":"Transient","floor":46.0,"turns":5.0},{"damage":0.0,"enemies":"Sphere and 2 Shapes","floor":47.0,"turns":3.0},{"damage":0.0,"enemies":"Nemesis","floor":48.0,"turns":4.0},{"damage":12.0,"enemies":"Time Eater","floor":50.0,"turns":5.0},{"damage":38.0,"enemies":"Shield and Spear","floor":54.0,"turns":3.0},{"damage":44,"enemies":"The Heart","floor":55,"turns":6}],"seed_played":"-2381729664717960784","potions_obtained":[{"floor":1.0,"key":"SmokeBomb"},{"floor":6.0,"key":"FearPotion"},{"floor":8.0,"key":"Swift Potion"},{"floor":12.0,"key":"Fruit Juice"},{"floor":18.0,"key":"LifebloodPotion"},{"floor":33.0,"key":"Strength Potion"},{"floor":35.0,"key":"PowerPotion"},{"floor":39.0,"key":"Dexterity Potion"},{"floor":54.0,"key":"Adrenaline Potion"}],"is_trial":false,"path_per_floor":["M","M","M","M","$","E","R","M","T","?","E","M","E","$","R","B",null,"M","$","M","?","?","R","E","M","T","M","?","R","E","?","R","B",null,"M","M","M","$","M","E","M","M","T","$","R","M","M","E","R","B",null,"R","$","E","B",null],"character_chosen":"THE_BLADEMASTER","items_purchased":["Replay:Baseball","blademaster:ThreePointStrike","blademaster:Safeguard"],"campfire_rested":0,"item_purchase_floors":[14,44,44],"current_hp_per_floor":[53,53,52,52,52,48,48,35,35,35,35,40,30,30,30,38,80,66,66,66,66,66,66,63,63,63,63,48,48,38,38,38,38,85,85,75,75,75,64,64,64,67,67,67,67,73,85,85,85,73,85,85,85,47,3],"gold":126,"neow_bonus":"THREE_RARE_CARDS","is_daily":false,"chose_seed":false,"campfire_upgraded":7,"win_rate":0.0,"timestamp":1613326503,"path_taken":["M","M","M","M","$","E","R","M","T","?","E","?","E","$","R","BOSS","M","$","M","?","?","R","E","M","T","?","?","R","E","?","R","BOSS","M","M","M","$","M","E","M","M","T","$","R","M","M","E","R","BOSS","R","$","E","BOSS"],"items_purchased_type":["Relic","Card","Card"],"build_version":"2020-12-22","purchased_purges":4,"victory":true,"max_hp_per_floor":[75,75,75,75,75,75,75,75,75,75,75,80,80,80,80,80,80,80,80,80,80,80,80,80,80,80,80,85,85,85,85,85,85,85,85,85,85,85,85,85,85,85,85,85,85,85,85,85,85,85,85,85,85,85,85],"relic_stats":{"Dream Catcher":0,"counters":[30,123],"Bronze Scales":[195],"StoneCalendar":[135],"Kunai":[52],"obtain_stats":[{"blademaster:StrongPerk":30,"StoneCalendar":11,"blademaster:RandomBladePerk":54,"Replay:Mystery Machine":26,"HollowMod:StagPassRelic":24,"Empty Cage":34,"Ancient Tea Set":40,"Mercury Hourglass":6,"Anchor":13,"Replay:Baseball":14,"Dream Catcher":48,"blademaster:FuryEveryTurnPerk":24,"Bronze Scales":30,"blademaster:BleedingMoreDamagePerk":11,"Philosopher\u0027s Stone":17,"blademaster:LightningChargePerk":48,"blademaster:DancersAmulet":0,"blademaster:DextrousPerk":6,"Kunai":31,"blademaster:WindChargePerk":40,"Bottled Lightning":54,"Replay:Bottled Eggs":9,"blademaster:BleedingLaceratePerk":13},{"blademaster:StrongPerk":16,"StoneCalendar":7,"blademaster:RandomBladePerk":29,"Replay:Mystery Machine":14,"HollowMod:StagPassRelic":13,"Empty Cage":17,"Ancient Tea Set":22,"Mercury Hourglass":5,"Anchor":9,"Replay:Baseball":9,"Dream Catcher":27,"blademaster:FuryEveryTurnPerk":13,"Bronze Scales":16,"blademaster:BleedingMoreDamagePerk":7,"Philosopher\u0027s Stone":10,"blademaster:LightningChargePerk":27,"blademaster:DancersAmulet":0,"blademaster:DextrousPerk":5,"Kunai":16,"blademaster:WindChargePerk":22,"Bottled Lightning":29,"Replay:Bottled Eggs":6,"blademaster:BleedingLaceratePerk":9},{"blademaster:StrongPerk":70,"StoneCalendar":31,"blademaster:RandomBladePerk":117,"Replay:Mystery Machine":63,"HollowMod:StagPassRelic":60,"Empty Cage":73,"Ancient Tea Set":91,"Mercury Hourglass":22,"Anchor":37,"Replay:Baseball":37,"Dream Catcher":109,"blademaster:FuryEveryTurnPerk":60,"Bronze Scales":70,"blademaster:BleedingMoreDamagePerk":31,"Philosopher\u0027s Stone":48,"blademaster:LightningChargePerk":109,"blademaster:DancersAmulet":0,"blademaster:DextrousPerk":22,"Kunai":70,"blademaster:WindChargePerk":91,"Bottled Lightning":117,"Replay:Bottled Eggs":26,"blademaster:BleedingLaceratePerk":37}],"Mercury Hourglass":[422]},"card_choices":[{"not_picked":["blademaster:RollingTyphoon","blademaster:CloudOfSteel"],"picked":"blademaster:EnchantedCuirass","floor":0.0},{"not_picked":["blademaster:Overcharge","blademaster:BloodyBlow"],"picked":"blademaster:Bloodbath","floor":1.0},{"not_picked":["blademaster:DancingEdge","blademaster:AspectOfWind"],"picked":"blademaster:Sharpen","floor":2.0},{"not_picked":["blademaster:CombatPrep","blademaster:ThunderSlash"],"picked":"blademaster:DaggerAndCloak","floor":3.0},{"not_picked":["blademaster:Momentum","blademaster:CullingStrike"],"picked":"blademaster:Bloodbath","floor":4.0},{"not_picked":["blademaster:Momentum","blademaster:Blindside","blademaster:OneTrickPony"],"picked":"SKIP","floor":6.0},{"not_picked":["blademaster:BrainBloom","blademaster:CombatPrep","blademaster:Cut"],"picked":"SKIP","floor":8.0},{"not_picked":["blademaster:Hailwind","blademaster:Frenzy","blademaster:Thrust"],"picked":"SKIP","floor":11.0},{"not_picked":["blademaster:Stability","blademaster:ThunderingOpener","blademaster:DancingEdge"],"picked":"SKIP","floor":12.0},{"not_picked":["blademaster:Vortex","blademaster:BloodyBlow"],"picked":"blademaster:DragonStrike","floor":13.0},{"not_picked":["blademaster:LightningDraw","blademaster:StanceMastery"],"picked":"blademaster:FlockOfBlades","floor":16.0},{"not_picked":["blademaster:BrainBloom+1","blademaster:Sharpen+1"],"picked":"blademaster:Stability","floor":18.0},{"not_picked":["blademaster:AirSlash","blademaster:ParryingStrike","blademaster:RollingTyphoon"],"picked":"SKIP","floor":20.0},{"not_picked":["blademaster:AwakeningStrike","blademaster:ParryingStrike+1"],"picked":"blademaster:CombatPrep+1","floor":24.0},{"not_picked":["blademaster:BladeMastery","blademaster:BrainBloom","blademaster:ParryingStrike+1"],"picked":"SKIP","floor":25.0},{"not_picked":["blademaster:TraverseCut","blademaster:ThunderSlash","blademaster:Meditate+1"],"picked":"SKIP","floor":27.0},{"not_picked":["blademaster:TraverseCut","blademaster:ThunderSlash","blademaster:Meditate+1"],"picked":"SKIP","floor":27.0},{"not_picked":["blademaster:CullingStrike+1","blademaster:Cut","blademaster:LeechingStrike+1"],"picked":"SKIP","floor":30.0},{"not_picked":["blademaster:EnchantedCuirass","blademaster:RagingBlow"],"picked":"blademaster:Blindside","floor":33.0},{"not_picked":["blademaster:OneTrickPony+1","blademaster:AwakeningDefend"],"picked":"blademaster:FuriousStrike","floor":35.0},{"not_picked":["blademaster:Meditate","blademaster:AspectOfWind+1","blademaster:DeadlyDance"],"picked":"SKIP","floor":36.0},{"not_picked":["blademaster:BladeCross+1","blademaster:CombatPrep+1","blademaster:Stability+1"],"picked":"SKIP","floor":37.0},{"not_picked":["blademaster:Bloodbath+1","blademaster:CullingStrike"],"picked":"blademaster:Frontflip+1","floor":39.0},{"not_picked":["blademaster:DragonStrike+1","blademaster:ChargingUp+1","blademaster:Blockade+1"],"picked":"SKIP","floor":40.0},{"not_picked":["blademaster:TraverseCut+1","blademaster:Sunder+1"],"picked":"blademaster:AspectOfWind+1","floor":41.0},{"not_picked":["blademaster:UnrelentingWind","blademaster:KiBarrier","blademaster:Meditate"],"picked":"SKIP","floor":42.0},{"not_picked":["blademaster:AspectOfLightning+1","blademaster:Quickness+1"],"picked":"blademaster:AwakeningDefend+1","floor":46.0},{"not_picked":["blademaster:CullingStrike+1","blademaster:Blockade","blademaster:Stormstrike"],"picked":"SKIP","floor":47.0},{"not_picked":["blademaster:Blockade+1","blademaster:BladeMastery","blademaster:Overcharge+1"],"picked":"SKIP","floor":48.0},{"not_picked":["blademaster:AspectOfWind","blademaster:DragonStrike","blademaster:AncestralHealing"],"picked":"SKIP","floor":54.0}],"player_experience":883268,"relics_obtained":[{"floor":6.0,"key":"Mercury Hourglass"},{"floor":6.0,"key":"blademaster:DextrousPerk"},{"floor":9.0,"key":"Replay:Bottled Eggs"},{"floor":11.0,"key":"StoneCalendar"},{"floor":11.0,"key":"blademaster:BleedingMoreDamagePerk"},{"floor":13.0,"key":"Anchor"},{"floor":13.0,"key":"blademaster:BleedingLaceratePerk"},{"floor":24.0,"key":"HollowMod:StagPassRelic"},{"floor":24.0,"key":"blademaster:FuryEveryTurnPerk"},{"floor":26.0,"key":"Replay:Mystery Machine"},{"floor":30.0,"key":"Bronze Scales"},{"floor":30.0,"key":"blademaster:StrongPerk"},{"floor":40.0,"key":"Ancient Tea Set"},{"floor":40.0,"key":"blademaster:WindChargePerk"},{"floor":48.0,"key":"Dream Catcher"},{"floor":48.0,"key":"blademaster:LightningChargePerk"},{"floor":54.0,"key":"Bottled Lightning"},{"floor":54.0,"key":"blademaster:RandomBladePerk"}],"event_choices":[{"cards_removed":["blademaster:Strike"],"damage_healed":0.0,"max_hp_gain":0.0,"max_hp_loss":0.0,"gold_gain":0.0,"event_name":"Wheel of Change","player_choice":"Card Removal","floor":10.0,"gold_loss":0.0,"damage_taken":0.0},{"damage_healed":0.0,"max_hp_gain":0.0,"max_hp_loss":0.0,"gold_gain":0.0,"event_name":"Cursed Tome","player_choice":"Ignored","floor":21.0,"gold_loss":0.0,"damage_taken":0.0},{"damage_healed":0.0,"max_hp_gain":0.0,"max_hp_loss":0.0,"gold_gain":100.0,"event_name":"Golden Shrine","player_choice":"Pray","floor":22.0,"gold_loss":0.0,"damage_taken":0.0},{"damage_healed":0.0,"max_hp_gain":5.0,"max_hp_loss":0.0,"gold_gain":0.0,"event_name":"Forgotten Altar","player_choice":"Shed Blood","floor":28.0,"gold_loss":0.0,"damage_taken":20.0},{"damage_healed":0.0,"max_hp_gain":0.0,"max_hp_loss":0.0,"gold_gain":0.0,"event_name":"Addict","player_choice":"Obtained Relic","floor":31.0,"gold_loss":85.0,"damage_taken":0.0,"relics_obtained":["Kunai"]}],"is_beta":false,"boss_relics":[{"not_picked":["Painkiller Herb","Replay:Wanted Poster"],"picked":"Philosopher\u0027s Stone"},{"not_picked":["Astrolabe","Black Star"],"picked":"Empty Cage"}],"items_purged_floors":[5,14,19,38],"is_endless":false,"potions_floor_spawned":[1,6,8,11,12,18,33,35,37,39,41,42,54],"ascension_level":4}}