{"host":"se54kqb5s2qquozl","time":1613345832,"event":{"mods":["BaseMod","Colored Powertips","Downfall","Hermit","Minty Spire (QoL Compilation)","Replay The Spire","StSLib"],"gold_per_floor":[99,116,129,129,129,129,199,211,211,311,311,380,380,400,418,418,418,418],"floor_reached":16,"language":"ENG","playtime":909,"items_purged":[],"score":92,"play_id":"0a3d7bc8-581c-42ee-82b8-41ef11f59b4b","local_time":"20210214173712","is_ascension_mode":false,"campfire_choices":[{"data":"bronze:Goto","floor":1.0,"key":"SMITH"},{"data":"bronze:Backtrace","floor":6.0,"key":"SMITH"},{"data":"bronze:Replicate","floor":9.0,"key":"SMITH"},{"floor":11.0,"key":"REST"},{"data":"bronze:GetLatest","floor":13.0,"key":"SMITH"}],"circlet_count":0,"master_deck":["bronze:Strike+1","bronze:Strike","bronze:Strike+1","bronze:Strike","bronze:Defend","bronze:Defend","bronze:Defend","bronze:Defend","bronze:Replicate+1","bronze:Goto+1","bronze:Backtrace+1","bronze:BronzeOrb+1","downfall:Malfunctioning","bronze:MaxOutput","bronze:GetLatest+1","bronze:BurnOut+1","bronze:Fortify","bronze:Boost"],"relics":["bronze:BronzeCore","Golden Egg","downfall:CloakOfManyFaces","CultistMask","FaceOfCleric","NlothsMask","GremlinMask","SsserpentHead"],"acts_visited":["Exordium"],"potions_floor_usage":[16,16],"damage_taken":[{"damage":2.0,"enemies":"Jaw Worm","floor":2.0,"turns":4.0},{"damage":0.0,"enemies":"Cultist","floor":3.0,"turns":2.0},{"damage":0.0,"enemies":"2 Louse","floor":8.0,"turns":1.0},{"damage":71.0,"enemies":"downfall:FaceTrader","floor":10.0,"turns":18.0},{"damage":3.0,"enemies":"Exordium Wildlife","floor":12.0,"turns":8.0},{"damage":0.0,"enemies":"3 Louse","floor":14.0,"turns":2.0},{"damage":0.0,"enemies":"2 Fungi Beasts","floor":15.0,"turns":1.0},{"damage":32,"enemies":"DF_ARCHETYPE_STREAMLINE","floor":16,"turns":7}],"seed_played":"8479092585817103161","potions_obtained":[{"floor":5.0,"key":"Explosive Potion"},{"floor":5.0,"key":"Weak Potion"},{"floor":5.0,"key":"CultistPotion"},{"floor":8.0,"key":"Adrenaline Potion"},{"floor":10.0,"key":"Swift Potion"},{"floor":14.0,"key":"GamblersBrew"},{"floor":15.0,"key":"DuplicationPotion"}],"is_trial":false,"path_per_floor":["R","M","M","?","?","R","T","M","R","?","R","M","R","M","M","B"],"character_chosen":"THE_AUTOMATON","items_purchased":[],"campfire_rested":1,"item_purchase_floors":[],"current_hp_per_floor":[77,75,75,75,75,75,75,75,75,4,27,25,25,26,27,0,0,0],"gold":418,"neow_bonus":"TEN_PERCENT_HP_BONUS","is_daily":false,"chose_seed":false,"campfire_upgraded":4,"win_rate":0.0,"timestamp":1613345832,"path_taken":["R","M","M","?","?","R","T","?","R","?","R","?","R","M","M","BOSS"],"items_purchased_type":[],"build_version":"2020-12-22","purchased_purges":0,"victory":false,"max_hp_per_floor":[77,77,77,77,77,77,77,77,77,77,77,78,78,79,80,80,80,80],"card_choices":[{"not_picked":["bronze:DelayedSlice","bronze:DelayedGuard"],"picked":"bronze:Backtrace","floor":2.0},{"not_picked":["bronze:Shell","bronze:Shield"],"picked":"bronze:BronzeOrb","floor":3.0},{"not_picked":["bronze:FineTuning","bronze:ChildClass"],"picked":"bronze:MaxOutput","floor":8.0},{"not_picked":["bronze:Frontload","bronze:Repulsor"],"picked":"bronze:GetLatest","floor":10.0},{"not_picked":["bronze:Invalidate","bronze:BronzeOrb"],"picked":"bronze:BurnOut","floor":12.0},{"not_picked":["bronze:DarkDash","bronze:BitShift"],"picked":"bronze:Fortify","floor":14.0},{"not_picked":["bronze:Overload","bronze:Branch"],"picked":"bronze:Boost","floor":15.0}],"player_experience":57810,"relics_obtained":[{"floor":7.0,"key":"Golden Egg"},{"floor":10.0,"key":"downfall:CloakOfManyFaces"}],"event_choices":[{"damage_healed":0.0,"max_hp_gain":0.0,"max_hp_loss":0.0,"gold_gain":0.0,"event_name":"Lab","player_choice":"Got Potions","floor":5.0,"gold_loss":0.0,"damage_taken":0.0}],"is_beta":false,"boss_relics":[],"items_purged_floors":[],"is_endless":false,"potions_floor_spawned":[8,10,14,15],"killed_by":"DF_ARCHETYPE_STREAMLINE","ascension_level":0}}