{"host":"fyg75lclw0tbsq92","time":1613298689,"event":{"mods":["AchievementEnabler","Act Like it!","Aspiration","BaseMod","BetterRewards","Gensokyo","Minty Spire (QoL Compilation)","Reimu£®≤©¿ˆ¡È√Œ£©","Replay The Spire","StSLib","The Administrix"],"gold_per_floor":[122,155,187,225,257,257,301,329,378,395,431,450,486,486,486,607,607,632,682,734,768,355,424,424,504,527,571,571,601,601,632,632,743,743,761,792,808,354,354,397,243,286,286,366,401,401,401,401,401,411,411,411,74,116,171],"floor_reached":56,"language":"ZHS","playtime":1812,"items_purged":["Amnesia"],"score":2655,"play_id":"7800809d-616d-4685-9509-e9d193432736","local_time":"20210214183129","is_ascension_mode":true,"campfire_choices":[{"floor":6.0,"key":"RECALL"},{"data":"HakureiPhantom:ReiMu","floor":15.0,"key":"SMITH"},{"floor":24.0,"key":"REST"},{"data":"Thinking Ahead","floor":28.0,"key":"SMITH"},{"floor":30.0,"key":"REST"},{"data":"SubcavityFantasy:ReiMu","floor":32.0,"key":"SMITH"},{"floor":49,"key":"REST"},{"floor":52,"key":"REST"}],"circlet_count":0,"master_deck":["AscendersBane","Strike_Lin:ReiMu","Strike_Lin:ReiMu","Strike_Lin:ReiMu","Defend_Lin:ReiMu+1","Defend_Lin:ReiMu","Defend_Lin:ReiMu","Defend_Lin:ReiMu+1","NB:ReiMu+1","Stagnation:ReiMu","Sadistic Nature+1","Sadistic Nature+1","ReplayTheSpireMod:Faulty Equipment","ShadowOfCrow2:ReiMu","TightArray:ReiMu","SpreadBorder2:ReiMu","SpreadBorder2:ReiMu+1","AlertArray:ReiMu","KamiRite:ReiMu+1","RainPray2:ReiMu","RainPray2:ReiMu","RainPray2:ReiMu","PayForSelf:ReiMu","ShadowOfCrow2:ReiMu","HakureiPhantom:ReiMu+1","SubcavityFantasy:ReiMu+1","RainPray2:ReiMu","Amulet:ReiMu","Thinking Ahead+1","Master of Strategy+1","PhosphorusFlame:ReiMu+1","HakureiPhantom:ReiMu","CardOfSanctity:ReiMu","CleanRite:ReiMu","Thinking Ahead","RainPray2:ReiMu+1","PhosphorusFlame:ReiMu","DependentForm:ReiMu","Pot Of Greed","Pot Of Greed","Pot Of Greed","Pot Of Greed","FoulBorder2:ReiMu"],"relics":["FlyPower:ReiMu","Replay:Bandana","PreservedInsect","TungstenRod","DollysMirror","aspiration:FetidBarrel","Guide Book","ReplayTheSpireMod:CursedCoin","Iron Hammer","Regal Pillow","Orichalcum","Matryoshka","aspiration:HiddenCompartment","Replay:Bronze Core","Bag of Preparation","Juzu Bracelet","ReplayTheSpireMod:ShopPack","Question Card","War Paint","RuthlessExorcism:ReiMu","Pantograph","Gremlin Food","Prayer Wheel","Fusion Hammer","OrangePellets","Ancient Tea Set","Toy Ornithopter","Orrery","ReplayTheSpireMod:TigerMarble","Quantum Egg","Durian","Grinning Jar","Ring of Fangs","Ring of Chaos","Garlic","aspiration:Lifesprig"],"acts_visited":["Exordium","TheCity","TheBeyond","TheEnding"],"potions_floor_usage":[55,55,55,55],"damage_taken":[{"damage":0.0,"enemies":"2 Louse","floor":1.0,"turns":1.0},{"damage":1.0,"enemies":"Jaw Worm","floor":2.0,"turns":3.0},{"damage":0.0,"enemies":"Cultist","floor":3.0,"turns":3.0},{"damage":1.0,"enemies":"3 Louse","floor":4.0,"turns":2.0},{"damage":5.0,"enemies":"Looter","floor":5.0,"turns":4.0},{"damage":8.0,"enemies":"Gremlin Nob","floor":7.0,"turns":3.0},{"damage":3.0,"enemies":"Exordium Wildlife","floor":8.0,"turns":4.0},{"damage":6.0,"enemies":"Lots of Slimes","floor":10.0,"turns":3.0},{"damage":0.0,"enemies":"3 Sentries","floor":11.0,"turns":1.0},{"damage":0.0,"enemies":"3 Louse","floor":12.0,"turns":1.0},{"damage":0.0,"enemies":"Lagavulin","floor":13.0,"turns":2.0},{"damage":0.0,"enemies":"The Guardian","floor":16.0,"turns":7.0},{"damage":0.0,"enemies":"Spheric Guardian","floor":18.0,"turns":2.0},{"damage":1.0,"enemies":"Chosen","floor":20.0,"turns":4.0},{"damage":7.0,"enemies":"3 Cultists","floor":21.0,"turns":4.0},{"damage":5.0,"enemies":"Gremlin Leader","floor":23.0,"turns":2.0},{"damage":0.0,"enemies":"Book of Stabbing","floor":27.0,"turns":2.0},{"damage":0.0,"enemies":"Slavers","floor":29.0,"turns":1.0},{"damage":0.0,"enemies":"Book of Stabbing","floor":31.0,"turns":2.0},{"damage":25.0,"enemies":"Collector","floor":33.0,"turns":4.0},{"damage":0.0,"enemies":"Orb Walker","floor":35.0,"turns":2.0},{"damage":0.0,"enemies":"3 Shapes","floor":36.0,"turns":2.0},{"damage":0.0,"enemies":"Spire Growth","floor":37.0,"turns":2.0},{"damage":0.0,"enemies":"R_Hoarder","floor":40.0,"turns":2.0},{"damage":2,"enemies":"Nemesis","floor":42,"turns":3},{"damage":1,"enemies":"Reptomancer","floor":44,"turns":3},{"damage":0,"enemies":"Maw","floor":45,"turns":2},{"damage":3,"enemies":"Donu and Deca","floor":50,"turns":3},{"damage":0,"enemies":"Shield and Spear","floor":54,"turns":1},{"damage":8,"enemies":"The Heart","floor":55,"turns":5}],"seed_played":"5649561197695861493","potions_obtained":[{"floor":1.0,"key":"LiquidMemories"},{"floor":3.0,"key":"PinkPotion:ReiMu"},{"floor":18.0,"key":"BottledKami:ReiMu"},{"floor":21.0,"key":"LiquidBronze"},{"floor":36.0,"key":"PinkPotion:ReiMu"},{"floor":44,"key":"EntropicBrew"}],"is_trial":false,"path_per_floor":["M","M","M","M","M","R","E","M","T","M","E","M","E","?","R","B",null,"M","?","M","M","$","E","R","?","T","E","R","E","R","E","R","B",null,"M","M","M","$","?","E","$","E","T","E","M","?","?","?","R","B",null,"R","$","E","B",null],"character_chosen":"REIMU","items_purchased":["Replay:Bandana","Sadistic Nature","PreservedInsect","TungstenRod","DollysMirror","aspiration:FetidBarrel","Guide Book","ReplayTheSpireMod:CursedCoin","ShadowOfCrow2:ReiMu","Iron Hammer","TightArray:ReiMu","Regal Pillow","SpreadBorder2:ReiMu","Bag of Preparation","Juzu Bracelet","ReplayTheSpireMod:ShopPack","CleanRite:ReiMu","OrangePellets","Ancient Tea Set","Orrery","Garlic"],"campfire_rested":4,"item_purchase_floors":[0,0,0,0,0,0,0,0,0,0,0,0,0,22,22,22,38,38,38,41,53],"current_hp_per_floor":[54,53,53,52,47,47,39,36,36,30,30,30,30,30,30,30,49,49,45,44,37,37,32,55,38,38,38,38,38,55,55,55,30,49,49,49,49,49,49,49,49,47,52,51,51,51,51,51,60,57,59,60,60,60,57],"gold":171,"neow_bonus":"","is_daily":false,"chose_seed":false,"campfire_upgraded":3,"win_rate":0.0,"timestamp":1613298689,"path_taken":["M","M","M","M","M","R","E","M","T","M","E","M","E","?","R","BOSS","M","?","M","?","$","E","R","?","T","E","R","E","R","E","R","BOSS","M","M","M","$","?","E","$","E","T","E","M","?","?","?","R","BOSS","R","$","E","BOSS"],"items_purchased_type":["Relic","Card","Relic","Relic","Relic","Relic","Relic","Relic","Card","Relic","Card","Relic","Card","Relic","Relic","Relic","Card","Relic","Relic","Relic","Relic"],"build_version":"2020-12-22","purchased_purges":1,"victory":true,"max_hp_per_floor":[55,55,55,55,55,55,55,55,55,55,55,55,55,55,55,55,55,55,55,55,55,55,55,55,55,55,55,55,55,55,55,55,55,55,55,55,55,55,55,55,55,55,60,60,60,60,60,60,60,60,60,60,60,60,60],"card_choices":[{"not_picked":["FineLineFantasy:ReiMu","SubAcupoint:ReiMu","FantasyBorder:ReiMu"],"picked":"SKIP","floor":1.0},{"not_picked":["OrbThrow:ReiMu","SpreadBorder2:ReiMu","Conquer:ReiMu"],"picked":"SKIP","floor":2.0},{"not_picked":["SpreadBorder2:ReiMu","DoubleButterfly:ReiMu","LovePray:ReiMu"],"picked":"SKIP","floor":3.0},{"not_picked":["Amulet:ReiMu","Crusade:ReiMu"],"picked":"KamiRite:ReiMu","floor":4.0},{"not_picked":["Meditation:ReiMu","SubAcupoint:ReiMu","EmergencyTakeOff:ReiMu"],"picked":"SKIP","floor":5.0},{"not_picked":["DoubleButterfly:ReiMu","MikOfLucky:ReiMu"],"picked":"RainPray2:ReiMu","floor":7.0},{"not_picked":["AlertArray:ReiMu","TakeOff:ReiMu"],"picked":"RainPray2:ReiMu","floor":8.0},{"not_picked":["CareerPray:ReiMu","BarrageOfMoneybags:ReiMu"],"picked":"RainPray2:ReiMu","floor":10.0},{"not_picked":["TightArray:ReiMu","KamiSacrifice:ReiMu"],"picked":"PayForSelf:ReiMu","floor":11.0},{"not_picked":["EmergencyTakeOff:ReiMu","TightArray:ReiMu"],"picked":"ShadowOfCrow2:ReiMu","floor":12.0},{"not_picked":["TightArray:ReiMu","DoubleButterfly:ReiMu"],"picked":"HakureiPhantom:ReiMu","floor":13.0},{"not_picked":["DependentForm:ReiMu","Shading:ReiMu"],"picked":"SubcavityFantasy:ReiMu","floor":16.0},{"not_picked":["AlertArray:ReiMu","LovePray:ReiMu"],"picked":"RainPray2:ReiMu","floor":18.0},{"not_picked":["AirManeuver:ReiMu","SafetyPray:ReiMu","CareerPray:ReiMu"],"picked":"SKIP","floor":20.0},{"not_picked":["Intuition:ReiMu","Conquer:ReiMu"],"picked":"Amulet:ReiMu","floor":21.0},{"not_picked":["Magnetism","ReplayTheSpireMod:Brewmster"],"picked":"Thinking Ahead","floor":22.0},{"not_picked":["Dramatic Entrance","Replay:Sssssssssstrike"],"picked":"Master of Strategy","floor":22.0},{"not_picked":["BarrageOfMoneybags:ReiMu","EmergencyTakeOff:ReiMu"],"picked":"PhosphorusFlame:ReiMu+1","floor":23.0},{"not_picked":["PrepareRite:ReiMu","CareerPray:ReiMu","TightArray:ReiMu","Meditation:ReiMu"],"picked":"SKIP","floor":27.0},{"not_picked":["WonderfulDomain:ReiMu","NineCharacters:ReiMu","UniversalSpiritual:ReiMu","SafetyPray:ReiMu"],"picked":"SKIP","floor":29.0},{"not_picked":["UniversalSpiritual:ReiMu","PrepareRite:ReiMu","SubcavityInstant:ReiMu","CollectionFlower2:ReiMu"],"picked":"SKIP","floor":31.0},{"not_picked":["Dreaming:ReiMu","RunawayExorcism:ReiMu","Authority:ReiMu"],"picked":"HakureiPhantom:ReiMu","floor":33.0},{"not_picked":["EmergencyTakeOff:ReiMu","SubcavityInstant:ReiMu","SafetyPray:ReiMu+1","Crusade:ReiMu+1"],"picked":"SKIP","floor":35.0},{"not_picked":["AlertArray:ReiMu+1","AirStrike:ReiMu","ForcedLanding:ReiMu","OrbThrow:ReiMu"],"picked":"SKIP","floor":35.0},{"not_picked":["OrbThrow:ReiMu","AlertArray:ReiMu+1","CareerPray:ReiMu+1","Conquer:ReiMu"],"picked":"SKIP","floor":36.0},{"not_picked":["TakeOff:ReiMu","Enchanting:ReiMu","NineCharacters:ReiMu","PayForSelf:ReiMu"],"picked":"SKIP","floor":36.0},{"not_picked":["LearningPray:ReiMu","MountainWay:ReiMu+1","DoubleButterfly:ReiMu"],"picked":"CardOfSanctity:ReiMu","floor":37.0},{"not_picked":["SubcavityInstant:ReiMu","Meditation:ReiMu+1","AirStrike:ReiMu+1","EmergencyTakeOff:ReiMu+1"],"picked":"SKIP","floor":37.0},{"not_picked":["Discovery","ReplayTheSpireMod:Uncanny Aura","Panacea"],"picked":"Thinking Ahead","floor":39.0},{"not_picked":["Intuition:ReiMu","TightArray:ReiMu+1","FantasyBorder:ReiMu"],"picked":"RainPray2:ReiMu+1","floor":40.0},{"not_picked":["UpKicking:ReiMu","Enchanting:ReiMu","TightArray:ReiMu"],"picked":"PhosphorusFlame:ReiMu","floor":41.0},{"not_picked":["AlertArray:ReiMu","TightArray:ReiMu+1","RainPray2:ReiMu"],"picked":"DependentForm:ReiMu","floor":42},{"not_picked":["SafetyPray:ReiMu","Meditation:ReiMu","PhosphorusFlame:ReiMu","Gathering:ReiMu"],"picked":"SKIP","floor":44},{"not_picked":["Conquer:ReiMu+1","MountainWay:ReiMu","PrepareRite:ReiMu"],"picked":"FoulBorder2:ReiMu","floor":45},{"not_picked":["SpreadBorder2:ReiMu","PassingAway:ReiMu","AirManeuver:ReiMu","YinYangSange:ReiMu"],"picked":"SKIP","floor":45},{"not_picked":["EmergencyTakeOff:ReiMu","KyokaiOfKami:ReiMu","AlertArray:ReiMu","Dreaming2:ReiMu"],"picked":"SKIP","floor":54}],"player_experience":286026,"relics_obtained":[{"floor":7.0,"key":"Orichalcum"},{"floor":11.0,"key":"Matryoshka"},{"floor":13.0,"key":"aspiration:HiddenCompartment"},{"floor":23.0,"key":"Question Card"},{"floor":26.0,"key":"War Paint"},{"floor":26.0,"key":"RuthlessExorcism:ReiMu"},{"floor":27.0,"key":"Pantograph"},{"floor":29.0,"key":"Gremlin Food"},{"floor":31.0,"key":"Prayer Wheel"},{"floor":40.0,"key":"Toy Ornithopter"},{"floor":42,"key":"ReplayTheSpireMod:TigerMarble"},{"floor":43,"key":"Quantum Egg"},{"floor":43,"key":"Durian"},{"floor":44,"key":"Grinning Jar"},{"floor":47,"key":"Ring of Fangs"},{"floor":47,"key":"Ring of Chaos"},{"floor":54,"key":"aspiration:Lifesprig"}],"event_choices":[{"damage_healed":0.0,"max_hp_gain":0.0,"max_hp_loss":0.0,"gold_gain":50.0,"event_name":"FaceTrader","player_choice":"Touch","floor":19.0,"gold_loss":0.0,"damage_taken":5.0},{"damage_healed":0.0,"max_hp_gain":0.0,"max_hp_loss":0.0,"gold_gain":0.0,"event_name":"SensoryStone","player_choice":"Memory 1","floor":39.0,"gold_loss":0.0,"damage_taken":0.0},{"damage_healed":0,"gold_gain":0,"player_choice":"Got Potions","damage_taken":0,"max_hp_gain":0,"max_hp_loss":0,"event_name":"Lab","floor":46,"gold_loss":0},{"cards_removed":["Strike_Lin:ReiMu"],"damage_healed":0,"gold_gain":0,"player_choice":"Removed Attack","damage_taken":0,"max_hp_gain":0,"max_hp_loss":0,"event_name":"Falling","floor":48,"gold_loss":0}],"is_beta":false,"boss_relics":[{"not_picked":["Kintsugi","aspiration:IroncladSkillbook"],"picked":"Replay:Bronze Core"},{"not_picked":["Sozu","Tiny House"],"picked":"Fusion Hammer"}],"items_purged_floors":[53],"is_endless":false,"potions_floor_spawned":[1,3,5,7,11,12,13,18,20,21,36,44,45],"ascension_level":15}}