{"host":"ia9e4s524g7bamk7","time":1613333766,"event":{"mods":["AchievementEnabler","BaseMod","Colored Map","Minty Spire (QoL Compilation)","Permanent Neow","Slay-I","slay the spire mod where everything is the same but ironclad has a cowboy hat"],"gold_per_floor":[118,118,133,152,227,253,253,278,356,375,59,86,86,101,101,198,198,214,214,37,55,0,33,33,33,59,75,86,111,111,136,136,235,235,235,235,235,248,248,273,273,307,307,17,17,42,92,104,104,104,104,104,1,29,29,29],"floor_reached":55,"language":"ENG","playtime":4155,"items_purged":["Predator"],"score":1115,"play_id":"90e659cf-6f46-4461-a4f6-329aa8264aa5","local_time":"20210214211606","is_ascension_mode":true,"campfire_choices":[{"data":"Dash","floor":7.0,"key":"SMITH"},{"data":"Infinite Blades","floor":13.0,"key":"SMITH"},{"floor":15.0,"key":"REST"},{"floor":25.0,"key":"RECALL"},{"floor":30.0,"key":"REST"},{"floor":32.0,"key":"REST"},{"floor":45,"key":"REST"},{"floor":49,"key":"REST"},{"floor":52,"key":"REST"}],"circlet_count":0,"master_deck":["Survivor","Neutralize","Corpse Explosion","Poisoned Stab","Crippling Poison","Leg Sweep","After Image","Predator+1","Dash+1","Backstab+1","Backflip","All Out Attack","Noxious Fumes","Impatience","Infinite Blades+1","Die Die Die","Cloak And Dagger","Apotheosis","Choke","Dash","Tools of the Trade","Eviscerate","Envenom","Catalyst+1","Riddle With Holes+1","Crippling Poison+1"],"relics":["Pandora\u0027s Box","Thread and Needle","Juzu Bracelet","Meat on the Bone","Whetstone","Shuriken","Snecko Eye","Oddly Smooth Stone","StoneCalendar","MealTicket","Fusion Hammer","Ornamental Fan","Orichalcum","Bronze Scales","Mummified Hand","Ginger","Ice Cream","Toy Ornithopter"],"acts_visited":["Exordium","TheCity","TheBeyond","TheEnding"],"potions_floor_usage":[35,40,42,46,50,54,54,54,54,55],"damage_taken":[{"damage":13.0,"enemies":"Small Slimes","floor":1.0,"turns":3.0},{"damage":0.0,"enemies":"2 Louse","floor":3.0,"turns":1.0},{"damage":0.0,"enemies":"Cultist","floor":4.0,"turns":3.0},{"damage":11.0,"enemies":"Gremlin Nob","floor":6.0,"turns":4.0},{"damage":0.0,"enemies":"Lagavulin","floor":8.0,"turns":6.0},{"damage":2.0,"enemies":"2 Fungi Beasts","floor":10.0,"turns":3.0},{"damage":14.0,"enemies":"Gremlin Nob","floor":12.0,"turns":4.0},{"damage":0.0,"enemies":"3 Louse","floor":14.0,"turns":3.0},{"damage":0.0,"enemies":"Slime Boss","floor":16.0,"turns":5.0},{"damage":0.0,"enemies":"Spheric Guardian","floor":18.0,"turns":3.0},{"damage":8.0,"enemies":"3 Byrds","floor":21.0,"turns":2.0},{"damage":39.0,"enemies":"Gremlin Leader","floor":23.0,"turns":6.0},{"damage":2.0,"enemies":"Shelled Parasite and Fungi","floor":27.0,"turns":3.0},{"damage":3.0,"enemies":"Snake Plant","floor":28.0,"turns":4.0},{"damage":13.0,"enemies":"Book of Stabbing","floor":29.0,"turns":5.0},{"damage":15.0,"enemies":"Gremlin Leader","floor":31.0,"turns":5.0},{"damage":19.0,"enemies":"Automaton","floor":33.0,"turns":7.0},{"damage":0,"enemies":"3 Darklings","floor":35,"turns":1},{"damage":0,"enemies":"Orb Walker","floor":38,"turns":4},{"damage":50,"enemies":"Nemesis","floor":40,"turns":5},{"damage":0,"enemies":"Reptomancer","floor":42,"turns":4},{"damage":0,"enemies":"Nemesis","floor":46,"turns":3},{"damage":0,"enemies":"Mind Bloom Boss Battle","floor":47,"turns":4},{"damage":0,"enemies":"Maw","floor":48,"turns":4},{"damage":15,"enemies":"Time Eater","floor":50,"turns":5},{"damage":64,"enemies":"Shield and Spear","floor":54,"turns":4},{"damage":59,"enemies":"The Heart","floor":55,"turns":3}],"seed_played":"1991783522228477623","potions_obtained":[{"floor":3.0,"key":"Poison Potion"},{"floor":6.0,"key":"Ancient Potion"},{"floor":10.0,"key":"Regen Potion"},{"floor":12.0,"key":"Energy Potion"},{"floor":16.0,"key":"EssenceOfSteel"},{"floor":21.0,"key":"SneckoOil"},{"floor":27.0,"key":"Swift Potion"},{"floor":28.0,"key":"SmokeBomb"},{"floor":38,"key":"LiquidBronze"},{"floor":39,"key":"DistilledChaos"},{"floor":39,"key":"LiquidMemories"},{"floor":40,"key":"DuplicationPotion"},{"floor":47,"key":"BlessingOfTheForge"},{"floor":54,"key":"SneckoOil"}],"is_trial":false,"path_per_floor":["M","?","M","M","?","E","R","E","T","M","$","E","R","M","R","B",null,"M","?","$","M","?","E","?","R","T","M","M","E","R","E","R","B",null,"M","?","?","M","?","E","$","E","T","$","R","E","?","M","R","B",null,"R","$","E","B"],"character_chosen":"THE_SILENT","items_purchased":["Whetstone","Impatience","Apotheosis","Mummified Hand","SkillPotion","EntropicBrew"],"campfire_rested":6,"item_purchase_floors":[11,11,20,44,44,53],"current_hp_per_floor":[57,50,50,50,39,28,28,28,28,38,38,36,36,36,57,57,70,70,70,70,62,62,35,35,35,35,42,39,38,59,44,65,46,70,70,66,66,66,66,28,43,43,43,58,66,66,66,66,66,51,66,66,66,14,0,0],"gold":29,"neow_bonus":"BOSS_RELIC","is_daily":false,"chose_seed":false,"campfire_upgraded":2,"win_rate":0.0,"timestamp":1613333766,"path_taken":["M","?","M","M","?","E","R","E","T","M","$","E","R","M","R","BOSS","M","?","?","M","?","E","?","R","T","M","M","E","R","E","R","BOSS","M","?","?","M","?","E","?","E","T","$","R","E","?","M","R","BOSS","R","$","E","BOSS"],"items_purchased_type":["Relic","Card","Card","Relic","Potion","Potion"],"build_version":"2020-12-22","purchased_purges":1,"victory":false,"max_hp_per_floor":[70,70,70,70,70,70,70,70,70,70,70,70,70,70,70,70,70,70,70,70,70,70,70,70,70,70,70,70,70,70,70,70,70,70,70,66,66,66,66,66,66,66,66,66,66,66,66,66,66,66,66,66,66,66,66,66],"card_choices":[{"not_picked":["Blade Dance","Distraction"],"picked":"Backstab","floor":1.0},{"not_picked":["PiercingWail","Cloak And Dagger"],"picked":"Prepared","floor":3.0},{"not_picked":["Dodge and Roll","All Out Attack","Acrobatics"],"picked":"SKIP","floor":4.0},{"not_picked":["PiercingWail","Heel Hook"],"picked":"Backflip","floor":6.0},{"not_picked":["Acrobatics","Predator"],"picked":"All Out Attack","floor":8.0},{"not_picked":["Infinite Blades","Poisoned Stab"],"picked":"Noxious Fumes","floor":10.0},{"not_picked":["Flying Knee","Dagger Spray"],"picked":"Infinite Blades","floor":12.0},{"not_picked":["Acrobatics","Sucker Punch","Blade Dance"],"picked":"SKIP","floor":14.0},{"not_picked":["Malaise","Doppelganger"],"picked":"Die Die Die","floor":16.0},{"not_picked":["Poisoned Stab","PiercingWail"],"picked":"Cloak And Dagger","floor":18.0},{"not_picked":["Quick Slash","Dodge and Roll","Setup"],"picked":"SKIP","floor":21.0},{"not_picked":["Poisoned Stab","Backflip+1"],"picked":"Choke","floor":23.0},{"not_picked":["Distraction+1","Dagger Spray","Acrobatics"],"picked":"SKIP","floor":27.0},{"not_picked":["Setup","Escape Plan"],"picked":"Dash","floor":28.0},{"not_picked":["Concentrate+1","Dodge and Roll+1"],"picked":"Tools of the Trade","floor":29.0},{"not_picked":["Slice","Choke"],"picked":"Eviscerate","floor":31.0},{"not_picked":["Bullet Time","Die Die Die"],"picked":"Envenom","floor":33.0},{"not_picked":["Calculated Gamble+1","Dodge and Roll","Caltrops"],"picked":"SKIP","floor":38},{"not_picked":["Acrobatics+1","Accuracy","Burst"],"picked":"SKIP","floor":40},{"not_picked":["Dodge and Roll","Accuracy"],"picked":"Catalyst+1","floor":42},{"not_picked":["Acrobatics","Poisoned Stab","Dodge and Roll"],"picked":"SKIP","floor":46},{"not_picked":["Choke+1","Distraction+1"],"picked":"Riddle With Holes+1","floor":47},{"not_picked":["Acrobatics+1","Bouncing Flask+1"],"picked":"Crippling Poison+1","floor":48},{"not_picked":["Choke+1","All Out Attack","Deadly Poison+1"],"picked":"SKIP","floor":54}],"player_experience":350964,"relics_obtained":[{"floor":6.0,"key":"Thread and Needle"},{"floor":8.0,"key":"Juzu Bracelet"},{"floor":9.0,"key":"Meat on the Bone"},{"floor":12.0,"key":"Shuriken"},{"floor":23.0,"key":"Oddly Smooth Stone"},{"floor":29.0,"key":"StoneCalendar"},{"floor":31.0,"key":"MealTicket"},{"floor":40,"key":"Ornamental Fan"},{"floor":42,"key":"Orichalcum"},{"floor":43,"key":"Bronze Scales"},{"floor":46,"key":"Ginger"},{"floor":47,"key":"Ice Cream"},{"floor":54,"key":"Toy Ornithopter"}],"event_choices":[{"cards_removed":["Accuracy"],"damage_healed":0.0,"max_hp_gain":0.0,"max_hp_loss":0.0,"gold_gain":0.0,"event_name":"Golden Wing","player_choice":"Card Removal","floor":2.0,"gold_loss":0.0,"damage_taken":7.0},{"damage_healed":0.0,"max_hp_gain":0.0,"max_hp_loss":0.0,"gold_gain":75.0,"event_name":"World of Goop","player_choice":"Gather Gold","floor":5.0,"gold_loss":0.0,"damage_taken":11.0},{"cards_removed":["Heel Hook"],"damage_healed":0.0,"max_hp_gain":0.0,"max_hp_loss":0.0,"gold_gain":0.0,"event_name":"Purifier","player_choice":"Purged","floor":19.0,"gold_loss":0.0,"damage_taken":0.0},{"damage_healed":0.0,"max_hp_gain":0.0,"max_hp_loss":0.0,"gold_gain":0.0,"event_name":"Masked Bandits","player_choice":"Paid Fearfully","floor":22.0,"gold_loss":55.0,"damage_taken":0.0},{"damage_healed":0.0,"max_hp_gain":0.0,"max_hp_loss":0.0,"gold_gain":0.0,"event_name":"Ghosts","player_choice":"Ignored","floor":24.0,"gold_loss":0.0,"damage_taken":0.0},{"damage_healed":0,"gold_gain":0,"player_choice":"Max HP","damage_taken":0,"max_hp_gain":0,"max_hp_loss":4,"event_name":"Winding Halls","floor":36,"gold_loss":0},{"cards_removed":["Prepared"],"damage_healed":0,"gold_gain":0,"player_choice":"Purged","damage_taken":0,"max_hp_gain":0,"max_hp_loss":0,"event_name":"Purifier","floor":37,"gold_loss":0},{"damage_healed":0,"gold_gain":0,"player_choice":"Got Potions","damage_taken":0,"max_hp_gain":0,"max_hp_loss":0,"event_name":"Lab","floor":39,"gold_loss":0},{"damage_healed":0,"gold_gain":0,"player_choice":"Fight","damage_taken":0,"max_hp_gain":0,"max_hp_loss":0,"event_name":"MindBloom","floor":47,"gold_loss":0}],"is_beta":false,"boss_relics":[{"not_picked":["WristBlade","Coffee Dripper"],"picked":"Snecko Eye"},{"not_picked":["Runic Pyramid","SacredBark"],"picked":"Fusion Hammer"}],"items_purged_floors":[11],"is_endless":false,"potions_floor_spawned":[3,6,10,12,16,21,27,28,38,40,47,54],"killed_by":"The Heart","ascension_level":4}}