{"host":"rmsq46plbpwfbxcc","time":1613281788,"event":{"mods":["AchievementEnabler","BaseMod","Colored Map","Colored Powertips","DeckTracker","KOR Keyword Fix","Minty Spire (QoL Compilation)","Permanent Neow","Quick Restart","SuperFastMode"],"gold_per_floor":[18,18,193,193,213,213,254,254,309,347,159,202,216,166,166,289,289,313,313,83,108,108,108,149,168,218,218,133,133,157,107,107,236,236,260,54,54,74,407,407,424,455,507,536,536,553,45,45,45,45,45,45,45,77,77],"floor_reached":56,"language":"KOR","playtime":1798,"items_purged":["Doubt","Strike_G","Grand Finale","Defend_G","Leg Sweep","Defend_G"],"score":1509,"play_id":"f113cb34-37fc-44f0-b92c-46ae0aea88de","local_time":"20210214144948","is_ascension_mode":true,"campfire_choices":[{"data":"Blade Dance","floor":6,"key":"SMITH"},{"data":"Poisoned Stab","floor":8,"key":"SMITH"},{"floor":15,"key":"REST"},{"data":"After Image","floor":23,"key":"SMITH"},{"data":"Cloak And Dagger","floor":27,"key":"SMITH"},{"data":"After Image","floor":29,"key":"SMITH"},{"data":"Terror","floor":32,"key":"SMITH"},{"data":"Finisher","floor":40,"key":"SMITH"},{"floor":49,"key":"RECALL"},{"data":"Accuracy","floor":52,"key":"SMITH"}],"circlet_count":0,"master_deck":["Defend_G+1","Survivor","Neutralize+1","Poisoned Stab+1","Blade Dance+1","After Image+1","Cloak And Dagger+1","Terror+1","Tactician","After Image+1","Finisher+1","Cloak And Dagger+1","Acrobatics+1","Backstab+1","Well Laid Plans","Accuracy+1","Terror+1","Backflip+1"],"relics":["Ring of the Snake","Thread and Needle","Omamori","Smiling Mask","Vajra","Bag of Marbles","Coffee Dripper","Blood Vial","Juzu Bracelet","Question Card","Empty Cage","Lantern","Sundial","Bag of Preparation","War Paint","HornCleat","Bronze Scales","Pantograph"],"acts_visited":["Exordium","TheCity","TheBeyond","TheEnding"],"potions_floor_usage":[21,24,24,25,42,55],"damage_taken":[{"damage":0,"enemies":"Small Slimes","floor":1,"turns":4},{"damage":0,"enemies":"Cultist","floor":5,"turns":3},{"damage":22,"enemies":"3 Sentries","floor":7,"turns":13},{"damage":15,"enemies":"Lagavulin","floor":10,"turns":6},{"damage":14,"enemies":"Gremlin Nob","floor":12,"turns":4},{"damage":0,"enemies":"Jaw Worm","floor":13,"turns":2},{"damage":2,"enemies":"The Guardian","floor":16,"turns":14},{"damage":0,"enemies":"Shell Parasite","floor":18,"turns":3},{"damage":0,"enemies":"Spheric Guardian","floor":21,"turns":3},{"damage":10,"enemies":"Gremlin Leader","floor":24,"turns":8},{"damage":0,"enemies":"Chosen and Byrds","floor":25,"turns":4},{"damage":7,"enemies":"Sentry and Sphere","floor":30,"turns":4},{"damage":26,"enemies":"Collector","floor":33,"turns":12},{"damage":0,"enemies":"3 Darklings","floor":35,"turns":9},{"damage":0,"enemies":"Orb Walker","floor":38,"turns":2},{"damage":0,"enemies":"3 Darklings","floor":41,"turns":5},{"damage":0,"enemies":"Nemesis","floor":42,"turns":11},{"damage":0,"enemies":"Giant Head","floor":44,"turns":5},{"damage":6,"enemies":"4 Shapes","floor":46,"turns":3},{"damage":3,"enemies":"Awakened One","floor":50,"turns":6},{"damage":0,"enemies":"Shield and Spear","floor":54,"turns":3},{"damage":56,"enemies":"The Heart","floor":55,"turns":6}],"seed_played":"-4282882182519268801","potions_obtained":[{"floor":12,"key":"Swift Potion"},{"floor":13,"key":"LiquidMemories"},{"floor":16,"key":"DuplicationPotion"},{"floor":21,"key":"Weak Potion"},{"floor":30,"key":"Weak Potion"},{"floor":35,"key":"GhostInAJar"}],"is_trial":false,"path_per_floor":["M","?","?","?","M","R","E","R","T","E","$","E","M","$","R","B",null,"M","?","$","M","?","R","E","M","T","R","?","R","M","$","R","B",null,"M","$","?","M","?","R","M","E","T","E","?","M","$","$","R","B",null,"R","$","E","B",null],"character_chosen":"THE_SILENT","items_purchased":["After Image","After Image","Finisher","Lantern","HornCleat","Bronze Scales","Block Potion"],"campfire_rested":1,"item_purchase_floors":[11,20,20,36,47,47,47],"current_hp_per_floor":[70,53,53,53,53,53,31,31,31,16,16,2,2,2,23,21,70,70,70,70,70,70,70,60,62,62,62,62,62,57,57,57,33,70,70,70,70,70,70,70,70,70,70,70,70,64,64,64,64,63,70,70,70,70,14],"gold":77,"neow_bonus":"ONE_RARE_RELIC","is_daily":false,"chose_seed":false,"campfire_upgraded":8,"win_rate":0.0,"timestamp":1613281788,"path_taken":["M","?","?","?","?","R","E","R","T","E","$","E","M","?","R","BOSS","M","?","$","M","?","R","E","M","T","R","?","R","M","$","R","BOSS","M","$","?","M","?","R","M","E","T","E","?","M","?","$","R","BOSS","R","$","E","BOSS"],"items_purchased_type":["Card","Card","Card","Relic","Relic","Relic","Potion"],"build_version":"2020-12-22","purchased_purges":6,"victory":true,"max_hp_per_floor":[70,70,70,70,70,70,70,70,70,70,70,70,70,70,70,70,70,70,70,70,70,70,70,70,70,70,70,70,70,70,70,70,70,70,70,70,70,70,70,70,70,70,70,70,70,70,70,70,70,70,70,70,70,70,70],"card_choices":[{"not_picked":["Bane","Riddle With Holes"],"picked":"Poisoned Stab","floor":1},{"not_picked":["Flying Knee","Slice"],"picked":"Blade Dance","floor":5},{"not_picked":["Dodge and Roll","Endless Agony","Flechettes"],"picked":"SKIP","floor":7},{"not_picked":["Deflect","Heel Hook","Catalyst"],"picked":"SKIP","floor":10},{"not_picked":["Flying Knee","Night Terror","Deadly Poison"],"picked":"SKIP","floor":12},{"not_picked":["Dagger Spray","Masterful Stab"],"picked":"Cloak And Dagger","floor":13},{"not_picked":["Infinite Blades","PiercingWail"],"picked":"Terror","floor":18},{"not_picked":["Eviscerate","Deflect","Caltrops"],"picked":"SKIP","floor":21},{"not_picked":["Bane+1","Concentrate","Slice+1"],"picked":"SKIP","floor":24},{"not_picked":["Dagger Spray","Flechettes+1","Quick Slash"],"picked":"SKIP","floor":25},{"not_picked":["Outmaneuver","Deadly Poison+1","Eviscerate+1","Unload"],"picked":"SKIP","floor":30},{"not_picked":["Bouncing Flask","Prepared","Slice"],"picked":"Cloak And Dagger+1","floor":35},{"not_picked":["Bane+1","Dagger Throw","All Out Attack"],"picked":"Acrobatics","floor":38},{"not_picked":["Underhanded Strike+1","Poisoned Stab+1","Dagger Spray"],"picked":"Backstab+1","floor":41},{"not_picked":["Terror","Deflect+1","Dagger Throw"],"picked":"Well Laid Plans","floor":42},{"not_picked":["Bane+1","Flechettes","Malaise"],"picked":"Accuracy","floor":44},{"not_picked":["Underhanded Strike","Tactician","Slice+1"],"picked":"Terror+1","floor":46},{"not_picked":["Acrobatics+1","Quick Slash","Accuracy"],"picked":"Backflip+1","floor":54}],"player_experience":640082,"relics_obtained":[{"floor":7,"key":"Omamori"},{"floor":9,"key":"Smiling Mask"},{"floor":10,"key":"Vajra"},{"floor":12,"key":"Bag of Marbles"},{"floor":24,"key":"Blood Vial"},{"floor":26,"key":"Juzu Bracelet"},{"floor":42,"key":"Bag of Preparation"},{"floor":44,"key":"War Paint"},{"floor":54,"key":"Pantograph"}],"event_choices":[{"damage_healed":0,"gold_gain":0,"player_choice":"Take Damage","damage_taken":17,"relics_obtained":["Golden Idol"],"max_hp_gain":0,"max_hp_loss":0,"event_name":"Golden Idol","floor":2,"gold_loss":0},{"damage_healed":0,"gold_gain":175,"player_choice":"AGREE","damage_taken":0,"max_hp_gain":0,"max_hp_loss":0,"event_name":"Liars Game","floor":3,"gold_loss":0,"cards_obtained":["Doubt"]},{"damage_healed":0,"gold_gain":0,"player_choice":"Upgraded","damage_taken":0,"max_hp_gain":0,"max_hp_loss":0,"event_name":"Upgrade Shrine","floor":4,"gold_loss":0,"cards_upgraded":["Neutralize"]},{"damage_healed":0,"gold_gain":0,"cards_transformed":["Strike_G","Defend_G"],"player_choice":"Became Test Subject","damage_taken":0,"max_hp_gain":0,"max_hp_loss":0,"event_name":"Drug Dealer","floor":19,"gold_loss":0,"cards_obtained":["Grand Finale","Tactician"]},{"damage_healed":0,"gold_gain":0,"cards_transformed":["Strike_G"],"player_choice":"Transformed","damage_taken":0,"max_hp_gain":0,"max_hp_loss":0,"event_name":"Transmorgrifier","floor":22,"gold_loss":0,"cards_obtained":["Leg Sweep"]},{"damage_healed":0,"gold_gain":0,"player_choice":"Obtained Relic","damage_taken":0,"relics_obtained":["Question Card"],"max_hp_gain":0,"max_hp_loss":0,"event_name":"Addict","floor":28,"gold_loss":85},{"damage_healed":0,"gold_gain":0,"player_choice":"Gave Potion","damage_taken":0,"relics_obtained":["Sundial"],"max_hp_gain":0,"max_hp_loss":0,"event_name":"WeMeetAgain","floor":37,"gold_loss":0},{"damage_healed":0,"gold_gain":333,"player_choice":"Gave Idol","damage_taken":0,"max_hp_gain":0,"max_hp_loss":0,"event_name":"The Moai Head","floor":39,"relics_lost":["Golden Idol"],"gold_loss":0},{"cards_removed":["Strike_G"],"damage_healed":0,"gold_gain":0,"player_choice":"Removed Attack","damage_taken":0,"max_hp_gain":0,"max_hp_loss":0,"event_name":"Falling","floor":45,"gold_loss":0}],"is_beta":false,"boss_relics":[{"not_picked":["Velvet Choker","Ring of the Serpent"],"picked":"Coffee Dripper"},{"not_picked":["Philosopher\u0027s Stone","Snecko Eye"],"picked":"Empty Cage"}],"items_purged_floors":[11,14,20,31,36,47],"is_endless":false,"potions_floor_spawned":[12,13,16,18,21,30,35],"ascension_level":4}}