{"host":"r0ye8pdzuq6zwfvs","time":1613293950,"event":{"mods":["AchievementEnabler","BaseMod","BetterRewards","CapriCore","Card Forge","Colored Map","Colored Powertips","Custom Start","DeckTracker","Luminous","Minty Spire (QoL Compilation)","Permanent Neow","Prisma Mod","Quick Restart","Relic Stats","Shop Mod","StSLib","SuperFastMode","Swap Starting Deck Mod","The Alterego","The Immortal","Uncapped"],"gold_per_floor":[109,121,141,141,141,175,175,175,175,175,175,209,227,238,238,341,341,357,357,412,430,449,449,474,474,474,474,474,501,513,545,545,642,642,652,652,652,351,364,391,391,425,505,517,579,626,718,743,755,767,779,791,803,844,856],"floor_reached":56,"language":"ENG","playtime":898,"items_purged":[],"score":2183,"play_id":"2284eedb-b11b-4e4a-824d-ac1b9b26f359","local_time":"20210214021230","is_ascension_mode":true,"campfire_choices":[{"floor":10,"key":"RECALL"},{"floor":15,"key":"REST"},{"floor":23,"key":"REST"},{"floor":27,"key":"REST"},{"floor":32,"key":"REST"},{"floor":49,"key":"REST"},{"floor":52,"key":"REST"}],"circlet_count":0,"master_deck":["Capacitor+1","PrismaMod:IllyaUberDefendChannel+1","PrismaMod:IllyaUberAttackChannel+1","PrismaMod:IllyaBride+1","PrismaMod:IllyaGrail+1","PrismaMod:IllyaTestament+1","PrismaMod:MiyuEvokeAll+1","PrismaMod:IllyaTestament+1","PrismaMod:IllyaUberDefendChannel+1","PrismaMod:IllyaUberAttackChannel+1","Capacitor+1","PrismaMod:IllyaInstallForeigner","PrismaMod:MiyuEvokeAll+1"],"relics":["PrismaMod:PrismaRuby","Hammer of Thor","Seething Fire","Anvil of the Gods","Tiny Chest","Bronze Scales","Orichalcum","Thread and Needle","Darkstone Periapt","Matryoshka","Boot","Centennial Puzzle","Ornamental Fan","Lantern","Busted Crown","Vajra","Nunchaku","MealTicket","Smiling Mask","Letter Opener","Black Star","Juzu Bracelet","Strawberry","Bag of Preparation","Art of War","Blue Candle","MawBank","Omamori","Bottled Flame","TungstenRod","Pen Nib","HornCleat","Sundial","Pocketwatch"],"acts_visited":["Exordium","TheCity","TheBeyond","TheEnding"],"potions_floor_usage":[],"damage_taken":[{"damage":0,"enemies":"2 Louse","floor":1,"turns":1},{"damage":0,"enemies":"Small Slimes","floor":2,"turns":1},{"damage":0,"enemies":"Cultist","floor":3,"turns":1},{"damage":0,"enemies":"3 Sentries","floor":6,"turns":1},{"damage":0,"enemies":"Gremlin Nob","floor":12,"turns":1},{"damage":0,"enemies":"Looter","floor":13,"turns":1},{"damage":0,"enemies":"Exordium Wildlife","floor":14,"turns":1},{"damage":0,"enemies":"Hexaghost","floor":16,"turns":1},{"damage":0,"enemies":"3 Byrds","floor":18,"turns":1},{"damage":0,"enemies":"2 Thieves","floor":21,"turns":1},{"damage":0,"enemies":"Snake Plant","floor":22,"turns":1},{"damage":0,"enemies":"Slavers","floor":24,"turns":1},{"damage":0,"enemies":"Book of Stabbing","floor":29,"turns":1},{"damage":0,"enemies":"3 Cultists","floor":30,"turns":1},{"damage":0,"enemies":"Gremlin Leader","floor":31,"turns":1},{"damage":0,"enemies":"Champ","floor":33,"turns":1},{"damage":0,"enemies":"3 Shapes","floor":35,"turns":1},{"damage":0,"enemies":"3 Darklings","floor":39,"turns":1},{"damage":0,"enemies":"Reptomancer","floor":40,"turns":1},{"damage":0,"enemies":"Nemesis","floor":42,"turns":1},{"damage":0,"enemies":"Mind Bloom Boss Battle","floor":45,"turns":1},{"damage":0,"enemies":"Reptomancer","floor":46,"turns":1},{"damage":0,"enemies":"Sphere and 2 Shapes","floor":48,"turns":1},{"damage":0,"enemies":"Time Eater","floor":50,"turns":1},{"damage":0,"enemies":"Shield and Spear","floor":54,"turns":1},{"damage":0,"enemies":"The Heart","floor":55,"turns":2}],"seed_played":"-8348146178879050441","potions_obtained":[],"is_trial":false,"path_per_floor":["M","M","M","?","?","E","?","T","T","R","$","E","M","M","R","B",null,"M","?","T","M","M","R","E","?","T","R","?","E","M","E","R","B",null,"M","?","T","$","M","E","?","E","T","?","?","E","T","M","R","B",null,"R","$","E","B",null],"character_chosen":"ILLYA","items_purchased":["Tiny Chest","Bronze Scales","Orichalcum","Thread and Needle","Strawberry","Bag of Preparation"],"campfire_rested":6,"item_purchase_floors":[0,0,0,0,38,38],"current_hp_per_floor":[75,75,75,75,75,75,75,75,75,75,75,75,75,75,75,75,75,75,85,85,85,85,85,85,85,85,85,69,69,69,69,90,90,90,90,90,90,97,97,97,92,92,92,92,92,92,92,92,92,92,92,92,92,92,92],"gold":868,"neow_bonus":"","is_daily":false,"chose_seed":false,"campfire_upgraded":0,"win_rate":0.0,"timestamp":1613293950,"path_taken":["M","M","M","?","?","E","?","?","T","R","?","E","?","M","R","BOSS","M","?","?","M","M","R","E","?","T","R","?","E","M","E","R","BOSS","M","?","?","$","M","E","?","E","T","?","?","E","?","M","R","BOSS","R","$","E","BOSS"],"items_purchased_type":["Relic","Relic","Relic","Relic","Relic","Relic"],"build_version":"2020-12-22","purchased_purges":0,"victory":true,"max_hp_per_floor":[75,75,75,75,75,75,75,75,75,75,75,75,75,75,75,75,75,75,85,85,85,85,85,85,85,85,85,90,90,90,90,90,90,90,90,90,90,97,97,97,92,92,92,92,92,92,92,92,92,92,92,92,92,92,92],"relic_stats":{"Darkstone Periapt":0,"counters":[96,120],"Blue Candle":[0],"Pen Nib":[0],"Juzu Bracelet":1,"Bag of Preparation":[64],"Letter Opener":[100],"Orichalcum":[42],"Boot":[0],"Smiling Mask":0,"MawBank":288,"Centennial Puzzle":[0],"Nunchaku":[1],"Busted Crown":32,"Ornamental Fan":[0],"Sundial":[0],"Bronze Scales":[0],"Tiny Chest":4,"MealTicket":0,"Black Star":4,"Art of War":[0],"obtain_stats":[{"Vajra":20,"Hammer of Thor":0,"Ginger":28,"Bottled Tornado":54,"Boot":40,"Blood Vial":43,"Sozu":34,"PrismaMod:PrismaRuby":0,"Centennial Puzzle":9,"HornCleat":47,"Sundial":54,"Strawberry":38,"MealTicket":39,"Kunai":26,"Blue Candle":40,"Pen Nib":46,"Letter Opener":44,"SlaversCollar":34,"OrangePellets":0,"Bottled Flame":43,"Anvil of the Gods":0,"Shuriken":0,"Bronze Scales":42,"Black Star":34,"Meat on the Bone":47,"Pocketwatch":54,"Darkstone Periapt":29,"Lantern":9,"Bag of Preparation":30,"Juzu Bracelet":37,"Smiling Mask":29,"Nunchaku":6,"Matryoshka":39,"Tiny Chest":0,"Potion Belt":7,"Lee\u0027s Waffle":53,"Thread and Needle":24,"The Courier":21,"Omamori":0,"Seething Fire":0,"Orichalcum":26,"Frozen Egg 2":0,"Odd Mushroom":8,"MawBank":43,"White Beast Statue":0,"Peace Pipe":46,"Anchor":0,"Busted Crown":17,"Ornamental Fan":9,"Coffee Dripper":17,"Art of War":53,"Bottled Lightning":30,"Toy Ornithopter":43,"TungstenRod":45},{"Vajra":79,"Hammer of Thor":0,"Ginger":18,"Bottled Tornado":33,"Boot":25,"Blood Vial":27,"Sozu":57,"PrismaMod:PrismaRuby":0,"Centennial Puzzle":74,"HornCleat":92,"Sundial":95,"Strawberry":87,"MealTicket":24,"Kunai":52,"Blue Candle":89,"Pen Nib":92,"Letter Opener":28,"SlaversCollar":20,"OrangePellets":34,"Bottled Flame":90,"Anvil of the Gods":0,"Shuriken":34,"Bronze Scales":63,"Black Star":86,"Meat on the Bone":31,"Pocketwatch":95,"Darkstone Periapt":55,"Lantern":40,"Bag of Preparation":18,"Juzu Bracelet":87,"Smiling Mask":83,"Nunchaku":5,"Matryoshka":24,"Tiny Chest":70,"Potion Belt":39,"Lee\u0027s Waffle":68,"Thread and Needle":16,"The Courier":14,"Omamori":34,"Seething Fire":0,"Orichalcum":16,"Frozen Egg 2":34,"Odd Mushroom":40,"MawBank":63,"White Beast Statue":34,"Peace Pipe":30,"Anchor":34,"Busted Crown":78,"Ornamental Fan":74,"Coffee Dripper":11,"Art of War":32,"Bottled Lightning":18,"Toy Ornithopter":27,"TungstenRod":91},{"Vajra":102,"Hammer of Thor":0,"Ginger":29,"Bottled Tornado":46,"Boot":36,"Blood Vial":38,"Sozu":77,"PrismaMod:PrismaRuby":0,"Centennial Puzzle":97,"HornCleat":115,"Sundial":118,"Strawberry":110,"MealTicket":35,"Kunai":72,"Blue Candle":112,"Pen Nib":115,"Letter Opener":39,"SlaversCollar":31,"OrangePellets":50,"Bottled Flame":113,"Anvil of the Gods":0,"Shuriken":50,"Bronze Scales":84,"Black Star":109,"Meat on the Bone":42,"Pocketwatch":118,"Darkstone Periapt":75,"Lantern":59,"Bag of Preparation":29,"Juzu Bracelet":110,"Smiling Mask":106,"Nunchaku":10,"Matryoshka":35,"Tiny Chest":93,"Potion Belt":58,"Lee\u0027s Waffle":90,"Thread and Needle":26,"The Courier":24,"Omamori":50,"Seething Fire":0,"Orichalcum":26,"Frozen Egg 2":50,"Odd Mushroom":59,"MawBank":84,"White Beast Statue":50,"Peace Pipe":41,"Anchor":50,"Busted Crown":101,"Ornamental Fan":97,"Coffee Dripper":19,"Art of War":45,"Bottled Lightning":29,"Toy Ornithopter":38,"TungstenRod":114}],"TungstenRod":5,"Pocketwatch":[0]},"card_choices":[{"not_picked":["PrismaMod:IllyaGrailKun","PrismaMod:IllyaUncommonDefend","PrismaMod:IllyaFeed"],"picked":"SKIP","floor":1},{"not_picked":["PrismaMod:IllyaFriendMaker","PrismaMod:IllyaMaid","PrismaMod:IllyaPoisoningPhantasm"],"picked":"SKIP","floor":2},{"not_picked":["PrismaMod:IllyaRussianRoulette","PrismaMod:IllyaCommonEvoke","PrismaMod:IllyaFeed"],"picked":"SKIP","floor":3},{"not_picked":["PrismaMod:IllyaPoisonBlock","PrismaMod:IllyaHassanGift","PrismaMod:IllyaStunPoison"],"picked":"SKIP","floor":6},{"not_picked":["PrismaMod:IllyaCheapChannelDefend","PrismaMod:IllyaStunPoison","PrismaMod:IllyaRubysPotion"],"picked":"SKIP","floor":12},{"not_picked":["PrismaMod:IllyaPoisonTippedWeapons","PrismaMod:IllyaMinorZwei","PrismaMod:IllyaUncommonAttack"],"picked":"SKIP","floor":13},{"not_picked":["PrismaMod:IllyaEvokeAll","PrismaMod:IllyaUberAttackChannel","PrismaMod:IllyaPoisoningPhantasm"],"picked":"SKIP","floor":14},{"not_picked":["PrismaMod:IllyaStunPoison"],"picked":"SKIP","floor":18},{"not_picked":["PrismaMod:IllyaGrailKun"],"picked":"SKIP","floor":21},{"not_picked":["PrismaMod:IllyaBerserCAR"],"picked":"SKIP","floor":22},{"not_picked":["PrismaMod:IllyaPoisonTippedWeapons"],"picked":"SKIP","floor":24},{"not_picked":["PrismaMod:IllyaBerserCAR"],"picked":"SKIP","floor":29},{"not_picked":["PrismaMod:IllyaStunPoison+1"],"picked":"SKIP","floor":30},{"not_picked":["PrismaMod:IllyaZwei"],"picked":"SKIP","floor":31},{"not_picked":["PrismaMod:IllyaDevil"],"picked":"SKIP","floor":35},{"not_picked":["PrismaMod:IllyaUncommonDefend+1"],"picked":"SKIP","floor":39},{"not_picked":["PrismaMod:IllyaFeed"],"picked":"SKIP","floor":40},{"not_picked":["PrismaMod:IllyaBlindPoisonToss+1"],"picked":"SKIP","floor":42},{"not_picked":["PrismaMod:IllyaMinorZwei+1"],"picked":"SKIP","floor":46},{"not_picked":["PrismaMod:IllyaBerserCAR+1"],"picked":"SKIP","floor":48},{"not_picked":["PrismaMod:IllyaCheapChannelDefend"],"picked":"SKIP","floor":54}],"player_experience":222435,"relics_obtained":[{"floor":6,"key":"Matryoshka"},{"floor":8,"key":"Boot"},{"floor":9,"key":"Centennial Puzzle"},{"floor":9,"key":"Ornamental Fan"},{"floor":12,"key":"Lantern"},{"floor":20,"key":"Vajra"},{"floor":24,"key":"Nunchaku"},{"floor":26,"key":"MealTicket"},{"floor":29,"key":"Smiling Mask"},{"floor":31,"key":"Letter Opener"},{"floor":37,"key":"Juzu Bracelet"},{"floor":40,"key":"Art of War"},{"floor":40,"key":"Blue Candle"},{"floor":42,"key":"MawBank"},{"floor":42,"key":"Omamori"},{"floor":43,"key":"Bottled Flame"},{"floor":45,"key":"TungstenRod"},{"floor":46,"key":"Pen Nib"},{"floor":47,"key":"HornCleat"},{"floor":54,"key":"Sundial"},{"floor":54,"key":"Pocketwatch"}],"event_choices":[{"damage_healed":0,"gold_gain":0,"player_choice":"Ignored","damage_taken":0,"max_hp_gain":0,"max_hp_loss":0,"event_name":"Golden Idol","floor":4,"gold_loss":0},{"cards_removed":["Capacitor"],"damage_healed":0,"gold_gain":0,"player_choice":"Forget","damage_taken":0,"max_hp_gain":0,"max_hp_loss":0,"event_name":"Living Wall","floor":5,"gold_loss":0},{"damage_healed":0,"gold_gain":0,"player_choice":"Ignored","damage_taken":0,"max_hp_gain":0,"max_hp_loss":0,"event_name":"Accursed Blacksmith","floor":7,"gold_loss":0},{"cards_removed":["PrismaMod:IllyaInstallForeigner"],"damage_healed":0,"gold_gain":0,"player_choice":"Offered Rare","damage_taken":0,"max_hp_gain":10,"max_hp_loss":0,"event_name":"Bonfire Elementals","floor":19,"gold_loss":0},{"damage_healed":0,"gold_gain":0,"player_choice":"Ignored","damage_taken":0,"max_hp_gain":0,"max_hp_loss":0,"event_name":"The Mausoleum","floor":25,"gold_loss":0},{"damage_healed":0,"gold_gain":0,"player_choice":"Shed Blood","damage_taken":21,"max_hp_gain":5,"max_hp_loss":0,"event_name":"Forgotten Altar","floor":28,"gold_loss":0},{"damage_healed":0,"gold_gain":0,"player_choice":"Ignored","damage_taken":0,"max_hp_gain":0,"max_hp_loss":0,"event_name":"Tomb of Lord Red Mask","floor":36,"gold_loss":0},{"damage_healed":0,"gold_gain":0,"player_choice":"Max HP","damage_taken":0,"max_hp_gain":0,"max_hp_loss":5,"event_name":"Winding Halls","floor":41,"gold_loss":0},{"cards_removed":["PrismaMod:MiyuEvokeAll"],"damage_healed":0,"gold_gain":0,"player_choice":"Removed Skill","damage_taken":0,"max_hp_gain":0,"max_hp_loss":0,"event_name":"Falling","floor":44,"gold_loss":0},{"damage_healed":0,"gold_gain":0,"player_choice":"Fight","damage_taken":0,"max_hp_gain":0,"max_hp_loss":0,"event_name":"MindBloom","floor":45,"gold_loss":0}],"is_beta":false,"boss_relics":[{"not_picked":["Sozu","Runic Dome"],"picked":"Busted Crown"},{"not_picked":["SlaversCollar","Pandora\u0027s Box"],"picked":"Black Star"}],"items_purged_floors":[],"is_endless":false,"potions_floor_spawned":[2,3,6,21,24,29,30,33,35,45,46,48,54],"ascension_level":1}}