{"host":"gc0hqzwg2gd3zszy","time":1613279718,"event":{"mods":["BaseMod","DeckTracker","Minty Spire (QoL Compilation)","Relic Stats","SuperFastMode"],"gold_per_floor":[112,122,136,61,61,92,92,120,120,120,120],"floor_reached":10,"language":"KOR","playtime":367,"items_purged":["Defend_R"],"score":152,"play_id":"e249b923-ea72-49de-8f85-0b8640f02083","local_time":"20210214141518","is_ascension_mode":true,"campfire_choices":[{"data":"Bash","floor":7,"key":"SMITH"}],"circlet_count":0,"master_deck":["AscendersBane","Strike_R","Strike_R","Strike_R","Defend_R","Defend_R","Defend_R","Bash+1","Havoc","Clothesline","Feel No Pain","Inflame","Whirlwind","Intimidate","Sword Boomerang"],"relics":["Burning Blood","Frozen Egg 2","White Beast Statue","Toxic Egg 2"],"acts_visited":["Exordium"],"potions_floor_usage":[6,6,8],"damage_taken":[{"damage":9,"enemies":"Jaw Worm","floor":1,"turns":5},{"damage":11,"enemies":"Small Slimes","floor":2,"turns":5},{"damage":5,"enemies":"2 Louse","floor":3,"turns":3},{"damage":6,"enemies":"Gremlin Nob","floor":6,"turns":3},{"damage":31,"enemies":"3 Sentries","floor":8,"turns":6},{"damage":39,"enemies":"Gremlin Nob","floor":10,"turns":4}],"seed_played":"-7721874254561475634","potions_obtained":[{"floor":2,"key":"DistilledChaos"},{"floor":3,"key":"CultistPotion"},{"floor":6,"key":"Weak Potion"}],"is_trial":false,"path_per_floor":["M","M","M","$","?","E","R","E","T","E"],"character_chosen":"IRONCLAD","items_purchased":[],"campfire_rested":0,"item_purchase_floors":[],"current_hp_per_floor":[65,60,61,61,61,61,61,36,36,0,0],"gold":120,"neow_bonus":"TRANSFORM_CARD","is_daily":false,"chose_seed":false,"campfire_upgraded":1,"win_rate":0.0,"timestamp":1613279718,"path_taken":["M","M","M","$","?","E","R","E","T","E"],"items_purchased_type":[],"build_version":"2020-12-22","purchased_purges":1,"victory":false,"max_hp_per_floor":[75,75,75,75,75,75,75,75,75,75,75],"relic_stats":{"counters":[6,26],"obtain_stats":[{"Frozen Egg 2":6,"Toxic Egg 2":9,"Burning Blood":0,"White Beast Statue":8},{"Frozen Egg 2":4,"Toxic Egg 2":5,"Burning Blood":0,"White Beast Statue":5},{"Frozen Egg 2":16,"Toxic Egg 2":22,"Burning Blood":0,"White Beast Statue":22}],"Burning Blood":30},"card_choices":[{"not_picked":["True Grit","Rampage"],"picked":"Clothesline","floor":1},{"not_picked":["Twin Strike","Clothesline"],"picked":"Feel No Pain","floor":2},{"not_picked":["Twin Strike","Headbutt"],"picked":"Inflame","floor":3},{"not_picked":["Clash","Spot Weakness"],"picked":"Intimidate","floor":6},{"not_picked":["Flex","Searing Blow"],"picked":"Sword Boomerang","floor":8}],"player_experience":1394757,"relics_obtained":[{"floor":6,"key":"Frozen Egg 2"},{"floor":8,"key":"White Beast Statue"},{"floor":9,"key":"Toxic Egg 2"}],"event_choices":[{"damage_healed":0,"gold_gain":0,"cards_transformed":["Strike_R"],"player_choice":"Change","damage_taken":0,"max_hp_gain":0,"max_hp_loss":0,"event_name":"Living Wall","floor":5,"gold_loss":0,"cards_obtained":["Whirlwind"]}],"is_beta":false,"boss_relics":[],"items_purged_floors":[4],"is_endless":false,"potions_floor_spawned":[2,3,6],"killed_by":"Gremlin Nob","ascension_level":20}}