{"host":"kh6fvhxn285ncg0o","time":1613322509,"event":{"mods":["Act Like it!","BaseMod","Colored Map","Friendly Minions","Keyboard Shortcuts","Minty Spire (QoL Compilation)","Quick Restart","Relic Stats","StSLib","SuperFastMode","UnlockEverythingMod"],"gold_per_floor":[16,116,132,132,132,162,179,214,214,214,246,246,280,293,293,367,367,386,413,89,139,158,190,190,215,261,294,312,232,232,55,55,128,128,141,189,189,209,234,234,259,277,277,277,304,175,175,186,186,186,186,186,186,46,74,74],"floor_reached":57,"language":"KOR","playtime":1986,"items_purged":["Strike_R","Strike_R","Strike_R","The Bomb"],"score":3509,"play_id":"f6baa570-33a2-4c1b-9354-a2cefd07a44d","local_time":"20210215020829","is_ascension_mode":true,"campfire_choices":[{"floor":10.0,"key":"REST"},{"data":"Armaments","floor":12.0,"key":"SMITH"},{"floor":15.0,"key":"REST"},{"data":"Feel No Pain","floor":24.0,"key":"SMITH"},{"floor":30.0,"key":"REST"},{"floor":32.0,"key":"RECALL"},{"data":"Burning Pact","floor":40.0,"key":"SMITH"},{"data":"Bludgeon","floor":49,"key":"SMITH"},{"data":"Bash","floor":53,"key":"SMITH"}],"circlet_count":0,"master_deck":["AscendersBane","Defend_R","Defend_R","Defend_R","Defend_R","Bash+1","Burning Pact+1","Armaments+1","Disarm+1","Impervious+1","Dual Wield+1","Feel No Pain+1","Barricade","Discovery+1","Bludgeon+1","True Grit+1"],"relics":["Burning Blood","Mango","TungstenRod","Gambling Chip","Singing Bowl","Toxic Egg 2","Snecko Eye","Red Mask","Lee\u0027s Waffle","The Courier","White Beast Statue","Happy Flower","Lantern","Coffee Dripper","Thread and Needle","CaptainsWheel","Paper Frog","Pantograph","ClockworkSouvenir","Mummified Hand"],"acts_visited":["Exordium","TheCity","TheBeyond","TheEnding"],"potions_floor_usage":[42,56,56],"damage_taken":[{"damage":17.0,"enemies":"Small Slimes","floor":1.0,"turns":3.0},{"damage":2.0,"enemies":"Cultist","floor":3.0,"turns":4.0},{"damage":20.0,"enemies":"Lagavulin","floor":6.0,"turns":7.0},{"damage":7.0,"enemies":"Jaw Worm","floor":7.0,"turns":3.0},{"damage":64.0,"enemies":"Gremlin Nob","floor":8.0,"turns":5.0},{"damage":13.0,"enemies":"3 Sentries","floor":11.0,"turns":3.0},{"damage":7.0,"enemies":"Gremlin Nob","floor":13.0,"turns":3.0},{"damage":9.0,"enemies":"3 Louse","floor":14.0,"turns":3.0},{"damage":28.0,"enemies":"The Guardian","floor":16.0,"turns":11.0},{"damage":8.0,"enemies":"2 Thieves","floor":18.0,"turns":3.0},{"damage":21.0,"enemies":"Masked Bandits","floor":19.0,"turns":3.0},{"damage":17.0,"enemies":"Shell Parasite","floor":22.0,"turns":5.0},{"damage":15.0,"enemies":"Slavers","floor":23.0,"turns":3.0},{"damage":98.0,"enemies":"Book of Stabbing","floor":25.0,"turns":11.0},{"damage":0.0,"enemies":"Gremlin Leader","floor":27.0,"turns":6.0},{"damage":0.0,"enemies":"Centurion and Healer","floor":28.0,"turns":4.0},{"damage":0.0,"enemies":"Champ","floor":33.0,"turns":16.0},{"damage":0.0,"enemies":"3 Darklings","floor":35.0,"turns":4.0},{"damage":25.0,"enemies":"2 Orb Walkers","floor":36.0,"turns":4.0},{"damage":0.0,"enemies":"Orb Walker","floor":38.0,"turns":1.0},{"damage":0.0,"enemies":"Mind Bloom Boss Battle","floor":39.0,"turns":4.0},{"damage":0.0,"enemies":"Reptomancer","floor":41.0,"turns":3.0},{"damage":2.0,"enemies":"Writhing Mass","floor":42.0,"turns":3.0},{"damage":5,"enemies":"Giant Head","floor":45,"turns":6},{"damage":0,"enemies":"Jaw Worm Horde","floor":48,"turns":5},{"damage":5,"enemies":"Awakened One","floor":50,"turns":6},{"damage":0,"enemies":"Donu and Deca","floor":51,"turns":8},{"damage":0,"enemies":"Shield and Spear","floor":55,"turns":4},{"damage":84,"enemies":"The Heart","floor":56,"turns":14}],"seed_played":"-2615823971901167571","potions_obtained":[{"floor":1.0,"key":"SteroidPotion"},{"floor":11.0,"key":"PowerPotion"},{"floor":14.0,"key":"GamblersBrew"},{"floor":18.0,"key":"Strength Potion"},{"floor":19.0,"key":"BloodPotion"},{"floor":23.0,"key":"BloodPotion"},{"floor":27.0,"key":"SteroidPotion"},{"floor":28.0,"key":"DuplicationPotion"},{"floor":35.0,"key":"SpeedPotion"},{"floor":36.0,"key":"BloodPotion"},{"floor":38.0,"key":"LiquidMemories"},{"floor":41.0,"key":"Fruit Juice"},{"floor":42,"key":"Dexterity Potion"}],"is_trial":false,"path_per_floor":["M","?","M","?","?","E","M","E","T","R","E","R","E","M","R","B",null,"M","?","$","?","M","E","R","E","T","E","M","$","R","$","R","B",null,"M","?","?","M","?","R","E","M","T","?","E","$","?","M","R","B","B",null,"R","$","E","B",null],"character_chosen":"IRONCLAD","items_purchased":["Dual Wield+1","Lee\u0027s Waffle","Discovery+1","ClockworkSouvenir","True Grit+1"],"campfire_rested":3,"item_purchase_floors":[20,20,31,46,54],"current_hp_per_floor":[57,57,61,61,66,66,65,7,7,35,30,30,31,28,57,35,82,82,69,109,109,100,111,111,19,19,49,57,57,91,91,91,97,111,117,100,100,115,117,117,119,126,126,126,128,128,128,130,130,130,130,130,130,130,132,54],"gold":74,"neow_bonus":"RANDOM_COLORLESS_2","is_daily":false,"chose_seed":false,"campfire_upgraded":5,"win_rate":0.0,"timestamp":1613322509,"path_taken":["M","?","?","?","?","E","M","E","T","R","E","R","E","M","R","BOSS","M","?","$","?","M","E","R","E","T","E","M","?","R","$","R","BOSS","M","?","?","M","?","R","E","M","T","?","E","$","?","M","R","BOSS","BOSS","R","$","E","BOSS"],"items_purchased_type":["Card","Relic","Card","Relic","Card"],"build_version":"2020-12-22","purchased_purges":4,"victory":true,"max_hp_per_floor":[75,75,75,75,80,94,94,94,94,94,96,96,98,98,98,98,98,100,102,109,109,111,111,111,111,111,113,115,115,115,115,115,115,115,117,119,113,115,117,117,119,126,126,126,128,128,128,130,130,130,130,130,130,130,132,132],"relic_stats":{"Lee\u0027s Waffle":40,"Singing Bowl":32,"Happy Flower":[29],"counters":[29,155],"Mummified Hand":[6],"Gambling Chip":[118],"Pantograph":0,"Snecko Eye":[233,189,220,216],"obtain_stats":[{"Lee\u0027s Waffle":20,"Lantern":27,"Singing Bowl":11,"Happy Flower":26,"Mango":6,"Thread and Needle":36,"The Courier":23,"Burning Blood":0,"White Beast Statue":25,"ClockworkSouvenir":46,"CaptainsWheel":39,"Mummified Hand":55,"Gambling Chip":9,"Pantograph":45,"Snecko Eye":17,"Red Mask":19,"Coffee Dripper":34,"Toxic Egg 2":13,"TungstenRod":8,"Paper Frog":41},{"Lee\u0027s Waffle":11,"Lantern":15,"Singing Bowl":6,"Happy Flower":14,"Mango":3,"Thread and Needle":19,"The Courier":13,"Burning Blood":0,"White Beast Statue":14,"ClockworkSouvenir":24,"CaptainsWheel":21,"Mummified Hand":28,"Gambling Chip":5,"Pantograph":24,"Snecko Eye":9,"Red Mask":11,"Coffee Dripper":17,"Toxic Egg 2":7,"TungstenRod":5,"Paper Frog":22},{"Lee\u0027s Waffle":48,"Lantern":73,"Singing Bowl":25,"Happy Flower":67,"Mango":14,"Thread and Needle":101,"The Courier":56,"Burning Blood":0,"White Beast Statue":67,"ClockworkSouvenir":118,"CaptainsWheel":106,"Mummified Hand":141,"Gambling Chip":22,"Pantograph":118,"Snecko Eye":42,"Red Mask":48,"Coffee Dripper":93,"Toxic Egg 2":28,"TungstenRod":22,"Paper Frog":109}],"Burning Blood":136,"TungstenRod":61},"card_choices":[{"not_picked":["Mayhem","Chrysalis"],"picked":"The Bomb","floor":0.0},{"not_picked":["Spot Weakness","Inflame"],"picked":"Burning Pact","floor":6.0},{"not_picked":["Rupture","Shockwave"],"picked":"Armaments","floor":7.0},{"not_picked":["Body Slam","Heavy Blade","Clash"],"picked":"SKIP","floor":8.0},{"not_picked":["Blood for Blood","Armaments","Brutality"],"picked":"Singing Bowl","floor":11.0},{"not_picked":["Infernal Blade+1","Corruption","Wild Strike"],"picked":"Singing Bowl","floor":13.0},{"not_picked":["Body Slam","Thunderclap"],"picked":"Disarm+1","floor":14.0},{"not_picked":["Bludgeon","Immolate"],"picked":"Impervious+1","floor":16.0},{"not_picked":["Armaments+1","True Grit+1","Perfected Strike"],"picked":"Singing Bowl","floor":18.0},{"not_picked":["Dropkick","Infernal Blade+1","Armaments+1"],"picked":"Singing Bowl","floor":19.0},{"not_picked":["Headbutt","Pummel","Perfected Strike"],"picked":"Singing Bowl","floor":22.0},{"not_picked":["Sword Boomerang","Burning Pact+1"],"picked":"Feel No Pain","floor":23.0},{"not_picked":["Cleave","Pommel Strike"],"picked":"Barricade","floor":25.0},{"not_picked":["Twin Strike","Intimidate+1","Cleave"],"picked":"Singing Bowl","floor":27.0},{"not_picked":["Rampage","Blood for Blood","Warcry+1"],"picked":"Singing Bowl","floor":28.0},{"not_picked":["Double Tap+1","Reaper"],"picked":"Bludgeon","floor":33.0},{"not_picked":["Heavy Blade","Armaments+1","Carnage"],"picked":"Singing Bowl","floor":35.0},{"not_picked":["Rampage","Perfected Strike","Evolve"],"picked":"Singing Bowl","floor":36.0},{"not_picked":["Searing Blow","Pommel Strike","Clothesline"],"picked":"Singing Bowl","floor":38.0},{"not_picked":["Twin Strike","Thunderclap+1","Iron Wave"],"picked":"Singing Bowl","floor":39.0},{"not_picked":["Dual Wield+1","Uppercut","True Grit+1"],"picked":"Singing Bowl","floor":41.0},{"not_picked":["Wild Strike","Infernal Blade+1","Pommel Strike+1"],"picked":"Singing Bowl","floor":42},{"not_picked":["Sword Boomerang","Brutality","Anger"],"picked":"Singing Bowl","floor":45},{"not_picked":["Pommel Strike","Intimidate+1","Metallicize"],"picked":"Singing Bowl","floor":48},{"not_picked":["Searing Blow","Sever Soul","Havoc+1"],"picked":"Singing Bowl","floor":55}],"player_experience":1408175,"relics_obtained":[{"floor":6.0,"key":"Mango"},{"floor":8.0,"key":"TungstenRod"},{"floor":9.0,"key":"Gambling Chip"},{"floor":11.0,"key":"Singing Bowl"},{"floor":13.0,"key":"Toxic Egg 2"},{"floor":19.0,"key":"Red Mask"},{"floor":23.0,"key":"The Courier"},{"floor":25.0,"key":"White Beast Statue"},{"floor":26.0,"key":"Happy Flower"},{"floor":27.0,"key":"Lantern"},{"floor":36.0,"key":"Thread and Needle"},{"floor":39.0,"key":"CaptainsWheel"},{"floor":41.0,"key":"Paper Frog"},{"floor":45,"key":"Pantograph"},{"floor":55,"key":"Mummified Hand"}],"event_choices":[{"damage_healed":0.0,"max_hp_gain":0.0,"max_hp_loss":0.0,"gold_gain":100.0,"event_name":"Wheel of Change","player_choice":"Gold","floor":2.0,"gold_loss":0.0,"damage_taken":0.0},{"cards_removed":["Strike_R"],"damage_healed":0.0,"max_hp_gain":0.0,"max_hp_loss":0.0,"gold_gain":0.0,"event_name":"Living Wall","player_choice":"Forget","floor":4.0,"gold_loss":0.0,"damage_taken":0.0},{"damage_healed":0.0,"max_hp_gain":5.0,"max_hp_loss":0.0,"gold_gain":0.0,"event_name":"Big Fish","player_choice":"Donut","floor":5.0,"gold_loss":0.0,"damage_taken":0.0},{"damage_healed":0.0,"max_hp_gain":0.0,"max_hp_loss":0.0,"gold_gain":0.0,"event_name":"Masked Bandits","player_choice":"Fought Bandits","floor":19.0,"gold_loss":0.0,"damage_taken":0.0},{"damage_healed":0.0,"max_hp_gain":0.0,"max_hp_loss":0.0,"gold_gain":50.0,"event_name":"Nest","player_choice":"Stole From Cult","floor":21.0,"gold_loss":0.0,"damage_taken":0.0},{"damage_healed":0.0,"max_hp_gain":0.0,"max_hp_loss":0.0,"gold_gain":0.0,"event_name":"Mysterious Sphere","player_choice":"Fight","floor":36.0,"gold_loss":0.0,"damage_taken":0.0},{"damage_healed":0.0,"max_hp_gain":0.0,"max_hp_loss":6.0,"gold_gain":0.0,"event_name":"Winding Halls","player_choice":"Max HP","floor":37.0,"gold_loss":0.0,"damage_taken":0.0},{"damage_healed":0.0,"max_hp_gain":0.0,"max_hp_loss":0.0,"gold_gain":0.0,"event_name":"MindBloom","player_choice":"Fight","floor":39.0,"gold_loss":0.0,"damage_taken":0.0},{"cards_removed":["Strike_R"],"damage_healed":0,"gold_gain":0,"player_choice":"Removed Attack","damage_taken":0,"max_hp_gain":0,"max_hp_loss":0,"event_name":"Falling","floor":44,"gold_loss":0},{"damage_healed":0,"gold_gain":0,"player_choice":"Got Potions","damage_taken":0,"max_hp_gain":0,"max_hp_loss":0,"event_name":"Lab","floor":47,"gold_loss":0}],"is_beta":false,"boss_relics":[{"not_picked":["Fusion Hammer","Runic Cube"],"picked":"Snecko Eye"},{"not_picked":["Tiny House","Black Star"],"picked":"Coffee Dripper"}],"items_purged_floors":[20,29,31,54],"is_endless":false,"potions_floor_spawned":[1,11,14,18,19,23,27,28,33,35,36,38,39,41,42,45,48,55],"ascension_level":20}}