{"host":"pqs17sqrgflf4eqa","time":1613326034,"event":{"mods":["AchievementEnabler","BaseMod","Bestiary","Better Altar","Better Match","Better Skull","Block Reminder","Bossed Relics","Colored Map","Colored Powertips","Curses Come First","Dark Map","DeckTracker","Defective Defect","Displayed Cursed Tome","Emptier Cage","Googly Eyes","Highlight Path","Minty Spire (QoL Compilation)","Quick Restart","Slay-I","StSLib","SuperFastMode","Synergy Search","Thieving Mod","Transform Curses","everything is the same but u backflip on backflip","slay the spire mod where everything is the same but ironclad has a cowboy hat"],"gold_per_floor":[119,130,148,162,162,191,222,259,271,283,283],"floor_reached":10,"language":"ENG","playtime":193,"items_purged":[],"score":104,"play_id":"4ec8a303-0b89-4e2c-a1d9-876c3de4dd46","local_time":"20210214130714","is_ascension_mode":true,"campfire_choices":[],"circlet_count":0,"master_deck":["Strike_G","Strike_G","Strike_G","Strike_G+1","Strike_G","Defend_G","Defend_G","Defend_G+1","Defend_G","Defend_G","Survivor","Neutralize","Parasite","Die Die Die","Terror","Backflip","Malaise","Predator","Deadly Poison","Glass Knife"],"relics":["Ring of the Snake","MawBank","Ice Cream","Bottled Lightning"],"acts_visited":["Exordium"],"potions_floor_usage":[6,6,6,8],"damage_taken":[{"damage":7,"enemies":"Small Slimes","floor":1,"turns":3},{"damage":0,"enemies":"2 Louse","floor":2,"turns":1},{"damage":4,"enemies":"Jaw Worm","floor":3,"turns":3},{"damage":0,"enemies":"Gremlin Gang","floor":4,"turns":1},{"damage":6,"enemies":"Lagavulin","floor":6,"turns":6},{"damage":0,"enemies":"3 Louse","floor":7,"turns":1},{"damage":26,"enemies":"Gremlin Nob","floor":8,"turns":4},{"damage":8,"enemies":"Lagavulin","floor":10,"turns":4}],"seed_played":"-5610400826042682081","potions_obtained":[{"floor":1,"key":"AttackPotion"},{"floor":3,"key":"EssenceOfSteel"},{"floor":4,"key":"EssenceOfSteel"},{"floor":6,"key":"SteroidPotion"}],"is_trial":false,"path_per_floor":["M","M","M","M","?","E","M","E","T","E"],"character_chosen":"THE_SILENT","items_purchased":[],"campfire_rested":0,"item_purchase_floors":[],"current_hp_per_floor":[56,56,52,52,38,32,32,6,6,0,0],"gold":283,"neow_bonus":"THREE_RARE_CARDS","is_daily":false,"chose_seed":false,"campfire_upgraded":0,"win_rate":0.0,"timestamp":1613326034,"path_taken":["M","M","M","M","?","E","M","E","T","E"],"items_purchased_type":[],"build_version":"2020-12-22","purchased_purges":0,"victory":false,"max_hp_per_floor":[70,70,70,70,70,70,70,70,70,70,70],"card_choices":[{"not_picked":["Burst","Grand Finale"],"picked":"Die Die Die","floor":0},{"not_picked":["Setup","Underhanded Strike","Crippling Poison"],"picked":"SKIP","floor":1},{"not_picked":["Deflect","Infinite Blades"],"picked":"Terror","floor":2},{"not_picked":["Deflect","Slice"],"picked":"Backflip","floor":3},{"not_picked":["Escape Plan","Crippling Poison"],"picked":"Malaise","floor":4},{"not_picked":["Outmaneuver","Deadly Poison"],"picked":"Predator","floor":6},{"not_picked":["Deflect","Flechettes"],"picked":"Deadly Poison","floor":7},{"not_picked":["Dagger Throw","Dagger Spray"],"picked":"Glass Knife","floor":8}],"player_experience":206268,"relics_obtained":[{"floor":6,"key":"MawBank"},{"floor":8,"key":"Ice Cream"},{"floor":9,"key":"Bottled Lightning"}],"event_choices":[{"damage_healed":0,"gold_gain":0,"player_choice":"Entered Light","damage_taken":14,"max_hp_gain":0,"max_hp_loss":0,"event_name":"Shining Light","floor":5,"gold_loss":0,"cards_upgraded":["Strike_G","Defend_G"]}],"is_beta":false,"boss_relics":[],"items_purged_floors":[],"is_endless":false,"potions_floor_spawned":[1,3,4,6],"killed_by":"Lagavulin","ascension_level":6}}