{"host":"t5vp0whyqzs05fb6","time":1613286809,"event":{"mods":["AchievementEnabler","BaseMod","Colored Map","Minty Spire (QoL Compilation)","Rare Cards Sparkle","SuperFastMode","everything is the same but u backflip on backflip"],"gold_per_floor":[114,114,125,125,142,171,171,190,190,190],"floor_reached":9,"language":"KOR","playtime":249,"items_purged":[],"score":63,"play_id":"9eeaa6b2-016e-4159-9537-9189295e39a8","local_time":"20210214161329","is_ascension_mode":false,"campfire_choices":[],"circlet_count":0,"master_deck":["Strike_G","Strike_G","Strike_G","Strike_G","Defend_G","Defend_G","Defend_G","Defend_G","Survivor","Neutralize","Calculated Gamble","Footwork","Backflip","Doppelganger","Dagger Throw"],"relics":["Ring of the Snake","NeowsBlessing","Bag of Marbles"],"acts_visited":["Exordium"],"potions_floor_usage":[6,8],"damage_taken":[{"damage":0,"enemies":"2 Louse","floor":1,"turns":1},{"damage":0,"enemies":"Small Slimes","floor":3,"turns":1},{"damage":0,"enemies":"Cultist","floor":5,"turns":1},{"damage":48,"enemies":"Lagavulin","floor":6,"turns":14},{"damage":3,"enemies":"Lots of Slimes","floor":8,"turns":4},{"damage":28,"enemies":"Lagavulin","floor":9,"turns":10}],"seed_played":"-6315835991368682606","potions_obtained":[{"floor":1,"key":"EssenceOfSteel"},{"floor":6,"key":"CunningPotion"}],"is_trial":false,"path_per_floor":["M","?","M","?","M","E","E","M","E"],"character_chosen":"THE_SILENT","items_purchased":[],"campfire_rested":0,"item_purchase_floors":[],"current_hp_per_floor":[70,70,70,70,70,22,22,19,0,0],"gold":190,"neow_bonus":"THREE_ENEMY_KILL","is_daily":false,"chose_seed":false,"campfire_upgraded":0,"win_rate":0.0,"timestamp":1613286809,"path_taken":["M","?","M","?","?","E","E","?","E"],"items_purchased_type":[],"build_version":"2020-12-22","purchased_purges":0,"victory":false,"max_hp_per_floor":[70,70,70,70,70,70,70,70,70,70],"card_choices":[{"not_picked":["Sucker Punch","Endless Agony"],"picked":"Calculated Gamble","floor":1},{"not_picked":["Finisher","Deadly Poison"],"picked":"Footwork","floor":3},{"not_picked":["Deadly Poison","Deflect"],"picked":"Backflip","floor":5},{"not_picked":["Catalyst","Masterful Stab"],"picked":"Doppelganger","floor":6},{"not_picked":["Bane","Outmaneuver"],"picked":"Dagger Throw","floor":8}],"player_experience":218968,"relics_obtained":[{"floor":6,"key":"Bag of Marbles"}],"event_choices":[{"cards_removed":["Strike_G"],"damage_healed":0,"gold_gain":0,"player_choice":"Forget","damage_taken":0,"max_hp_gain":0,"max_hp_loss":0,"event_name":"Living Wall","floor":2,"gold_loss":0},{"cards_removed":["Defend_G"],"damage_healed":0,"gold_gain":0,"player_choice":"Offered Basic","damage_taken":0,"max_hp_gain":0,"max_hp_loss":0,"event_name":"Bonfire Elementals","floor":4,"gold_loss":0}],"is_beta":false,"boss_relics":[],"items_purged_floors":[],"is_endless":false,"potions_floor_spawned":[1,6],"killed_by":"Lagavulin","ascension_level":0}}