{"host":"l7ku00cw7dmofayg","time":1613288013,"event":{"mods":["ATMod(°¢èªMod)","BaseMod","Dota2Spire","Marisa£¨ìFÓê¡¡Ä§ÀíÉ³£©","Minty Spire (QoL Compilation)","StSLib","The Invoker Mod"],"gold_per_floor":[111,111,35,35,51,76,76,76,124,159,188,188,188],"floor_reached":12,"language":"ZHS","playtime":501,"items_purged":[],"score":125,"play_id":"3c8cd008-73f1-4f10-8f84-e41183c1345e","local_time":"20210214153333","is_ascension_mode":true,"campfire_choices":[{"data":"Madness","floor":8.0,"key":"SMITH"}],"circlet_count":0,"master_deck":["Strike_G","Strike_G","Strike_G","Strike_G","Defend_G","Defend_G","Defend_G","Defend_G","Defend_G+1","Survivor","Neutralize","AT_ChampionStep","Madness+1","Underhanded Strike","Die Die Die","Prepared+1","Flying Knee","Endless Agony","Dagger Throw","Regret","AT_WindFlip","Dodge and Roll"],"relics":["Ring of the Snake","AT_ATBox","Darkstone Periapt","WingedGreaves","War Paint","Dota2Spire:CrimsonGuard","Ice Cream"],"acts_visited":["Exordium"],"potions_floor_usage":[10,11],"damage_taken":[{"damage":3.0,"enemies":"Jaw Worm","floor":1.0,"turns":5.0},{"damage":0.0,"enemies":"Small Slimes","floor":5.0,"turns":2.0},{"damage":23.0,"enemies":"3 Sentries","floor":6.0,"turns":6.0},{"damage":44,"enemies":"Gremlin Nob","floor":10,"turns":5},{"damage":0,"enemies":"3 Sentries","floor":11,"turns":2},{"damage":16,"enemies":"Gremlin Nob","floor":12,"turns":3}],"seed_played":"3384187117625674292","potions_obtained":[{"floor":6.0,"key":"LiquidMemories"},{"floor":10,"key":"EssenceOfSteel"}],"is_trial":false,"path_per_floor":["M","?","$","?","M","E","?","R","T","E","E","E"],"character_chosen":"THE_SILENT","items_purchased":["Prepared","Flying Knee"],"campfire_rested":0,"item_purchase_floors":[3,3],"current_hp_per_floor":[67,67,67,67,67,44,50,50,50,6,6,0,0],"gold":188,"neow_bonus":"RANDOM_COLORLESS","is_daily":false,"chose_seed":false,"campfire_upgraded":1,"win_rate":0.0,"timestamp":1613288013,"path_taken":["M","?","$","?","M","E","?","R","T","E","E","E"],"items_purchased_type":["Card","Card"],"build_version":"2020-12-22","purchased_purges":0,"victory":false,"max_hp_per_floor":[70,70,70,70,70,70,76,76,76,76,76,76,76],"card_choices":[{"not_picked":["Blind","Dramatic Entrance"],"picked":"Madness","floor":0.0},{"not_picked":["Deflect","Flying Knee"],"picked":"Underhanded Strike","floor":1.0},{"not_picked":["Poisoned Stab","Bane"],"picked":"Endless Agony","floor":5.0},{"not_picked":["Blade Dance","Leg Sweep"],"picked":"Dagger Throw","floor":6.0},{"not_picked":["Choke","Backstab"],"picked":"AT_WindFlip","floor":10},{"not_picked":["Quick Slash","Prepared"],"picked":"Dodge and Roll","floor":11}],"player_experience":49301,"relics_obtained":[{"floor":6.0,"key":"Darkstone Periapt"},{"floor":9.0,"key":"War Paint"},{"floor":10,"key":"Dota2Spire:CrimsonGuard"},{"floor":11,"key":"Ice Cream"}],"event_choices":[{"damage_healed":0.0,"max_hp_gain":0.0,"max_hp_loss":0.0,"gold_gain":0.0,"cards_transformed":["Strike_G"],"event_name":"Living Wall","player_choice":"Change","floor":2.0,"gold_loss":0.0,"damage_taken":0.0,"cards_obtained":["Die Die Die"]},{"damage_healed":0.0,"max_hp_gain":0.0,"max_hp_loss":0.0,"gold_gain":0.0,"event_name":"The Cleric","player_choice":"Leave","floor":4.0,"gold_loss":0.0,"damage_taken":0.0},{"damage_healed":0.0,"max_hp_gain":0.0,"max_hp_loss":0.0,"gold_gain":0.0,"event_name":"Big Fish","player_choice":"Box","floor":7.0,"gold_loss":0.0,"damage_taken":0.0,"relics_obtained":["WingedGreaves"],"cards_obtained":["Regret"]}],"is_beta":false,"boss_relics":[],"items_purged_floors":[],"is_endless":false,"potions_floor_spawned":[6,10],"killed_by":"Gremlin Nob","ascension_level":1}}