{"host":"k1qq3tnzhl68zvao","time":1613340501,"event":{"mods":["ATMod(阿瑾Mod)","AchievementEnabler","BaseMod","Colored Powertips","Conspire","DeckTracker","Downfall","Energized Spire","GifTheSpireLib","Minty Spire (QoL Compilation)","Quick Restart","Relic Filter Mod","Replay The Spire","Spicy Shops","StSLib","【遗物卡牌】REMEMod"],"gold_per_floor":[111,111,125,125,125,156,231,231,231,231,249,284,298,330,330,404,404,422,436,97,97,109,109,109],"floor_reached":23,"language":"ZHS","playtime":1292,"items_purged":["Defend_R"],"score":387,"play_id":"c6843c98-0f68-4628-95e2-edfca00a39ea","local_time":"20210215060821","is_ascension_mode":true,"campfire_choices":[{"data":"AT_BreakingExtremeWeapon","floor":8.0,"key":"SMITH"},{"data":"AT_ShrugMaster","floor":10.0,"key":"SMITH"},{"data":"Armaments","floor":15.0,"key":"SMITH"}],"circlet_count":0,"master_deck":["AscendersBane","Strike_R","Strike_R","Strike_R","Strike_R","Defend_R","Bash+1","AT_ShrugMaster+1","AT_BreakingExtremeWeapon+1","Iron Wave","Whirlwind","Flex","Armaments+1","Battle Trance","conspire:Purge","Pot Of Greed","Pot Of Greed","Twin Strike","Shrug It Off"],"relics":["Burning Blood","AT_ATBox","REME_ComplimentaryCards","Blue Candle","Letter Opener","Shuriken","Art of War","Bag of Preparation","REME_LowDesire","PreservedInsect","Grinning Jar","Ornamental Fan"],"acts_visited":["Exordium","TheCity"],"potions_floor_usage":[22],"damage_taken":[{"damage":0.0,"enemies":"2 Louse","floor":1.0,"turns":3.0},{"damage":7.0,"enemies":"Jaw Worm","floor":3.0,"turns":3.0},{"damage":14.0,"enemies":"Lagavulin","floor":6.0,"turns":7.0},{"damage":0.0,"enemies":"Small Slimes","floor":11.0,"turns":3.0},{"damage":3.0,"enemies":"3 Sentries","floor":12.0,"turns":3.0},{"damage":7.0,"enemies":"3 Louse","floor":13.0,"turns":3.0},{"damage":12.0,"enemies":"Gremlin Nob","floor":14.0,"turns":4.0},{"damage":20.0,"enemies":"Fading Forest","floor":16.0,"turns":11.0},{"damage":24.0,"enemies":"2 Thieves","floor":18.0,"turns":4.0},{"damage":9.0,"enemies":"Spheric Guardian","floor":19.0,"turns":5.0},{"damage":18,"enemies":"Shelled Parasite and Fungi","floor":22,"turns":4},{"damage":10,"enemies":"Chosen and Byrds","floor":23,"turns":3}],"seed_played":"-1826081368254431047","potions_obtained":[{"floor":3.0,"key":"Energy Potion"},{"floor":12.0,"key":"ColorlessPotion"},{"floor":18.0,"key":"LiquidBronze"},{"floor":22,"key":"Strength Potion"}],"is_trial":false,"path_per_floor":["M","?","M","?","?","E","?","R","T","R","M","E","M","E","R","B",null,"M","M","$","?","M","M"],"character_chosen":"IRONCLAD","items_purchased":["Ornamental Fan"],"campfire_rested":0,"item_purchase_floors":[20],"current_hp_per_floor":[81,81,80,80,75,67,56,56,56,56,62,65,64,58,58,44,73,55,52,52,28,10,0,0],"gold":109,"neow_bonus":"TEN_PERCENT_HP_BONUS","is_daily":false,"chose_seed":false,"campfire_upgraded":3,"win_rate":0.0,"timestamp":1613340501,"path_taken":["M","?","M","?","?","E","?","R","T","R","M","E","M","E","R","BOSS","M","M","$","?","M","M"],"items_purchased_type":["Relic"],"build_version":"2020-12-22","purchased_purges":1,"victory":false,"max_hp_per_floor":[82,82,82,82,82,82,82,82,82,82,82,82,82,82,82,82,82,82,82,82,87,87,87,87],"card_choices":[{"not_picked":["Perfected Strike","Clash"],"picked":"Iron Wave","floor":1.0},{"not_picked":["Run Through","Clash"],"picked":"Whirlwind","floor":3.0},{"not_picked":["Twin Strike","Exhume"],"picked":"Flex","floor":6.0},{"not_picked":["True Grit","AT_DiedThrough","Searing Blow"],"picked":"SKIP","floor":11.0},{"not_picked":["Replay:Many Hands","Massacre"],"picked":"Armaments","floor":12.0},{"not_picked":["Body Slam","Run Through"],"picked":"Battle Trance","floor":13.0},{"not_picked":["Hemokinesis","Sword Boomerang","AT_IchimonjiDouble"],"picked":"SKIP","floor":14.0},{"not_picked":["Immolate","Exhume"],"picked":"conspire:Purge","floor":16.0},{"not_picked":["Body Slam","AT_IchimonjiDouble","conspire:Charge","AT_CelerityRune"],"picked":"SKIP","floor":18.0},{"not_picked":["Sword Boomerang","Evolve","Mind Blast"],"picked":"Twin Strike","floor":19.0},{"not_picked":["Flame Barrier","AT_DrawKnifeCut","Specialist"],"picked":"Shrug It Off","floor":22}],"player_experience":592393,"relics_obtained":[{"floor":6.0,"key":"Letter Opener"},{"floor":9.0,"key":"Shuriken"},{"floor":12.0,"key":"Art of War"},{"floor":14.0,"key":"Bag of Preparation"},{"floor":17.0,"key":"PreservedInsect"},{"floor":17.0,"key":"Grinning Jar"}],"event_choices":[{"damage_healed":0.0,"max_hp_gain":0.0,"max_hp_loss":0.0,"gold_gain":0.0,"event_name":"conspire:LoneGhost","player_choice":"Disagree","floor":2.0,"gold_loss":0.0,"damage_taken":0.0},{"damage_healed":0.0,"max_hp_gain":0.0,"max_hp_loss":0.0,"gold_gain":75.0,"event_name":"World of Goop","player_choice":"Gather Gold","floor":7.0,"gold_loss":0.0,"damage_taken":11.0},{"damage_healed":0.0,"max_hp_gain":5.0,"max_hp_loss":0.0,"gold_gain":0.0,"event_name":"Forgotten Altar","player_choice":"Shed Blood","floor":21.0,"gold_loss":0.0,"damage_taken":29.0}],"is_beta":false,"boss_relics":[{"not_picked":["Runic Pyramid","Painkiller Herb"],"picked":"REME_LowDesire"}],"items_purged_floors":[20],"is_endless":false,"potions_floor_spawned":[3,12,14,18,22],"killed_by":"Chosen and Byrds","ascension_level":17}}