{"host":"u1pme1jhvp02dnrz","time":1613283883,"event":{"mods":["AchievementEnabler","BaseMod","Bestiary","Colored Map","Colored Powertips","Highlight Path","Minty Spire (QoL Compilation)","Random Character Button","Relic Stats"],"gold_per_floor":[115,128,128,303,1,28,28,58,58,58,58,86,104,132,132,132,132],"floor_reached":16,"language":"ENG","playtime":1035,"items_purged":["Doubt"],"score":139,"play_id":"31dd6f43-c840-4b58-9d0c-50a25fe05319","local_time":"20210214002443","is_ascension_mode":true,"campfire_choices":[{"floor":7,"key":"RECALL"},{"floor":11,"key":"REST"},{"floor":15,"key":"REST"}],"circlet_count":0,"master_deck":["Strike_G","Strike_G","Strike_G","Strike_G","Defend_G","Defend_G","Defend_G","Defend_G","Defend_G","Survivor","Neutralize","Finisher","Poisoned Stab","Blur","Slice","Prepared","Outmaneuver","Leg Sweep"],"relics":["Busted Crown","Blood Vial","Bag of Preparation","Prayer Wheel","White Beast Statue","Frozen Egg 2","Molten Egg 2","Centennial Puzzle"],"acts_visited":["Exordium"],"potions_floor_usage":[8,16,16,16],"damage_taken":[{"damage":4,"enemies":"Cultist","floor":1,"turns":5},{"damage":0,"enemies":"Jaw Worm","floor":2,"turns":5},{"damage":25,"enemies":"3 Sentries","floor":6,"turns":12},{"damage":14,"enemies":"Gremlin Nob","floor":8,"turns":5},{"damage":18,"enemies":"Lagavulin","floor":12,"turns":6},{"damage":2,"enemies":"Small Slimes","floor":13,"turns":4},{"damage":17,"enemies":"3 Sentries","floor":14,"turns":13},{"damage":56,"enemies":"Slime Boss","floor":16,"turns":10}],"seed_played":"4123189039002667683","potions_obtained":[{"floor":1,"key":"ColorlessPotion"},{"floor":12,"key":"Swift Potion"},{"floor":13,"key":"SneckoOil"},{"floor":14,"key":"Swift Potion"}],"is_trial":false,"path_per_floor":["M","M","T","?","$","E","R","E","T","?","R","E","M","E","R","B"],"character_chosen":"THE_SILENT","items_purchased":["Bag of Preparation","Blur"],"campfire_rested":2,"item_purchase_floors":[5,5],"current_hp_per_floor":[66,66,66,66,66,43,43,31,31,31,52,36,36,21,42,0,0],"gold":132,"neow_bonus":"BOSS_RELIC","is_daily":false,"chose_seed":false,"campfire_upgraded":0,"win_rate":0.0,"timestamp":1613283883,"path_taken":["M","M","?","?","$","E","R","E","T","?","R","E","M","E","R","BOSS"],"items_purchased_type":["Relic","Card"],"build_version":"2020-12-22","purchased_purges":1,"victory":false,"max_hp_per_floor":[70,70,70,70,70,70,70,70,70,70,70,70,70,70,70,70,70],"relic_stats":{"Blood Vial":12,"Centennial Puzzle":[3],"Busted Crown":16,"counters":[8,60],"Prayer Wheel":1,"Bag of Preparation":[12],"obtain_stats":[{"Blood Vial":3,"Centennial Puzzle":14,"Busted Crown":0,"Prayer Wheel":6,"Molten Egg 2":12,"Bag of Preparation":5,"Frozen Egg 2":9,"White Beast Statue":8,"Ring of the Snake":0},{"Blood Vial":2,"Centennial Puzzle":7,"Busted Crown":0,"Prayer Wheel":3,"Molten Egg 2":5,"Bag of Preparation":2,"Frozen Egg 2":4,"White Beast Statue":4,"Ring of the Snake":0},{"Blood Vial":10,"Centennial Puzzle":50,"Busted Crown":0,"Prayer Wheel":22,"Molten Egg 2":33,"Bag of Preparation":10,"Frozen Egg 2":27,"White Beast Statue":27,"Ring of the Snake":0}]},"card_choices":[{"not_picked":[],"picked":"Finisher","floor":1},{"not_picked":[],"picked":"Poisoned Stab","floor":2},{"not_picked":["Skewer"],"picked":"SKIP","floor":6},{"not_picked":[],"picked":"Slice","floor":8},{"not_picked":[],"picked":"Prepared","floor":12},{"not_picked":[],"picked":"Outmaneuver","floor":13},{"not_picked":["Storm of Steel"],"picked":"SKIP","floor":13},{"not_picked":[],"picked":"Leg Sweep","floor":14}],"player_experience":207541,"relics_obtained":[{"floor":3,"key":"Blood Vial"},{"floor":6,"key":"Prayer Wheel"},{"floor":8,"key":"White Beast Statue"},{"floor":9,"key":"Frozen Egg 2"},{"floor":12,"key":"Molten Egg 2"},{"floor":14,"key":"Centennial Puzzle"}],"event_choices":[{"damage_healed":0,"gold_gain":175,"player_choice":"AGREE","damage_taken":0,"max_hp_gain":0,"max_hp_loss":0,"event_name":"Liars Game","floor":4,"gold_loss":0,"cards_obtained":["Doubt"]},{"cards_removed":["Strike_G"],"damage_healed":0,"gold_gain":0,"player_choice":"Forget","damage_taken":0,"max_hp_gain":0,"max_hp_loss":0,"event_name":"Living Wall","floor":10,"gold_loss":0}],"is_beta":false,"boss_relics":[],"items_purged_floors":[5],"is_endless":false,"potions_floor_spawned":[1,12,13,14],"killed_by":"Slime Boss","ascension_level":2}}