{"host":"mhzgc0zma59jtmoj","time":1613276991,"event":{"mods":["BaseMod","BetterRewards","Custom Start","Glutton Mod","Ironclad Rager","Minty Spire (QoL Compilation)","Replay The Spire","Somnambulant","StSLib","The Cursed","The Hierophant","The Jungle","Treasure Hunter"],"gold_per_floor":[601,618,111,111,374,374,414,414,485,485,503,518,538,538,538,664,664,678,667,691,712,712,712],"floor_reached":22,"language":"ENG","playtime":1246,"items_purged":["Glutton:Flail","Glutton:Strike","Glutton:Strike"],"score":338,"play_id":"1e201c3c-4de6-47b8-8dcd-1c33da9732b6","local_time":"20210213232950","is_ascension_mode":false,"campfire_choices":[{"floor":6,"key":"REST"},{"floor":8,"key":"REST"},{"data":"Glutton:Misery","floor":10,"key":"SMITH"},{"floor":15,"key":"REST"}],"circlet_count":0,"master_deck":["Glutton:Strike","Glutton:Strike","Glutton:Defend","Glutton:Defend","Glutton:Defend","Glutton:Excrescence","Glutton:Misery","Mayhem","Glutton:Feed","Glutton:GuardStance","Glutton:Misery+1","Glutton:Feed","ReplayTheSpireMod:Splinters","Glutton:Rest","TH:Mimic+1","Glutton:Misery","Glutton:Excrescence"],"relics":["Glutton:EternalHunger","Vajra","BargainBundle","TH:Anvil","Golden Idol","Turnip","Divine Protection","Replay:Grab Bag","Velvet Choker","Replay:Cursed D8","Empty Cage"],"acts_visited":["Exordium","TheCity"],"potions_floor_usage":[16],"damage_taken":[{"damage":22,"enemies":"Jaw Worm","floor":1,"turns":4},{"damage":21,"enemies":"Small Slimes","floor":2,"turns":4},{"damage":55,"enemies":"3 Sentries","floor":7,"turns":8},{"damage":20,"enemies":"Cultist","floor":11,"turns":5},{"damage":19,"enemies":"Gremlin Gang","floor":12,"turns":2},{"damage":21,"enemies":"Exordium Thugs","floor":13,"turns":4},{"damage":74,"enemies":"Hexaghost","floor":16,"turns":11},{"damage":38,"enemies":"Spheric Guardian","floor":18,"turns":4},{"damage":48,"enemies":"2 Thieves","floor":19,"turns":4},{"damage":40,"enemies":"Sentry and Sphere","floor":20,"turns":4},{"damage":23,"enemies":"Chosen and Byrds","floor":21,"turns":4},{"damage":24,"enemies":"Centurion and Healer","floor":22,"turns":3}],"seed_played":"-1560870791057804637","potions_obtained":[{"floor":18,"key":"Energy Potion"}],"is_trial":false,"path_per_floor":["M","M","$","?","?","R","E","R","T","R","M","M","M","T","R","B",null,"M","M","M","M","M"],"character_chosen":"GLUTTON","items_purchased":["Vajra","Glutton:Excrescence","Glutton:Misery","BargainBundle","Elixir","Venom Potion","Languid Potion","Mayhem","Glutton:Misery","Glutton:Feed","TH:Anvil"],"campfire_rested":3,"item_purchase_floors":[0,0,0,0,0,0,0,0,3,3,3],"current_hp_per_floor":[42,24,24,24,24,58,27,63,63,63,61,42,27,27,64,8,126,91,51,22,10,0,0],"gold":712,"neow_bonus":"","is_daily":false,"chose_seed":false,"campfire_upgraded":1,"win_rate":0.0,"timestamp":1613276990,"path_taken":["M","M","$","?","?","R","E","R","T","R","M","?","?","?","R","BOSS","M","?","M","M","M"],"items_purchased_type":["Relic","Card","Card","Relic","Potion","Potion","Potion","Card","Card","Card","Relic"],"build_version":"2020-12-22","purchased_purges":3,"victory":false,"max_hp_per_floor":[120,123,123,114,114,114,120,120,120,120,120,120,126,126,126,126,126,129,129,132,135,135,135],"card_choices":[{"not_picked":["Glutton:Salivate","Glutton:GuardStance"],"picked":"Glutton:Feed","floor":1},{"not_picked":["Glutton:FeverVisions","Glutton:Thrombosis"],"picked":"Glutton:GuardStance","floor":2},{"not_picked":["Glutton:GoldenArmor","Glutton:Salivate"],"picked":"Glutton:Rest","floor":5},{"not_picked":["TH:EnergyPotion","TH:CursedSword"],"picked":"SKIP","floor":7},{"not_picked":["Glutton:KneeJerk","Glutton:Demolish","Glutton:FragileMight"],"picked":"SKIP","floor":7},{"not_picked":["TH:BikiniMail"],"picked":"TH:Mimic","floor":9},{"not_picked":["Glutton:Torment","Glutton:Delusion"],"picked":"Glutton:Misery","floor":11},{"not_picked":["Glutton:GnawingHunger","Glutton:GoldenArmor","Glutton:Borborygmi"],"picked":"SKIP","floor":12},{"not_picked":["Glutton:ToxicResidue","Glutton:Clot","Glutton:Torment"],"picked":"SKIP","floor":13},{"not_picked":["TH:CursedSword","TH:BikiniMail"],"picked":"SKIP","floor":14},{"not_picked":["Glutton:Vitality","Glutton:Fast"],"picked":"Glutton:Excrescence","floor":16},{"not_picked":["Glutton:Borborygmi+1","Glutton:Yearn+1","Glutton:Tantrum"],"picked":"SKIP","floor":18},{"not_picked":["Glutton:PainMeditation","Glutton:Tumor","Glutton:Strain+1"],"picked":"SKIP","floor":19},{"not_picked":["Glutton:Brace","Glutton:GnawingHunger","Glutton:Rest"],"picked":"SKIP","floor":20},{"not_picked":["Glutton:Inversion","Glutton:Salivate","Glutton:LashOut"],"picked":"SKIP","floor":21}],"player_experience":284085,"relics_obtained":[{"floor":7,"key":"Turnip"},{"floor":14,"key":"Divine Protection"}],"event_choices":[{"damage_healed":0,"gold_gain":0,"player_choice":"Lose Max HP","damage_taken":0,"relics_obtained":["Golden Idol"],"max_hp_gain":0,"max_hp_loss":9,"event_name":"Golden Idol","floor":4,"gold_loss":0}],"is_beta":false,"boss_relics":[{"not_picked":["Replay:Bronze Core","Snecko Eye"],"picked":"Replay:Grab Bag"},{"not_picked":["Philosopher\u0027s Stone","Cursed Key"],"picked":"Velvet Choker"},{"not_picked":["Replay:Fungal Core","ReplayTheSpireMod:Onyx Gauntlets"],"picked":"Replay:Cursed D8"},{"not_picked":["Astrolabe","Glutton:Gemstone"],"picked":"Empty Cage"}],"items_purged_floors":[0,0,3],"is_endless":false,"potions_floor_spawned":[7,12,18],"killed_by":"Centurion and Healer","ascension_level":0}}