{"host":"yg1n0qads92lo9wl","time":1613276598,"event":{"mods":["BaseMod","Downfall","Luminous","Minty Spire (QoL Compilation)","StSLib","Warlord Emblem"],"gold_per_floor":[99,110,130,145,245,258,305,305,332,349,378,413,424,82,97,195,195,195,207,227,227,227,36,114,128,128,228,257,286,298,324,355,469,481,493,590,635,655,666,90,90,90,116,116,150,150,176,193,211,211],"floor_reached":51,"language":"ZHS","playtime":3361,"items_purged":["champ:Defend","downfall:Bewildered"],"score":901,"play_id":"bd842fec-6ff0-4d13-bbbc-a8be1e00c8aa","local_time":"20210214122318","is_ascension_mode":true,"campfire_choices":[{"data":"champ:Execute","floor":1.0,"key":"SMITH"},{"data":"champ:Improvising","floor":18.0,"key":"SMITH"},{"data":"champ:PerfectedStrike","floor":26.0,"key":"SMITH"},{"data":"champ:PerfectedStrike","floor":30.0,"key":"SMITH"},{"data":"champ:SwordThrow","floor":35.0,"key":"SMITH"},{"data":"champ:FaceSlap","floor":42.0,"key":"SMITH"}],"circlet_count":0,"master_deck":["champ:Strike","champ:Strike","champ:Strike","champ:Strike","champ:Defend","champ:Defend","champ:Defend","champ:Execute+1","champ:Taunt","champ:PerfectedStrike+1","champ:PerfectedStrike","champ:BladeFlurry","champ:AdrenalArmor","champ:CrookedStrike","champ:ArenaPreparation","champ:BerserkerStyle","champ:RecklessLeap","champ:ArenaPreparation","champ:RecklessLeap","champ:CrookedStrike","champ:Improvising+1","champ:PerfectedStrike+1","champ:FanOfKnives","champ:DefensiveShout","champ:FlashCut","champ:GutPunch","champ:Shatter","champ:FlashCut","champ:ShieldSigil+1","champ:SwordThrow+1","champ:DancingMaster","champ:FaceSlap+1","champ:BringItOn+1","champ:HeartStrike+1","expansioncontent:AwakenDeath","champ:StanceDance+1","champ:FlashCut+1"],"relics":["champ:ChampionCrownUpgraded","CloakClasp","Toy Ornithopter","champ:DefensiveTrainingManual","Bag of Marbles","Odd Mushroom","Strawberry","Singing Bowl","Runic Pyramid","sneckomod:BabySnecko","Blue Candle","Blood Vial","Kunai","MawBank","Thread and Needle","TungstenRod","Mango","Meat on the Bone","Omamori","Regal Pillow","Oddly Smooth Stone"],"acts_visited":["Exordium","TheCity","TheBeyond"],"potions_floor_usage":[43,50,50,50],"damage_taken":[{"damage":20.0,"enemies":"Small Slimes","floor":2.0,"turns":3.0},{"damage":10.0,"enemies":"2 Louse","floor":3.0,"turns":2.0},{"damage":0.0,"enemies":"Jaw Worm","floor":4.0,"turns":3.0},{"damage":16.0,"enemies":"Jaw Worm","floor":5.0,"turns":7.0},{"damage":0.0,"enemies":"3 Louse","floor":6.0,"turns":3.0},{"damage":0.0,"enemies":"Gremlin Nob","floor":9.0,"turns":3.0},{"damage":20.0,"enemies":"2 Fungi Beasts","floor":10.0,"turns":3.0},{"damage":19.0,"enemies":"The Mushroom Lair","floor":11.0,"turns":3.0},{"damage":26.0,"enemies":"Lagavulin","floor":12.0,"turns":3.0},{"damage":1.0,"enemies":"Exordium Thugs","floor":13.0,"turns":2.0},{"damage":78.0,"enemies":"downfall:FleeingMerchant","floor":14.0,"turns":4.0},{"damage":15.0,"enemies":"3 Louse","floor":15.0,"turns":3.0},{"damage":74.0,"enemies":"DF_ARCHETYPE_STREAMLINE","floor":16.0,"turns":8.0},{"damage":13.0,"enemies":"Spheric Guardian","floor":19.0,"turns":4.0},{"damage":33.0,"enemies":"3 Byrds","floor":20.0,"turns":5.0},{"damage":0.0,"enemies":"downfall:FleeingMerchant","floor":23.0,"turns":4.0},{"damage":26.0,"enemies":"Snake Plant","floor":25.0,"turns":2.0},{"damage":33.0,"enemies":"Slavers","floor":28.0,"turns":4.0},{"damage":10.0,"enemies":"Snecko","floor":29.0,"turns":3.0},{"damage":46.0,"enemies":"Centurion and Healer","floor":31.0,"turns":5.0},{"damage":28.0,"enemies":"Shelled Parasite and Fungi","floor":32.0,"turns":3.0},{"damage":103.0,"enemies":"SI_MIRROR_ARCHETYPE","floor":33.0,"turns":7.0},{"damage":7.0,"enemies":"downfall:FleeingMerchant","floor":36.0,"turns":2.0},{"damage":62.0,"enemies":"2 Orb Walkers","floor":37.0,"turns":4.0},{"damage":20.0,"enemies":"3 Shapes","floor":38.0,"turns":2.0},{"damage":55.0,"enemies":"3 Darklings","floor":39.0,"turns":4.0},{"damage":51,"enemies":"Giant Head","floor":43,"turns":7},{"damage":28,"enemies":"Reptomancer","floor":45,"turns":5},{"damage":46,"enemies":"Transient","floor":48,"turns":5},{"damage":23,"enemies":"Spire Growth","floor":49,"turns":3},{"damage":133,"enemies":"WA_ARCHETYPE_DIVINITY","floor":50,"turns":11}],"seed_played":"-6231553701512703160","potions_obtained":[{"floor":3.0,"key":"champ:CounterPotion"},{"floor":5.0,"key":"Dexterity Potion"},{"floor":6.0,"key":"champ:OpenerPotion"},{"floor":10.0,"key":"Energy Potion"},{"floor":11.0,"key":"Block Potion"},{"floor":15.0,"key":"Weak Potion"},{"floor":28.0,"key":"DistilledChaos"},{"floor":29.0,"key":"Swift Potion"},{"floor":33.0,"key":"Weak Potion"},{"floor":38.0,"key":"champ:OpenerPotion"},{"floor":39.0,"key":"PowerPotion"},{"floor":45,"key":"champ:CounterPotion"}],"is_trial":false,"path_per_floor":["R","M","M","M","?","M","T","?","E","M","?","E","M","$","M","B",null,"R","M","M","?","?","$","T","M","R","?","E","M","R","M","M","B",null,"R","$","?","M","M","$","T","R","E","?","E","?","T","M","M","B",null],"character_chosen":"THE_CHAMP","items_purchased":["Singing Bowl","Blood Vial","champ:FlashCut","champ:FaceSlap","champ:TechniquePotion","TungstenRod","Mango"],"campfire_rested":0,"item_purchase_floors":[14,23,23,36,36,40,40],"current_hp_per_floor":[99,99,99,99,93,93,93,86,86,86,82,84,83,88,90,56,108,108,102,94,94,89,89,89,90,90,90,89,91,91,92,88,84,110,110,110,95,97,104,118,118,118,123,123,130,130,130,93,97,105],"gold":211,"neow_bonus":"TEN_PERCENT_HP_BONUS","is_daily":false,"chose_seed":false,"campfire_upgraded":6,"win_rate":0.0,"timestamp":1613276598,"path_taken":["R","M","M","M","?","M","T","?","E","M","?","E","M","$","M","BOSS","R","M","M","?","?","$","T","M","R","?","E","M","R","?","M","BOSS","R","$","?","M","M","$","T","R","E","?","E","?","?","?","M","BOSS"],"items_purchased_type":["Relic","Relic","Card","Card","Potion","Relic","Relic"],"build_version":"2020-12-22","purchased_purges":2,"victory":true,"max_hp_per_floor":[99,99,99,99,99,99,99,99,99,99,99,106,106,106,108,108,108,108,108,108,108,108,108,108,108,108,108,108,108,108,108,110,110,110,110,110,112,112,112,126,126,126,128,128,130,130,130,130,130,130],"card_choices":[{"not_picked":["champ:Encircle","champ:BringItOn"],"picked":"champ:PerfectedStrike","floor":2.0},{"not_picked":["champ:Shatter","champ:EnGarde"],"picked":"champ:PerfectedStrike","floor":3.0},{"not_picked":["champ:PreciseThrust","champ:RageSigil"],"picked":"champ:BladeFlurry","floor":4.0},{"not_picked":["champ:FancyFootwork","champ:SkillfulDodge"],"picked":"champ:AdrenalArmor","floor":5.0},{"not_picked":["champ:GutPunch","champ:IronFortress"],"picked":"champ:CrookedStrike","floor":6.0},{"not_picked":["champ:SkillfulDodge","champ:FocusedDefense"],"picked":"champ:ArenaPreparation","floor":9.0},{"not_picked":["champ:CalledShot","champ:FocusedDefense"],"picked":"champ:BerserkerStyle","floor":10.0},{"not_picked":["champ:CrookedStrike","champ:PerfectedStrike"],"picked":"champ:RecklessLeap","floor":11.0},{"not_picked":["champ:Circumvent","champ:VampiricStrike"],"picked":"champ:ArenaPreparation","floor":12.0},{"not_picked":["champ:TornadoPunch","champ:EnGarde"],"picked":"champ:RecklessLeap","floor":13.0},{"not_picked":["champ:EnGarde","champ:DefensiveStyle"],"picked":"champ:CrookedStrike","floor":14.0},{"not_picked":["champ:FalseCounter","champ:SetATrap","champ:AdrenalArmor"],"picked":"Singing Bowl","floor":15.0},{"not_picked":["champ:DancingMaster","champ:IgnorePain"],"picked":"champ:Improvising","floor":16.0},{"not_picked":["champ:CalledShot","champ:EnGarde"],"picked":"champ:PerfectedStrike","floor":19.0},{"not_picked":["champ:GutPunch","champ:HeartStrike+1"],"picked":"champ:FanOfKnives","floor":20.0},{"not_picked":["champ:AdrenalArmor","champ:TornadoPunch+1"],"picked":"champ:DefensiveShout","floor":23.0},{"not_picked":["champ:Parry","champ:Circumvent"],"picked":"champ:GutPunch","floor":25.0},{"not_picked":["champ:ShieldSigil","champ:BerserkerStyle"],"picked":"champ:Shatter","floor":28.0},{"not_picked":["champ:Backstep","champ:ShieldWall"],"picked":"champ:FlashCut","floor":29.0},{"not_picked":["champ:SwordSigil","champ:Shatter"],"picked":"champ:ShieldSigil+1","floor":31.0},{"not_picked":["champ:SetATrap+1","champ:CrownThrow","champ:HeartStrike"],"picked":"Singing Bowl","floor":32.0},{"not_picked":["champ:LastStand","champ:HeavySlash"],"picked":"champ:SwordThrow","floor":33.0},{"not_picked":["champ:Circumvent+1","champ:LastStand"],"picked":"champ:DancingMaster","floor":36.0},{"not_picked":["champ:EnGarde","champ:TornadoPunch+1","champ:Endure+1"],"picked":"Singing Bowl","floor":37.0},{"not_picked":["champ:FanOfKnives+1","champ:Circumvent"],"picked":"champ:BringItOn+1","floor":38.0},{"not_picked":["champ:FocusedBerserking+1","champ:FancyFootwork"],"picked":"champ:HeartStrike+1","floor":39.0},{"not_picked":["champ:FocusedDefense","champ:EndlessRage","champ:DefensiveStyle+1"],"picked":"Singing Bowl","floor":43},{"not_picked":["champ:EnGarde+1","champ:Lariat","champ:Backstep"],"picked":"Singing Bowl","floor":45},{"not_picked":["expansioncontent:PrepareCrush","expansioncontent:PolyBeam"],"picked":"expansioncontent:AwakenDeath","floor":46},{"not_picked":["champ:ShieldThrow","champ:BladeFlurry+1"],"picked":"champ:StanceDance+1","floor":48},{"not_picked":["champ:SkillfulDodge+1","champ:ShieldSigil"],"picked":"champ:FlashCut+1","floor":49}],"player_experience":529847,"relics_obtained":[{"floor":5.0,"key":"CloakClasp"},{"floor":7.0,"key":"Toy Ornithopter"},{"floor":9.0,"key":"Bag of Marbles"},{"floor":11.0,"key":"Odd Mushroom"},{"floor":12.0,"key":"Strawberry"},{"floor":24.0,"key":"Kunai"},{"floor":28.0,"key":"MawBank"},{"floor":37.0,"key":"Thread and Needle"},{"floor":41.0,"key":"Meat on the Bone"},{"floor":43,"key":"Omamori"},{"floor":45,"key":"Regal Pillow"},{"floor":47,"key":"Oddly Smooth Stone"}],"event_choices":[{"damage_healed":0.0,"max_hp_gain":0.0,"max_hp_loss":0.0,"gold_gain":0.0,"event_name":"Scrap Ooze","player_choice":"Success","floor":8.0,"gold_loss":0.0,"damage_taken":7.0,"relics_obtained":["champ:DefensiveTrainingManual"]},{"damage_healed":0.0,"max_hp_gain":0.0,"max_hp_loss":0.0,"gold_gain":0.0,"event_name":"Mushrooms","player_choice":"Fought Mushrooms","floor":11.0,"gold_loss":0.0,"damage_taken":0.0},{"damage_healed":0.0,"max_hp_gain":0.0,"max_hp_loss":0.0,"gold_gain":0.0,"event_name":"Mysterious Sphere","player_choice":"Fight","floor":37.0,"gold_loss":0.0,"damage_taken":0.0}],"is_beta":false,"boss_relics":[{"not_picked":["Black Star","Cursed Key"],"picked":"Runic Pyramid"},{"not_picked":["Runic Dome","SacredBark"],"picked":"champ:ChampionCrownUpgraded"}],"items_purged_floors":[14,36],"is_endless":false,"potions_floor_spawned":[3,5,6,10,11,15,16,19,20,28,29,33,38,39,45],"ascension_level":1}}