{"host":"djoj10dqzzvtkauc","time":1613311386,"event":{"mods":["2.2 Compatiblity","BaseMod","Colored Map","DeckTracker","Highlight Path","Keyboard Shortcuts","Marisa£¨Ùöéë¡¡Øª×âÞÞ£©","Minty Spire (QoL Compilation)","Permanent Neow","Quick Restart","Random Character Button","StSLib","SuperFastMode","everything is the same but u backflip on backflip"],"gold_per_floor":[11,26,26,39,50,50,82,82,137,170,170,198,210,220,220,297,297,311,33,33,33,33,33,29,29,80,114,124,96,96,129,129,203,203,221,6,31,31,51,78,90,102,192,31,31,49,49,69,69,69,69],"floor_reached":50,"language":"KOR","playtime":1768,"items_purged":["Strike_G","Strike_G+1"],"score":1087,"play_id":"9c5deb8b-494f-4216-9cce-04924e24f787","local_time":"20210214230306","is_ascension_mode":true,"campfire_choices":[{"data":"Noxious Fumes","floor":6.0,"key":"SMITH"},{"data":"Backflip","floor":8.0,"key":"SMITH"},{"data":"Accuracy","floor":11.0,"key":"SMITH"},{"data":"Leg Sweep","floor":15.0,"key":"SMITH"},{"data":"Footwork","floor":23.0,"key":"SMITH"},{"data":"Backflip","floor":25.0,"key":"SMITH"},{"floor":32.0,"key":"REST"},{"data":"Night Terror","floor":45.0,"key":"SMITH"},{"floor":47,"key":"REST"},{"floor":49,"key":"REST"}],"circlet_count":0,"master_deck":["AscendersBane","Strike_G+1","Strike_G+1","Defend_G+1","Defend_G+1","Defend_G+1","Defend_G+1","Defend_G+1","Survivor","Neutralize+1","Noxious Fumes+1","Leg Sweep+1","Backflip+1","Blade Dance+1","Infinite Blades","Accuracy+1","PiercingWail","Escape Plan","Blur","Die Die Die+1","Backflip+1","Footwork+1","Swift Strike+1","Dagger Throw+1","PiercingWail+1","Terror+1","PiercingWail","Acrobatics+1","Flying Knee+1","PiercingWail","Blade Dance","Night Terror+1","Finisher+1","Cloak And Dagger","Blade Dance+1","Outmaneuver+1","Choke+1","Corpse Explosion","Prepared+1","Die Die Die+1","Storm of Steel","Backstab+1","Blur+1","Accuracy"],"relics":["Ring of the Serpent","Ginger","Matryoshka","Molten Egg 2","Omamori","Mango","Darkstone Periapt","War Paint","Whetstone","Dream Catcher","Vajra","Calling Bell","Lantern","White Beast Statue","Lizard Tail","Unceasing Top","MawBank","Bottled Flame","Orrery"],"acts_visited":["Exordium","TheCity","TheBeyond"],"potions_floor_usage":[48,50,50],"damage_taken":[{"damage":0.0,"enemies":"Small Slimes","floor":1.0,"turns":3.0},{"damage":0.0,"enemies":"Cultist","floor":2.0,"turns":5.0},{"damage":4.0,"enemies":"Jaw Worm","floor":4.0,"turns":5.0},{"damage":5.0,"enemies":"Large Slime","floor":5.0,"turns":10.0},{"damage":0.0,"enemies":"Lagavulin","floor":7.0,"turns":11.0},{"damage":17.0,"enemies":"Gremlin Nob","floor":10.0,"turns":5.0},{"damage":9.0,"enemies":"3 Sentries","floor":12.0,"turns":7.0},{"damage":0.0,"enemies":"Looter","floor":13.0,"turns":4.0},{"damage":1.0,"enemies":"Exordium Wildlife","floor":14.0,"turns":4.0},{"damage":28.0,"enemies":"Slime Boss","floor":16.0,"turns":9.0},{"damage":11.0,"enemies":"3 Byrds","floor":18.0,"turns":5.0},{"damage":1.0,"enemies":"2 Thieves","floor":24.0,"turns":4.0},{"damage":25.0,"enemies":"Slavers","floor":27.0,"turns":8.0},{"damage":8.0,"enemies":"Snake Plant","floor":28.0,"turns":4.0},{"damage":0.0,"enemies":"Book of Stabbing","floor":31.0,"turns":7.0},{"damage":29.0,"enemies":"Collector","floor":33.0,"turns":9.0},{"damage":0.0,"enemies":"3 Shapes","floor":35.0,"turns":5.0},{"damage":0.0,"enemies":"Mind Bloom Boss Battle","floor":37.0,"turns":6.0},{"damage":19.0,"enemies":"3 Darklings","floor":39.0,"turns":4.0},{"damage":11.0,"enemies":"Nemesis","floor":40.0,"turns":7.0},{"damage":4,"enemies":"4 Shapes","floor":46,"turns":1},{"damage":9,"enemies":"Sphere and 2 Shapes","floor":48,"turns":5},{"damage":122,"enemies":"Time Eater","floor":50,"turns":14}],"seed_played":"-968564176485120441","potions_obtained":[{"floor":1.0,"key":"EssenceOfSteel"},{"floor":5.0,"key":"GhostInAJar"},{"floor":7.0,"key":"SteroidPotion"},{"floor":10.0,"key":"Poison Potion"},{"floor":24.0,"key":"GhostInAJar"},{"floor":27.0,"key":"Swift Potion"},{"floor":28.0,"key":"FearPotion"},{"floor":33.0,"key":"Regen Potion"},{"floor":35.0,"key":"Swift Potion"},{"floor":37.0,"key":"Ancient Potion"},{"floor":40.0,"key":"Poison Potion"},{"floor":46,"key":"Energy Potion"},{"floor":48,"key":"DistilledChaos"}],"is_trial":false,"path_per_floor":["M","M","?","M","M","R","E","R","T","E","R","E","M","M","R","B",null,"M","$","?","?","?","R","M","R","T","E","M","$","?","E","R","B",null,"M","$","?","$","M","E","?","?","T","$","R","M","R","M","R","B"],"character_chosen":"THE_SILENT","items_purchased":["Footwork","Swift Strike+1","Dagger Throw+1","Flying Knee+1","Finisher+1","Cloak And Dagger","Orrery"],"campfire_rested":3,"item_purchase_floors":[19,19,19,29,36,36,44],"current_hp_per_floor":[59,59,59,55,50,50,50,50,50,47,47,38,38,37,37,9,62,51,51,51,51,51,51,50,50,50,25,17,17,17,17,41,12,63,63,63,78,78,59,48,48,48,48,48,48,44,68,59,80,5,5],"gold":69,"neow_bonus":"ONE_RARE_RELIC","is_daily":false,"chose_seed":false,"campfire_upgraded":7,"win_rate":0.0,"timestamp":1613311386,"path_taken":["M","M","?","M","M","R","E","R","T","E","R","E","M","M","R","BOSS","M","$","?","?","?","R","M","R","T","E","M","$","?","E","R","BOSS","M","$","?","$","M","E","?","?","T","?","R","?","R","M","R","BOSS"],"items_purchased_type":["Card","Card","Card","Card","Card","Card","Relic"],"build_version":"2020-12-22","purchased_purges":2,"victory":false,"max_hp_per_floor":[66,66,66,66,66,66,66,66,66,80,80,80,80,80,80,80,80,80,80,80,80,80,80,80,80,80,80,80,80,80,80,80,80,80,80,80,80,80,80,80,80,80,80,80,80,80,80,80,80,80,80],"card_choices":[{"not_picked":["Escape Plan","Slice"],"picked":"Noxious Fumes","floor":1.0},{"not_picked":["Prepared","Skewer"],"picked":"Leg Sweep","floor":2.0},{"not_picked":["Eviscerate","Riddle With Holes"],"picked":"Backflip","floor":4.0},{"not_picked":["Prepared","Deflect"],"picked":"Blade Dance","floor":5.0},{"not_picked":["Underhanded Strike","Outmaneuver"],"picked":"Infinite Blades","floor":7.0},{"not_picked":["Flechettes+1","Flying Knee+1"],"picked":"Accuracy","floor":10.0},{"not_picked":["Bane+1","Deflect"],"picked":"PiercingWail","floor":12.0},{"not_picked":["Deflect","Bullet Time"],"picked":"Escape Plan","floor":13.0},{"not_picked":["Poisoned Stab+1","Setup"],"picked":"Blur","floor":14.0},{"not_picked":["A Thousand Cuts","Glass Knife+1"],"picked":"Die Die Die+1","floor":16.0},{"not_picked":["Prepared","Underhanded Strike+1"],"picked":"Backflip","floor":18.0},{"not_picked":["Masterful Stab+1","Backflip"],"picked":"Terror+1","floor":24.0},{"not_picked":["Accuracy+1","Malaise"],"picked":"PiercingWail","floor":27.0},{"not_picked":["Prepared","Quick Slash+1"],"picked":"Acrobatics+1","floor":28.0},{"not_picked":["Tactician","Dagger Throw+1"],"picked":"PiercingWail","floor":31.0},{"not_picked":["Setup","Dagger Throw+1"],"picked":"Blade Dance","floor":32.0},{"not_picked":["Corpse Explosion","Burst"],"picked":"Night Terror","floor":33.0},{"not_picked":["Sucker Punch+1","Calculated Gamble","Flying Knee+1"],"picked":"SKIP","floor":35.0},{"not_picked":["Cloak And Dagger","Deadly Poison+1"],"picked":"Blade Dance+1","floor":37.0},{"not_picked":["Leg Sweep","Sucker Punch+1"],"picked":"Outmaneuver+1","floor":39.0},{"not_picked":["Cloak And Dagger","Bane+1"],"picked":"Choke+1","floor":40.0},{"not_picked":["Burst","Dagger Throw+1"],"picked":"Corpse Explosion","floor":44.0},{"not_picked":["Bane+1","Acrobatics"],"picked":"Prepared+1","floor":44.0},{"not_picked":["Bane+1","Deadly Poison+1"],"picked":"Die Die Die+1","floor":44.0},{"not_picked":["Escape Plan","Venomology"],"picked":"Storm of Steel","floor":44.0},{"not_picked":["Slice+1","Caltrops"],"picked":"Backstab+1","floor":44.0},{"not_picked":["Dagger Throw+1","Outmaneuver"],"picked":"Blur+1","floor":46},{"not_picked":["Flying Knee+1","Reflex"],"picked":"Accuracy","floor":48}],"player_experience":245892,"relics_obtained":[{"floor":7.0,"key":"Matryoshka"},{"floor":9.0,"key":"Molten Egg 2"},{"floor":9.0,"key":"Omamori"},{"floor":10.0,"key":"Mango"},{"floor":12.0,"key":"Darkstone Periapt"},{"floor":26.0,"key":"War Paint"},{"floor":26.0,"key":"Whetstone"},{"floor":27.0,"key":"Dream Catcher"},{"floor":31.0,"key":"Vajra"},{"floor":34.0,"key":"Lantern"},{"floor":34.0,"key":"White Beast Statue"},{"floor":34.0,"key":"Lizard Tail"},{"floor":37.0,"key":"Unceasing Top"},{"floor":40.0,"key":"MawBank"},{"floor":43.0,"key":"Bottled Flame"}],"event_choices":[{"cards_removed":["Strike_G"],"damage_healed":0.0,"max_hp_gain":0.0,"max_hp_loss":0.0,"gold_gain":0.0,"event_name":"Purifier","player_choice":"Purged","floor":3.0,"gold_loss":0.0,"damage_taken":0.0},{"damage_healed":0.0,"max_hp_gain":0.0,"max_hp_loss":0.0,"gold_gain":0.0,"event_name":"Back to Basics","player_choice":"Simplicity","floor":20.0,"gold_loss":0.0,"damage_taken":0.0,"cards_upgraded":["Strike_G","Strike_G","Strike_G","Defend_G","Defend_G","Defend_G","Defend_G","Defend_G"]},{"damage_healed":0.0,"max_hp_gain":0.0,"max_hp_loss":0.0,"gold_gain":0.0,"event_name":"The Library","player_choice":"Read","floor":21.0,"gold_loss":0.0,"damage_taken":0.0,"cards_obtained":["PiercingWail"]},{"damage_healed":0.0,"max_hp_gain":0.0,"max_hp_loss":0.0,"gold_gain":0.0,"event_name":"Ghosts","player_choice":"Ignored","floor":22.0,"gold_loss":0.0,"damage_taken":0.0},{"damage_healed":0.0,"max_hp_gain":0.0,"max_hp_loss":0.0,"gold_gain":0.0,"event_name":"Cursed Tome","player_choice":"Ignored","floor":30.0,"gold_loss":0.0,"damage_taken":0.0},{"damage_healed":0.0,"max_hp_gain":0.0,"max_hp_loss":0.0,"gold_gain":0.0,"event_name":"MindBloom","player_choice":"Fight","floor":37.0,"gold_loss":0.0,"damage_taken":0.0},{"damage_healed":0.0,"max_hp_gain":0.0,"max_hp_loss":0.0,"gold_gain":0.0,"event_name":"OrinTheCat","player_choice":"Ignored","floor":41.0,"gold_loss":0.0,"damage_taken":0.0},{"damage_healed":0.0,"max_hp_gain":0.0,"max_hp_loss":0.0,"gold_gain":0.0,"event_name":"Mysterious Sphere","player_choice":"Ignored","floor":42.0,"gold_loss":0.0,"damage_taken":0.0}],"is_beta":false,"boss_relics":[{"not_picked":["Coffee Dripper","Snecko Eye"],"picked":"Ring of the Serpent"},{"not_picked":["Philosopher\u0027s Stone","Fusion Hammer"],"picked":"Calling Bell"}],"items_purged_floors":[19,36],"is_endless":false,"potions_floor_spawned":[1,5,7,10,24,27,28,33,35,37,39,40,46,48],"killed_by":"Time Eater","ascension_level":16}}