{"host":"epo9t9qajflxsfbx","time":1613279231,"event":{"mods":["Act Like it!","BaseMod","Better Altar","Better Match","Better Note","Better Sensory Stone","Better Skull","Better Third Choice","Better Vampires","BetterRewards","Clockwork Mod","Defuse TimeMaze Blight","Displayed Cursed Tome","Elementarium","Hermit","Highlight Path","Hubris","Infinite Spire","Minty Spire (QoL Compilation)","Quick Restart","Relic Stats","Reliquary","Replay The Spire","Shade Mod","Shop Mod","Somnambulant","StSLib","The Bladedancer","The Cursed","The Hierophant","The Jungle","The Servant 0.9.4","everything is the same but u backflip on backflip"],"gold_per_floor":[118,0,12,12,22,55,55,66,89,89,100,119,153,78,78,180,180,198,198,198,348,367,402,421,438,438,438,455,492,522,537,537,639,639,660,679,31,49,70,108,129,129,129,156,191,191,191,529,529,529],"floor_reached":51,"language":"ENG","playtime":3994,"items_purged":[],"score":786,"play_id":"a55d52ff-fff9-4391-b51a-79665141911e","local_time":"20210213210711","daily_mods":["Heirloom","DeadlyEvents"],"is_ascension_mode":false,"campfire_choices":[{"data":"blademaster:EnchantedCuirass","floor":7,"key":"SMITH"},{"data":"hermit:GoldenBullet","floor":10,"key":"SMITH"},{"data":"ReplayTheSpireMod:Uncanny Aura","floor":27,"key":"SMITH"},{"floor":32,"key":"DIG"},{"floor":42,"key":"REST"},{"data":"blademaster:CombatPrep","floor":46,"key":"SMITH"},{"data":"blademaster:Havoc","floor":49,"key":"SMITH"}],"circlet_count":0,"master_deck":["hermit:GoldenBullet+1","blademaster:Strike","blademaster:Strike","blademaster:Strike","blademaster:Strike","blademaster:Defend","blademaster:Defend","blademaster:Defend","blademaster:Defend","blademaster:RagingBlow","blademaster:HighVoltage","hermit:GoldenBullet+1","blademaster:Sunder","Enlightenment","blademaster:BloodyBlow","blademaster:EnchantedCuirass+1","blademaster:ThunderingOpener","blademaster:TraverseCut","blademaster:AwakeningStrike","blademaster:FuriousStrike","blademaster:Quickstep","blademaster:Safeguard","blademaster:ColdBlood","blademaster:DaggerAndCloak+1","ReplayTheSpireMod:Uncanny Aura+1","blademaster:Quickstep+1","blademaster:EnchantedCuirass","blademaster:Stability","blademaster:FuriousStrike","blademaster:CombatPrep+1","blademaster:FlockOfBlades","blademaster:Havoc+1","blademaster:AspectOfLightning","blademaster:Overcharge+1","blademaster:FuriousStrike+1","blademaster:OneTrickPony"],"relics":["blademaster:DancersAmulet","Ring of Chaos","TungstenRod","PreservedInsect","Happy Flower","Gambling Chip","hubris:RunicObelisk","Sundial","Bird Faced Urn","infinitespire:Midas Blood","Pantograph","hubris:ToyBattleship","Strawberry","reliquary:WritOfMandamus","ClockworkSouvenir","Pantograph","hubris:TinFlute","Counterbalance","InkBottle","Old Coin"],"acts_visited":["Exordium","Exordium","TheBeyond"],"potions_floor_usage":[29,33,35,35,35,38,41],"damage_taken":[{"damage":6,"enemies":"2 Louse","floor":1,"turns":3},{"damage":0,"enemies":"Jaw Worm","floor":3,"turns":2},{"damage":0,"enemies":"Cultist","floor":5,"turns":2},{"damage":24,"enemies":"Replay:BlueRogue","floor":6,"turns":5},{"damage":0,"enemies":"Lots of Slimes","floor":8,"turns":7},{"damage":0,"enemies":"Blue Slaver","floor":11,"turns":2},{"damage":2,"enemies":"Red Slaver","floor":12,"turns":3},{"damage":12,"enemies":"Lagavulin","floor":13,"turns":3},{"damage":29,"enemies":"The Guardian","floor":16,"turns":7},{"damage":3,"enemies":"theJungle:MUSHROOMGANG","floor":18,"turns":4},{"damage":0,"enemies":"theJungle:5_Spyders","floor":22,"turns":4},{"damage":0,"enemies":"theJungle:2_Phrogs","floor":23,"turns":5},{"damage":0,"enemies":"theJungle:2_Snecko_Cultists","floor":24,"turns":3},{"damage":7,"enemies":"theJungle:SlimyTreeVines","floor":25,"turns":3},{"damage":4,"enemies":"theJungle:Snecko_Cultist_And_Trap","floor":28,"turns":4},{"damage":4,"enemies":"theJungle:MamaSnecko","floor":29,"turns":4},{"damage":0,"enemies":"theJungle:Cassacara","floor":30,"turns":5},{"damage":0,"enemies":"theJungle:JungleHuntersEncounter","floor":31,"turns":5},{"damage":0,"enemies":"theJungle:QueenSpyder","floor":33,"turns":6},{"damage":32,"enemies":"3 Darklings","floor":35,"turns":6},{"damage":6,"enemies":"3 Shapes","floor":36,"turns":3},{"damage":14,"enemies":"Spire Growth","floor":38,"turns":4},{"damage":14,"enemies":"3 Darklings","floor":39,"turns":4},{"damage":29,"enemies":"Nightmare","floor":40,"turns":5},{"damage":53,"enemies":"Transient","floor":41,"turns":5},{"damage":20,"enemies":"4 Shapes","floor":44,"turns":4},{"damage":0,"enemies":"R_Hoarder","floor":45,"turns":4},{"damage":8,"enemies":"Nemesis","floor":48,"turns":3},{"damage":0,"enemies":"Time Eater","floor":50,"turns":1}],"seed_played":"7955520719027903567","potions_obtained":[{"floor":3,"key":"Strength Potion"},{"floor":4,"key":"Explosive Potion"},{"floor":4,"key":"PowerPotion"},{"floor":4,"key":"Energy Potion"},{"floor":29,"key":"SteroidPotion"},{"floor":33,"key":"LiquidBronze"},{"floor":35,"key":"Reflective Coating"},{"floor":38,"key":"Strength Potion"},{"floor":39,"key":"LiquidBronze"},{"floor":40,"key":"Strength Potion"},{"floor":48,"key":"FairyPotion"}],"is_trial":true,"path_per_floor":["M","?","M","?","M","E","R","M","T","R","M","M","E","$","R","B",null,"M","?","T","?","M","E","M","M","T","R","M","E","E","M","R","B",null,"M","M","$","M","M","NM","M","R","T","M","E","R","?","E","R","B",null],"character_chosen":"THE_BLADEMASTER","items_purchased":["blademaster:Quickstep","blademaster:Safeguard","ClockworkSouvenir","reliquary:SculptingSteel","hubris:TinFlute"],"campfire_rested":1,"item_purchase_floors":[14,14,37,37,37],"current_hp_per_floor":[69,75,75,75,75,51,51,51,51,51,57,61,55,55,79,56,81,81,81,81,81,81,81,81,80,80,80,81,81,81,81,88,88,88,68,72,72,68,70,55,14,40,40,36,54,54,54,66,66,88],"gold":529,"neow_bonus":"","is_daily":false,"chose_seed":false,"campfire_upgraded":5,"win_rate":0.0,"timestamp":1613279231,"path_taken":["M","?","M","?","?","E","R","M","T","R","M","M","?","?","R","BOSS","M","?","?","?","M","E","M","M","T","R","M","E","?","M","R","BOSS","M","M","$","M","M","NM","?","R","T","M","?","R","?","E","R","BOSS"],"items_purchased_type":["Card","Card","Relic","Relic","Relic"],"build_version":"2020-12-22","purchased_purges":0,"victory":true,"max_hp_per_floor":[75,81,81,81,81,81,81,81,81,81,81,81,81,81,81,81,81,81,81,81,81,81,81,81,81,81,81,81,81,81,81,88,88,88,88,88,88,88,88,88,88,88,88,88,88,88,88,88,88,88],"relic_stats":{"Happy Flower":[32],"counters":[29,116],"Sundial":[4],"Gambling Chip":[29],"Bird Faced Urn":[79],"Pantograph":22,"PreservedInsect":356,"obtain_stats":[{"hubris:RunicObelisk":17,"ClockworkSouvenir":37,"Old Coin":48,"Sundial":20,"Gambling Chip":13,"Pantograph":29,"Strawberry":32,"blademaster:LightningChargePerk":48,"blademaster:DextrousPerk":23,"blademaster:BleedingLaceratePerk":29,"hubris:TinFlute":37,"InkBottle":45,"Happy Flower":9,"blademaster:StrongPerk":40,"Counterbalance":43,"Ring of Chaos":0,"PreservedInsect":6,"blademaster:OnAttackedChargePerk":13,"blademaster:RandomBladePerk":45,"blademaster:FuryEveryTurnPerk":30,"Bird Faced Urn":23,"reliquary:SculptingSteel":37,"blademaster:StanceHealPerk":6,"hubris:ToyBattleship":30,"blademaster:DancersAmulet":0,"reliquary:WritOfMandamus":34,"TungstenRod":0,"infinitespire:Midas Blood":26},{"hubris:RunicObelisk":9,"ClockworkSouvenir":21,"Old Coin":28,"Sundial":10,"Gambling Chip":8,"Pantograph":16,"Strawberry":18,"blademaster:LightningChargePerk":28,"blademaster:DextrousPerk":12,"blademaster:BleedingLaceratePerk":16,"hubris:TinFlute":21,"InkBottle":27,"Happy Flower":5,"blademaster:StrongPerk":24,"Counterbalance":25,"Ring of Chaos":0,"PreservedInsect":4,"blademaster:OnAttackedChargePerk":8,"blademaster:RandomBladePerk":27,"blademaster:FuryEveryTurnPerk":17,"Bird Faced Urn":12,"reliquary:SculptingSteel":21,"blademaster:StanceHealPerk":4,"hubris:ToyBattleship":17,"blademaster:DancersAmulet":0,"reliquary:WritOfMandamus":19,"TungstenRod":0,"infinitespire:Midas Blood":14},{"hubris:RunicObelisk":34,"ClockworkSouvenir":86,"Old Coin":115,"Sundial":38,"Gambling Chip":27,"Pantograph":61,"Strawberry":71,"blademaster:LightningChargePerk":115,"blademaster:DextrousPerk":47,"blademaster:BleedingLaceratePerk":61,"hubris:TinFlute":86,"InkBottle":112,"Happy Flower":19,"blademaster:StrongPerk":99,"Counterbalance":104,"Ring of Chaos":0,"PreservedInsect":12,"blademaster:OnAttackedChargePerk":27,"blademaster:RandomBladePerk":112,"blademaster:FuryEveryTurnPerk":66,"Bird Faced Urn":47,"reliquary:SculptingSteel":86,"blademaster:StanceHealPerk":12,"hubris:ToyBattleship":66,"blademaster:DancersAmulet":0,"reliquary:WritOfMandamus":77,"TungstenRod":0,"infinitespire:Midas Blood":53}],"TungstenRod":45,"InkBottle":[2]},"card_choices":[{"not_picked":["blademaster:BladeMastery","blademaster:BrainBloom"],"picked":"blademaster:Sunder","floor":1},{"not_picked":["blademaster:ThunderSlash","blademaster:Sunder"],"picked":"blademaster:BloodyBlow","floor":3},{"not_picked":["blademaster:Flurry","blademaster:OneTrickPony"],"picked":"blademaster:ParryingStrike","floor":5},{"not_picked":["blademaster:FuriousStrike","blademaster:LeechingStrike"],"picked":"blademaster:EnchantedCuirass","floor":6},{"not_picked":["blademaster:BloodyBlow","blademaster:SharpBlades"],"picked":"blademaster:ThunderingOpener","floor":8},{"not_picked":["blademaster:Thrust","blademaster:CombatPrep"],"picked":"blademaster:TraverseCut","floor":11},{"not_picked":["blademaster:CullingStrike","blademaster:BloodyBlow"],"picked":"blademaster:AwakeningStrike","floor":12},{"not_picked":["blademaster:AirSlash","blademaster:Safeguard"],"picked":"blademaster:FuriousStrike","floor":13},{"not_picked":["blademaster:Blindside","blademaster:UnrelentingWind"],"picked":"blademaster:ColdBlood","floor":16},{"not_picked":["blademaster:AspectOfLightning+1","blademaster:BloodyBlow"],"picked":"blademaster:DaggerAndCloak+1","floor":18},{"not_picked":["blademaster:DancingEdge","blademaster:AwakeningDefend","blademaster:WindSlash"],"picked":"SKIP","floor":22},{"not_picked":["blademaster:CloudOfSteel","blademaster:ThunderSlash+1"],"picked":"blademaster:Quickstep+1","floor":23},{"not_picked":["blademaster:Sunder","blademaster:Thrust","blademaster:LightningCrash"],"picked":"SKIP","floor":24},{"not_picked":["blademaster:AncestralHealing+1","blademaster:Thrust"],"picked":"blademaster:EnchantedCuirass","floor":25},{"not_picked":["blademaster:BladeMastery","blademaster:ParryingStrike"],"picked":"blademaster:Stability","floor":28},{"not_picked":["blademaster:Hailwind","blademaster:DaggerAndCloak"],"picked":"blademaster:FuriousStrike","floor":29},{"not_picked":["blademaster:Reversal","blademaster:Cut"],"picked":"blademaster:CombatPrep","floor":30},{"not_picked":["blademaster:OneTrickPony+1","blademaster:LightningCrash","blademaster:Bloodbath"],"picked":"SKIP","floor":31},{"not_picked":["blademaster:ColdBlood","blademaster:EnchantedCuirass"],"picked":"blademaster:FlockOfBlades","floor":33},{"not_picked":["blademaster:AspectOfLightning+1","blademaster:SharpBlades+1"],"picked":"blademaster:Havoc","floor":35},{"not_picked":["blademaster:WindSlash","blademaster:Sharpen+1","blademaster:BladeMastery"],"picked":"SKIP","floor":36},{"not_picked":["blademaster:WindSlash","blademaster:Sharpen+1","blademaster:BladeMastery"],"picked":"SKIP","floor":36},{"not_picked":["blademaster:LeechingStrike","blademaster:ThunderingOpener"],"picked":"blademaster:AspectOfLightning","floor":38},{"not_picked":["blademaster:Hailwind","blademaster:IcyWind","blademaster:WindSlash+1"],"picked":"SKIP","floor":39},{"not_picked":["infinitespire:FinalStrike","ReplayTheSpireMod:Haul"],"picked":"infinitespire:SealOfDarkness+","floor":40},{"not_picked":["blademaster:ChargingUp+1","blademaster:Vortex+1"],"picked":"blademaster:Overcharge+1","floor":40},{"not_picked":["blademaster:BrainBloom","blademaster:IcyWind"],"picked":"blademaster:FuriousStrike+1","floor":41},{"not_picked":["blademaster:Slice","blademaster:Quickstep+1"],"picked":"blademaster:OneTrickPony","floor":44},{"not_picked":["blademaster:LightningCrash","blademaster:Bloodbath+1","blademaster:Slice"],"picked":"SKIP","floor":45},{"not_picked":["blademaster:Safeguard+1","blademaster:CullingStrike+1","blademaster:LightningCrash+1"],"picked":"SKIP","floor":48}],"player_experience":300484,"relics_obtained":[{"floor":6,"key":"blademaster:StanceHealPerk"},{"floor":6,"key":"PreservedInsect"},{"floor":9,"key":"Happy Flower"},{"floor":13,"key":"Gambling Chip"},{"floor":13,"key":"blademaster:OnAttackedChargePerk"},{"floor":20,"key":"Sundial"},{"floor":23,"key":"Bird Faced Urn"},{"floor":23,"key":"blademaster:DextrousPerk"},{"floor":26,"key":"infinitespire:Midas Blood"},{"floor":29,"key":"blademaster:BleedingLaceratePerk"},{"floor":29,"key":"Pantograph"},{"floor":30,"key":"hubris:ToyBattleship"},{"floor":30,"key":"blademaster:FuryEveryTurnPerk"},{"floor":32,"key":"Strawberry"},{"floor":40,"key":"blademaster:StrongPerk"},{"floor":43,"key":"Counterbalance"},{"floor":45,"key":"InkBottle"},{"floor":45,"key":"blademaster:RandomBladePerk"},{"floor":48,"key":"Old Coin"},{"floor":48,"key":"blademaster:LightningChargePerk"}],"event_choices":[{"damage_healed":0,"gold_gain":0,"player_choice":"RENOUNCE","damage_taken":118,"max_hp_gain":0,"max_hp_loss":0,"event_name":"betterThird:BetterSerpent","floor":2,"gold_loss":118,"cards_obtained":["Enlightenment"]},{"damage_healed":0,"gold_gain":0,"player_choice":"Got Potions","damage_taken":0,"max_hp_gain":0,"max_hp_loss":0,"event_name":"Lab","floor":4,"gold_loss":0},{"cards_removed":["hermit:GoldenBullet"],"damage_healed":0,"gold_gain":0,"player_choice":"Take \u0026 Give","damage_taken":0,"max_hp_gain":0,"max_hp_loss":0,"event_name":"betterNote:BetterNote","floor":19,"gold_loss":0,"cards_obtained":["ReplayTheSpireMod:Uncanny Aura"]},{"cards_removed":["blademaster:ParryingStrike"],"damage_healed":0,"gold_gain":0,"player_choice":"Purged","damage_taken":0,"max_hp_gain":0,"max_hp_loss":0,"event_name":"Purifier","floor":47,"gold_loss":0}],"is_beta":false,"boss_relics":[{"not_picked":["Replay:Bronze Core","Snecko Heart"],"picked":"hubris:RunicObelisk"},{"not_picked":["Calling Bell","reliquary:Craggleroot"],"picked":"reliquary:WritOfMandamus"}],"items_purged_floors":[],"is_endless":false,"potions_floor_spawned":[3,11,13,18,22,28,29,33,35,38,39,40,48],"ascension_level":0}}