{"host":"u0qetpmu4y58k1tf","time":1613274414,"event":{"mods":["100% Spire Juice","AchievementEnabler","Act Like it!","BaseMod","CapriCore","Colored Map","Colored Powertips","Hermit","Koishi","Marisa£¨Ùöéë¡¡Øª×âÞÞ£©","Minty Spire (QoL Compilation)","Quick Restart","Reliquary","Replay The Spire","StSLib","Td1madao Mod","The Bug Knight","The Cursed","The Dragon Tamer","The Gatherer","The Hierophant","The Immortal","The Jungle","The Runesmith","WarShipGirlsR/??á´Ò³R mod"],"gold_per_floor":[119,132,145,145,162,188,188,188,188,188,188],"floor_reached":10,"language":"KOR","playtime":869,"items_purged":[],"score":136,"play_id":"558d8cf1-7f50-4de7-9822-4d5fb1f65466","local_time":"20210214124654","daily_mods":["Draft","Red Cards","Green Cards","Blue Cards","Purple Cards","DeadlyEvents","Elite Swarm"],"is_ascension_mode":true,"campfire_choices":[{"data":"Body Slam","floor":7,"key":"SMITH"}],"circlet_count":0,"master_deck":["AscendersBane","hierophant:HolyVerse","Preloading","Self Repair","hermit:HoleUp","Koishi:CatchAndRose","Noxious Fumes","Sneak Up","Runesmith:NanitesCloud","HollowMod:CloakDash","Blur","Gash","Shrug It Off","Koishi:UnconsciousUprising","Body Slam+1","hermit:Determination","TheCursedMod:StingEye","ReplayTheSpireMod:Exploit Weakness","Moonworks:TacticalRetreat","Creative AI"],"relics":["Burning Blood","Matryoshka"],"acts_visited":["Exordium"],"potions_floor_usage":[6,10],"damage_taken":[{"damage":0,"enemies":"Cultist","floor":1,"turns":4},{"damage":2,"enemies":"2 Louse","floor":2,"turns":4},{"damage":1,"enemies":"Jaw Worm","floor":3,"turns":5},{"damage":0,"enemies":"Large Slime","floor":5,"turns":9},{"damage":29,"enemies":"3 Sentries","floor":6,"turns":10},{"damage":65,"enemies":"Gremlin Nob","floor":10,"turns":5}],"seed_played":"1459000176953418809","potions_obtained":[{"floor":2,"key":"SkillPotion"},{"floor":5,"key":"Dexterity Potion"}],"is_trial":true,"path_per_floor":["M","M","M","?","M","E","R","PTL","PTL","E"],"character_chosen":"IRONCLAD","items_purchased":[],"campfire_rested":0,"item_purchase_floors":[],"current_hp_per_floor":[74,75,75,75,75,59,59,59,59,0,0],"gold":188,"neow_bonus":"","is_daily":false,"chose_seed":false,"campfire_upgraded":1,"win_rate":0.0,"timestamp":1613274414,"path_taken":["M","M","?","?","M","E","R","PTL","PTL","?"],"items_purchased_type":[],"build_version":"2020-12-22","purchased_purges":0,"victory":false,"max_hp_per_floor":[75,75,75,75,75,75,75,75,75,75,75],"card_choices":[{"not_picked":["ReplayTheSpireMod:Strike From Hell","hermit:DeadMansHand"],"picked":"hierophant:HolyVerse","floor":0},{"not_picked":["HollowMod:FastStrike","Flex"],"picked":"Preloading","floor":0},{"not_picked":["hierophant:CoinFling","rmod:smokecover"],"picked":"Self Repair","floor":0},{"not_picked":["DTMod:BurningForce","BasicCrystalCard"],"picked":"hermit:HoleUp","floor":0},{"not_picked":["hierophant:EyeForCoin","hierophant:Embezzle"],"picked":"Koishi:CatchAndRose","floor":0},{"not_picked":["hierophant:Alms","Backflip"],"picked":"Noxious Fumes","floor":0},{"not_picked":["TheCursedMod:CursedShiv","TheCursedMod:SmokeScreen"],"picked":"Cleave","floor":0},{"not_picked":["GravityBeat","Preloading"],"picked":"Sneak Up","floor":0},{"not_picked":["Runesmith:Overpower","Replay:Vibes"],"picked":"Runesmith:NanitesCloud","floor":0},{"not_picked":["DTMod:HeatWave","HollowMod:DescendingDark"],"picked":"HollowMod:CloakDash","floor":0},{"not_picked":["hierophant:RepressedViolence","Hologram"],"picked":"Blur","floor":0},{"not_picked":["DeepEcoloBomb","Runesmith:ShiftingStrike"],"picked":"Gash","floor":0},{"not_picked":["Body Slam","Pray"],"picked":"Shrug It Off","floor":0},{"not_picked":["Black Shadow","Acceleration"],"picked":"Koishi:UnconsciousUprising","floor":0},{"not_picked":["HollowMod:NewGlowingWomb","Protect"],"picked":"Body Slam","floor":0},{"not_picked":["HollowMod:DesolateDive","DTMod:BizarreTactic"],"picked":"hermit:Determination","floor":1},{"not_picked":["TheCursedMod:CursedAmulet","Koishi:TremblingHands"],"picked":"TheCursedMod:StingEye","floor":2},{"not_picked":["rmod:smokecover","Twin Teeth","TheCursedMod:CursedBlade"],"picked":"SKIP","floor":3},{"not_picked":["DTMod:RecklessFlurry","Havoc"],"picked":"Moonworks:TacticalRetreat","floor":5},{"not_picked":["Pod Laser","All For One"],"picked":"Creative AI","floor":6}],"player_experience":139123,"relics_obtained":[{"floor":6,"key":"Matryoshka"}],"event_choices":[{"damage_healed":0,"gold_gain":0,"cards_transformed":["Cleave"],"player_choice":"Transformed","damage_taken":0,"max_hp_gain":0,"max_hp_loss":0,"event_name":"Transmorgrifier","floor":4,"gold_loss":0,"cards_obtained":["ReplayTheSpireMod:Exploit Weakness"]}],"is_beta":false,"boss_relics":[],"items_purged_floors":[],"is_endless":false,"potions_floor_spawned":[2,5],"killed_by":"Gremlin Nob","ascension_level":20}}