{"host":"u7lm8z2rvb4dg2oo","time":1613288570,"event":{"mods":["AchievementEnabler","BaseMod","Bestiary","Block Reminder","Colored Map","Colored Powertips","Curses Come First","DeckTracker","Googly Eyes","Highlight Path","Minty Spire (QoL Compilation)","Quick Restart","StSLib"],"gold_per_floor":[109,120,132,185,196,196,223,242,266,13,40,40,40,56,56,127,127,147,147,147,24,24,24,42,71,71,100,100,28,28,42,42,42,42,57,72,48,59,0,0,0,31,31,63,63,88,88,103,103,103],"floor_reached":51,"language":"ENG","playtime":2258,"items_purged":["Writhe"],"score":1322,"play_id":"37ab9362-e006-4fe0-8636-6c4acf63302e","local_time":"20210214024250","is_ascension_mode":true,"campfire_choices":[{"data":"Terror","floor":6.0,"key":"SMITH"},{"data":"Adrenaline","floor":12.0,"key":"SMITH"},{"floor":15.0,"key":"REST"},{"data":"After Image","floor":23.0,"key":"SMITH"},{"data":"Finisher","floor":28.0,"key":"SMITH"},{"data":"Crippling Poison","floor":32.0,"key":"SMITH"},{"floor":40,"key":"REST"},{"data":"Dash","floor":45,"key":"SMITH"},{"floor":47,"key":"REST"},{"floor":49,"key":"REST"}],"circlet_count":0,"master_deck":["AscendersBane","Survivor","Neutralize","Adrenaline+1","Backstab","Deadly Poison","Terror+1","Dagger Spray","Bane","After Image+1","Crippling Poison+1","Adrenaline","Finisher","Dagger Spray","Masterful Stab","Finisher+1","Noxious Fumes","Eviscerate","Slice","Dash+1","Footwork","Necronomicurse","Footwork+1","Malaise","Slice+1","Footwork+1","Cloak And Dagger","Leg Sweep","Backstab+1"],"relics":["Ring of the Snake","Singing Bowl","MealTicket","Shuriken","Ancient Tea Set","Pandora\u0027s Box","Oddly Smooth Stone","MutagenicStrength","Question Card","HornCleat","Molten Egg 2","Necronomicon","Philosopher\u0027s Stone","Red Mask","Bottled Tornado","Gambling Chip","Kunai","Eternal Feather","Pen Nib"],"acts_visited":["Exordium","TheCity","TheBeyond"],"potions_floor_usage":[38,38,50],"damage_taken":[{"damage":1.0,"enemies":"Jaw Worm","floor":1.0,"turns":6.0},{"damage":3.0,"enemies":"Small Slimes","floor":2.0,"turns":4.0},{"damage":0.0,"enemies":"2 Louse","floor":3.0,"turns":2.0},{"damage":9.0,"enemies":"2 Fungi Beasts","floor":5.0,"turns":3.0},{"damage":14.0,"enemies":"3 Sentries","floor":7.0,"turns":10.0},{"damage":1.0,"enemies":"Large Slime","floor":8.0,"turns":7.0},{"damage":18.0,"enemies":"Gremlin Nob","floor":11.0,"turns":3.0},{"damage":0.0,"enemies":"Blue Slaver","floor":14.0,"turns":2.0},{"damage":17.0,"enemies":"The Guardian","floor":16.0,"turns":9.0},{"damage":3.0,"enemies":"Spheric Guardian","floor":18.0,"turns":3.0},{"damage":0.0,"enemies":"Chosen","floor":24.0,"turns":1.0},{"damage":9.0,"enemies":"Slavers","floor":25.0,"turns":4.0},{"damage":0.0,"enemies":"Gremlin Leader","floor":27.0,"turns":3.0},{"damage":0.0,"enemies":"Centurion and Healer","floor":31.0,"turns":3.0},{"damage":10.0,"enemies":"Collector","floor":33.0,"turns":4.0},{"damage":5.0,"enemies":"3 Darklings","floor":35.0,"turns":3.0},{"damage":0.0,"enemies":"Orb Walker","floor":36.0,"turns":1.0},{"damage":47,"enemies":"4 Shapes","floor":38,"turns":4},{"damage":31,"enemies":"Reptomancer","floor":42,"turns":6},{"damage":5,"enemies":"Giant Head","floor":44,"turns":5},{"damage":41,"enemies":"Reptomancer","floor":46,"turns":3},{"damage":22,"enemies":"Transient","floor":48,"turns":5},{"damage":34,"enemies":"Time Eater","floor":50,"turns":11}],"seed_played":"-2329984630069676321","potions_obtained":[{"floor":1.0,"key":"SkillPotion"},{"floor":3.0,"key":"Swift Potion"},{"floor":11.0,"key":"AttackPotion"},{"floor":14.0,"key":"GamblersBrew"},{"floor":27.0,"key":"Weak Potion"},{"floor":33.0,"key":"SkillPotion"},{"floor":35.0,"key":"FearPotion"},{"floor":36.0,"key":"GamblersBrew"},{"floor":48,"key":"Regen Potion"}],"is_trial":false,"path_per_floor":["M","M","M","?","M","R","E","M","T","$","E","R","?","M","R","B",null,"M","?","?","$","?","R","M","E","T","E","R","$","?","M","R","B",null,"M","M","$","M","?","R","T","E","T","E","R","E","R","M","R","B",null],"character_chosen":"THE_SILENT","items_purchased":["Shuriken","Block Potion","Footwork","Cloak And Dagger"],"campfire_rested":4,"item_purchase_floors":[10,21,29,37],"current_hp_per_floor":[62,59,59,59,50,50,38,37,37,52,36,36,36,38,60,43,68,67,67,67,78,78,78,80,71,71,73,73,82,66,66,66,56,76,71,71,82,37,37,62,62,33,33,28,43,4,45,23,64,45],"gold":103,"neow_bonus":"ONE_RANDOM_RARE_CARD","is_daily":false,"chose_seed":false,"campfire_upgraded":6,"win_rate":0.0,"timestamp":1613288570,"path_taken":["M","M","M","?","M","R","E","M","T","$","E","R","?","M","R","BOSS","M","?","?","$","?","R","M","E","T","E","R","$","?","M","R","BOSS","M","M","$","M","?","R","?","E","T","E","R","E","R","?","R","BOSS"],"items_purchased_type":["Relic","Potion","Card","Card"],"build_version":"2020-12-22","purchased_purges":1,"victory":true,"max_hp_per_floor":[70,70,70,70,70,70,72,72,72,72,74,74,74,76,76,76,76,78,78,78,78,78,78,80,80,80,82,82,82,82,82,82,82,82,82,82,82,84,84,84,84,86,86,86,86,88,88,88,88,88],"card_choices":[{"not_picked":["Acrobatics","Reflex"],"picked":"Backstab","floor":1.0},{"not_picked":["Blade Dance","Slice"],"picked":"Deadly Poison","floor":2.0},{"not_picked":["Dash","Bane"],"picked":"Terror","floor":3.0},{"not_picked":["Flying Knee","Acrobatics"],"picked":"Dagger Spray","floor":5.0},{"not_picked":["Dagger Spray","Underhanded Strike","Poisoned Stab"],"picked":"Singing Bowl","floor":7.0},{"not_picked":["Glass Knife","Flying Knee"],"picked":"Bane","floor":8.0},{"not_picked":["Poisoned Stab","Bane","Underhanded Strike"],"picked":"Singing Bowl","floor":11.0},{"not_picked":["Acrobatics","Dagger Throw","Bane"],"picked":"Singing Bowl","floor":14.0},{"not_picked":["Storm of Steel","Envenom"],"picked":"After Image","floor":16.0},{"not_picked":["Slice","Sucker Punch+1","Dagger Throw"],"picked":"Singing Bowl","floor":18.0},{"not_picked":["Poisoned Stab","Riddle With Holes","Slice+1"],"picked":"Singing Bowl","floor":24.0},{"not_picked":["Accuracy","Dagger Spray+1"],"picked":"Dash","floor":25.0},{"not_picked":["Flechettes+1","Dagger Spray+1","Blur","Infinite Blades"],"picked":"Singing Bowl","floor":27.0},{"not_picked":["Concentrate","Skewer+1","Heel Hook+1"],"picked":"Footwork+1","floor":31.0},{"not_picked":["Night Terror","Tools of the Trade","A Thousand Cuts"],"picked":"Malaise","floor":33.0},{"not_picked":["All Out Attack+1","Bouncing Flask","Backflip"],"picked":"Slice+1","floor":35.0},{"not_picked":["Deadly Poison","Underhanded Strike+1","Dagger Throw+1"],"picked":"Footwork+1","floor":36.0},{"not_picked":["Dagger Throw+1","Setup","Reflex+1","All Out Attack+1"],"picked":"Singing Bowl","floor":38},{"not_picked":["Dagger Spray+1","Blade Dance","Flying Knee+1","Eviscerate+1"],"picked":"Singing Bowl","floor":42},{"not_picked":["Flechettes+1","Reflex","Calculated Gamble"],"picked":"Leg Sweep","floor":44},{"not_picked":["PiercingWail","Blade Dance","Flying Knee+1","Flechettes+1"],"picked":"Singing Bowl","floor":46},{"not_picked":["Blade Dance","Deflect","PiercingWail"],"picked":"Backstab+1","floor":48}],"player_experience":1081125,"relics_obtained":[{"floor":7.0,"key":"Singing Bowl"},{"floor":9.0,"key":"MealTicket"},{"floor":11.0,"key":"Ancient Tea Set"},{"floor":25.0,"key":"Question Card"},{"floor":26.0,"key":"HornCleat"},{"floor":27.0,"key":"Molten Egg 2"},{"floor":30.0,"key":"Necronomicon"},{"floor":41,"key":"Bottled Tornado"},{"floor":42,"key":"Gambling Chip"},{"floor":43,"key":"Kunai"},{"floor":44,"key":"Eternal Feather"},{"floor":46,"key":"Pen Nib"}],"event_choices":[{"damage_healed":0.0,"max_hp_gain":0.0,"max_hp_loss":0.0,"gold_gain":53.0,"event_name":"Golden Wing","player_choice":"Gained Gold","floor":4.0,"gold_loss":0.0,"damage_taken":0.0},{"damage_healed":0.0,"max_hp_gain":0.0,"max_hp_loss":0.0,"gold_gain":0.0,"event_name":"Shining Light","player_choice":"Ignored","floor":13.0,"gold_loss":0.0,"damage_taken":0.0},{"cards_removed":["Tactician"],"damage_healed":0.0,"max_hp_gain":0.0,"max_hp_loss":0.0,"gold_gain":0.0,"event_name":"Back to Basics","player_choice":"Elegance","floor":19.0,"gold_loss":0.0,"damage_taken":0.0},{"damage_healed":0.0,"max_hp_gain":0.0,"max_hp_loss":0.0,"gold_gain":0.0,"event_name":"The Mausoleum","player_choice":"Opened","floor":20.0,"gold_loss":0.0,"damage_taken":0.0,"relics_obtained":["Oddly Smooth Stone"],"cards_obtained":["Writhe"]},{"damage_healed":0.0,"max_hp_gain":0.0,"max_hp_loss":0.0,"gold_gain":0.0,"event_name":"Drug Dealer","player_choice":"Inject Mutagens","floor":22.0,"gold_loss":0.0,"damage_taken":0.0,"relics_obtained":["MutagenicStrength"]},{"damage_healed":0.0,"max_hp_gain":0.0,"max_hp_loss":0.0,"gold_gain":0.0,"event_name":"Cursed Tome","player_choice":"Obtained Book","floor":30.0,"gold_loss":0.0,"damage_taken":16.0},{"damage_healed":0,"gold_gain":0,"player_choice":"Paid","damage_taken":0,"relics_obtained":["Red Mask"],"max_hp_gain":0,"max_hp_loss":0,"event_name":"Tomb of Lord Red Mask","floor":39,"gold_loss":59}],"is_beta":false,"boss_relics":[{"not_picked":["Ectoplasm","Empty Cage"],"picked":"Pandora\u0027s Box"},{"not_picked":["Snecko Eye","Tiny House"],"picked":"Philosopher\u0027s Stone"}],"items_purged_floors":[21],"is_endless":false,"potions_floor_spawned":[1,3,11,14,27,33,35,36,48],"ascension_level":13}}