{"host":"wmojtwekh6s3tor5","time":1613295152,"event":{"mods":["BaseMod","Colored Map","Colored Powertips","DeckTracker","Highlight Path","Minty Spire (QoL Compilation)","Quick Restart","StSLib"],"gold_per_floor":[116,66,18,36,36,66,66,83,83,83,83,98,98,129,129,228,228,248,261,221,240,260,260,260,260],"floor_reached":24,"language":"ZHS","playtime":1064,"items_purged":[],"score":333,"play_id":"28e99fd0-994b-4d1d-8bfd-6d2266d9c2ad","local_time":"20210214173232","is_ascension_mode":true,"campfire_choices":[{"data":"Offering","floor":7,"key":"SMITH"},{"data":"Rage","floor":10,"key":"SMITH"},{"data":"Rupture","floor":13,"key":"SMITH"},{"data":"Spot Weakness","floor":15,"key":"SMITH"},{"data":"Blood for Blood","floor":23,"key":"SMITH"}],"circlet_count":0,"master_deck":["Strike_R","Strike_R","Strike_R","Strike_R","Defend_R","Defend_R","Defend_R","Defend_R","Flex","Shrug It Off","Twin Strike","Offering+1","Rage+1","Rupture+1","Spot Weakness+1","Demon Form","Heavy Blade+1","Blood for Blood+1","Whirlwind+1"],"relics":["Burning Blood","NeowsBlessing","Pen Nib","Pear","Question Card","Sozu"],"acts_visited":["Exordium","TheCity"],"potions_floor_usage":[14,14,16,18],"damage_taken":[{"damage":0,"enemies":"2 Louse","floor":1,"turns":1},{"damage":0,"enemies":"Jaw Worm","floor":4,"turns":1},{"damage":0,"enemies":"3 Sentries","floor":6,"turns":2},{"damage":6,"enemies":"Cultist","floor":8,"turns":2},{"damage":6,"enemies":"3 Louse","floor":12,"turns":2},{"damage":6,"enemies":"Gremlin Nob","floor":14,"turns":3},{"damage":46,"enemies":"Slime Boss","floor":16,"turns":10},{"damage":21,"enemies":"2 Thieves","floor":18,"turns":3},{"damage":20,"enemies":"Spheric Guardian","floor":19,"turns":5},{"damage":29,"enemies":"Snake Plant","floor":21,"turns":5},{"damage":22,"enemies":"Sentry and Sphere","floor":22,"turns":5},{"damage":17,"enemies":"3 Cultists","floor":24,"turns":3}],"seed_played":"-494432044823098557","potions_obtained":[{"floor":4,"key":"GamblersBrew"},{"floor":8,"key":"Fire Potion"},{"floor":12,"key":"SteroidPotion"},{"floor":16,"key":"ColorlessPotion"}],"is_trial":false,"path_per_floor":["M","?","$","M","?","E","R","M","T","R","$","M","R","E","R","B",null,"M","M","?","M","M","R","M"],"character_chosen":"IRONCLAD","items_purchased":["Shrug It Off"],"campfire_rested":0,"item_purchase_floors":[3],"current_hp_per_floor":[78,78,78,80,73,79,79,79,89,89,89,89,89,89,89,49,80,65,51,51,28,12,12,0,0],"gold":260,"neow_bonus":"THREE_ENEMY_KILL","is_daily":false,"chose_seed":false,"campfire_upgraded":5,"win_rate":0.0,"timestamp":1613295152,"path_taken":["M","?","$","M","?","E","R","M","T","R","?","?","R","E","R","BOSS","M","?","?","M","?","R","M"],"items_purchased_type":["Card"],"build_version":"2020-12-22","purchased_purges":0,"victory":false,"max_hp_per_floor":[80,80,80,80,80,80,80,80,90,90,90,90,90,90,90,90,90,90,90,90,90,90,90,90,90],"card_choices":[{"not_picked":["Havoc","Pommel Strike"],"picked":"Flex","floor":1},{"not_picked":["Combust","Armaments"],"picked":"Twin Strike","floor":4},{"not_picked":["Flex","Twin Strike"],"picked":"Offering","floor":6},{"not_picked":["Shrug It Off","Burning Pact"],"picked":"Rage","floor":8},{"not_picked":["Body Slam","Havoc"],"picked":"Rupture","floor":12},{"not_picked":["Anger","Thunderclap"],"picked":"Spot Weakness","floor":14},{"not_picked":["Feed","Bludgeon","Corruption"],"picked":"Demon Form","floor":16},{"not_picked":["Armaments","Anger","Havoc+1"],"picked":"Heavy Blade+1","floor":18},{"not_picked":["Heavy Blade","Power Through+1","Burning Pact+1"],"picked":"Blood for Blood","floor":19},{"not_picked":["Clothesline+1","Heavy Blade","Second Wind","Pummel"],"picked":"SKIP","floor":21},{"not_picked":["Dual Wield","Iron Wave+1","Spot Weakness"],"picked":"Whirlwind+1","floor":22}],"player_experience":609534,"relics_obtained":[{"floor":6,"key":"Pen Nib"},{"floor":9,"key":"Pear"},{"floor":14,"key":"Question Card"}],"event_choices":[{"cards_removed":["Bash"],"damage_healed":0,"gold_gain":0,"player_choice":"Card Removal","damage_taken":0,"max_hp_gain":0,"max_hp_loss":0,"event_name":"The Cleric","floor":2,"gold_loss":50},{"cards_removed":["Strike_R"],"damage_healed":0,"gold_gain":0,"player_choice":"Card Removal","damage_taken":7,"max_hp_gain":0,"max_hp_loss":0,"event_name":"Golden Wing","floor":5,"gold_loss":0},{"damage_healed":0,"gold_gain":0,"player_choice":"Bought 3 Potions","damage_taken":0,"max_hp_gain":0,"max_hp_loss":0,"event_name":"The Woman in Blue","floor":20,"gold_loss":0}],"is_beta":false,"boss_relics":[{"not_picked":["Black Star","Black Blood"],"picked":"Sozu"}],"items_purged_floors":[],"is_endless":false,"potions_floor_spawned":[4,8,12,16,18,19,22],"killed_by":"3 Cultists","ascension_level":6}}