{"host":"vgmhxp0kxvybuvcq","time":1613336338,"event":{"mods":["BaseMod","Minty Spire (QoL Compilation)","Replay The Spire","StSLib"],"gold_per_floor":[218,228,5,18,93,124,124,145,145,167,167,167,213,260,260,402,402,434,434,165,165,199,242,242,281,305,305,358,115,168,210,210,347,347,396,708,160,160,186,254,299,325,325],"floor_reached":42,"language":"ENG","playtime":2483,"items_purged":["Defend_R","Strike_R","Strike_R"],"score":554,"play_id":"f01db798-9305-4048-8b14-73c13f3111cc","local_time":"20210214125858","is_ascension_mode":true,"campfire_choices":[{"data":"Eclipse","floor":7,"key":"SMITH"},{"data":"Iron Wave","floor":11,"key":"SMITH"},{"data":"Replay:Undeath\u0027s Touch","floor":15,"key":"SMITH"},{"data":"True Grit","floor":24,"key":"SMITH"},{"data":"Abandon","floor":27,"key":"SMITH"},{"floor":32,"key":"REST"}],"circlet_count":0,"master_deck":["Strike_R","Strike_R","Strike_R","Defend_R","Defend_R","Defend_R","Defy Death","Replay:Undeath\u0027s Touch+1","Burning Pact","Wild Strike","Eclipse+1","Feel No Pain","Iron Wave+1","Fiend Fire","Iron Wave","Demonic Infusion","True Grit+1","Replay:Undeath\u0027s Touch+1","Shockwave","ReplayTheSpireMod:Muscle Training","Abandon+1","Clash+1","ReplayTheSpireMod:Corrosion Curse","Inflame","Juggernaut","CurseOfTheBell","Shockwave+1","ReplayTheSpireMod:Strike From Hell","Abandon","Shrug It Off+1"],"relics":["Burning Blood","Sling","Replay:Bandana","Pantograph","Golden Idol","StoneCalendar","Mark of Pain","HandDrill","ReplayTheSpireMod:Lightbulb","Frozen Eye","Mummified Hand","Calling Bell","MawBank","Meat on the Bone","Peace Pipe","Bird Faced Urn","Bag of Preparation"],"acts_visited":["Exordium","TheCity","TheBeyond"],"potions_floor_usage":[8,16,16,30,31,33,39],"damage_taken":[{"damage":6,"enemies":"Small Slimes","floor":1,"turns":4},{"damage":5,"enemies":"2 Louse","floor":2,"turns":3},{"damage":9,"enemies":"Jaw Worm","floor":4,"turns":4},{"damage":25,"enemies":"3 Sentries","floor":6,"turns":7},{"damage":4,"enemies":"Red Slaver","floor":8,"turns":2},{"damage":3,"enemies":"3 Louse","floor":10,"turns":3},{"damage":3,"enemies":"Replay:BlueRogue","floor":13,"turns":6},{"damage":8,"enemies":"Exordium Thugs","floor":14,"turns":4},{"damage":39,"enemies":"The Guardian","floor":16,"turns":8},{"damage":2,"enemies":"Chosen","floor":18,"turns":3},{"damage":19,"enemies":"Spheric Guardian","floor":22,"turns":5},{"damage":5,"enemies":"Snecko","floor":23,"turns":4},{"damage":23,"enemies":"Chosen and Byrds","floor":25,"turns":7},{"damage":18,"enemies":"Centurion and Healer","floor":28,"turns":5},{"damage":13,"enemies":"Book of Stabbing","floor":30,"turns":4},{"damage":27,"enemies":"Snake Plant","floor":31,"turns":4},{"damage":16,"enemies":"Collector","floor":33,"turns":7},{"damage":35,"enemies":"3 Shapes","floor":35,"turns":5},{"damage":42,"enemies":"3 Darklings","floor":39,"turns":7},{"damage":37,"enemies":"Nemesis","floor":40,"turns":5},{"damage":8,"enemies":"Maw","floor":41,"turns":6},{"damage":61,"enemies":"Giant Head","floor":42,"turns":6}],"seed_played":"3056485782581383907","potions_obtained":[{"floor":1,"key":"SteroidPotion"},{"floor":2,"key":"Venom Potion"},{"floor":13,"key":"Swift Potion"},{"floor":14,"key":"LifebloodPotion"},{"floor":23,"key":"Swift Potion"},{"floor":30,"key":"Fire Potion"},{"floor":31,"key":"SteroidPotion"},{"floor":39,"key":"Fire Potion"}],"is_trial":false,"path_per_floor":["M","M","$","M","?","E","R","M","T","M","R","?","E","M","R","B",null,"M","?","$","?","M","M","R","M","T","R","M","$","E","M","R","B",null,"M","?","$","?","M","E","M","E"],"character_chosen":"IRONCLAD","items_purchased":["Burning Pact","Sling","HandDrill","Replay:Undeath\u0027s Touch+1","Frozen Eye","ReplayTheSpireMod:Strike From Hell","Fruit Juice","Bird Faced Urn"],"campfire_rested":1,"item_purchase_floors":[3,3,20,20,29,37,37,37],"current_hp_per_floor":[80,80,80,77,66,47,47,49,49,52,52,52,55,53,53,45,80,80,80,80,80,67,68,68,51,51,51,39,39,32,11,35,50,80,51,51,51,51,36,23,39,0,0],"gold":325,"neow_bonus":"HUNDRED_GOLD","is_daily":false,"chose_seed":false,"campfire_upgraded":5,"win_rate":0.0,"timestamp":1613336338,"path_taken":["M","M","$","M","?","E","R","M","T","M","R","?","E","M","R","BOSS","M","?","$","?","M","M","R","?","T","R","M","$","E","M","R","BOSS","M","?","?","?","M","E","M","E"],"items_purchased_type":["Card","Relic","Relic","Card","Relic","Card","Potion","Relic"],"build_version":"2020-12-22","purchased_purges":3,"victory":false,"max_hp_per_floor":[80,80,80,80,80,80,80,80,80,80,80,80,80,80,80,80,80,80,80,80,80,80,80,80,80,80,80,80,80,80,80,80,80,80,80,80,80,80,85,85,85,85,85],"card_choices":[{"not_picked":["Dark Embrace","Heavy Blade"],"picked":"Defy Death","floor":1},{"not_picked":["Heavy Blade","Rupture"],"picked":"Replay:Undeath\u0027s Touch","floor":2},{"not_picked":["Replay:Undeath\u0027s Touch","ReplayTheSpireMod:LeadingStrike"],"picked":"Wild Strike","floor":4},{"not_picked":["Perfected Strike","Wild Strike"],"picked":"Eclipse","floor":6},{"not_picked":["Clash","Armaments"],"picked":"Feel No Pain","floor":8},{"not_picked":["Clash","Anger"],"picked":"Iron Wave","floor":10},{"not_picked":["Cleave","Berserk"],"picked":"Fiend Fire","floor":13},{"not_picked":["Armaments","Twin Strike"],"picked":"Iron Wave","floor":14},{"not_picked":["Eclipse","Corruption"],"picked":"Demonic Infusion","floor":16},{"not_picked":["Flex","Pommel Strike"],"picked":"True Grit","floor":18},{"not_picked":["Shrug It Off","True Grit"],"picked":"Shockwave","floor":22},{"not_picked":["Ghostly Armor","Clash+1"],"picked":"ReplayTheSpireMod:Muscle Training","floor":23},{"not_picked":["Warcry","Feel No Pain"],"picked":"Abandon","floor":25},{"not_picked":["Demonic Infusion","Havoc"],"picked":"Clash+1","floor":28},{"not_picked":["Thunderclap","Body Slam"],"picked":"ReplayTheSpireMod:Corrosion Curse","floor":30},{"not_picked":["ReplayTheSpireMod:Corrosion Curse","Sever Soul"],"picked":"Inflame","floor":31},{"not_picked":["Demonic Infusion","Offering"],"picked":"Juggernaut","floor":33},{"not_picked":["Twin Strike","Massacre+1"],"picked":"Shockwave+1","floor":35},{"not_picked":["Blood for Blood","True Grit","Sword Boomerang"],"picked":"SKIP","floor":39},{"not_picked":["Twin Strike","Ghostly Armor"],"picked":"Abandon","floor":40},{"not_picked":["Sentinel+1","True Grit"],"picked":"Shrug It Off+1","floor":41}],"player_experience":327993,"relics_obtained":[{"floor":6,"key":"Replay:Bandana"},{"floor":9,"key":"Pantograph"},{"floor":13,"key":"StoneCalendar"},{"floor":26,"key":"ReplayTheSpireMod:Lightbulb"},{"floor":30,"key":"Mummified Hand"},{"floor":34,"key":"MawBank"},{"floor":34,"key":"Meat on the Bone"},{"floor":34,"key":"Peace Pipe"},{"floor":40,"key":"Bag of Preparation"}],"event_choices":[{"damage_healed":0,"gold_gain":75,"player_choice":"Gather Gold","damage_taken":11,"max_hp_gain":0,"max_hp_loss":0,"event_name":"World of Goop","floor":5,"gold_loss":0},{"damage_healed":0,"gold_gain":0,"player_choice":"Take Wound","damage_taken":0,"relics_obtained":["Golden Idol"],"max_hp_gain":0,"max_hp_loss":0,"event_name":"Golden Idol","floor":12,"gold_loss":0,"cards_obtained":["Injury"]},{"cards_removed":["Injury"],"damage_healed":0,"gold_gain":0,"player_choice":"Elegance","damage_taken":0,"max_hp_gain":0,"max_hp_loss":0,"event_name":"Back to Basics","floor":19,"gold_loss":0},{"damage_healed":0,"gold_gain":0,"player_choice":"Full Heal","damage_taken":0,"max_hp_gain":0,"max_hp_loss":0,"event_name":"Wheel of Change","floor":21,"gold_loss":0},{"damage_healed":0,"gold_gain":300,"player_choice":"Gold","damage_taken":0,"max_hp_gain":0,"max_hp_loss":0,"event_name":"Wheel of Change","floor":36,"gold_loss":0},{"cards_removed":["Bash"],"damage_healed":0,"gold_gain":0,"player_choice":"Purged","damage_taken":0,"max_hp_gain":0,"max_hp_loss":0,"event_name":"Purifier","floor":38,"gold_loss":0}],"is_beta":false,"boss_relics":[{"not_picked":["Coffee Dripper","Fusion Hammer"],"picked":"Mark of Pain"},{"not_picked":["Ring of Chaos","Pandora\u0027s Box"],"picked":"Calling Bell"}],"items_purged_floors":[20,29,37],"is_endless":false,"potions_floor_spawned":[1,2,13,14,23,30,31,39],"killed_by":"Giant Head","ascension_level":3}}