{"host":"ficgsz0si2azpg0p","time":1613338626,"event":{"mods":["BaseMod","Downfall","Minty Spire (QoL Compilation)","StSLib","The Hierophant"],"gold_per_floor":[114,114,114,127,144,144,159,84,109,121,140,173,200,215,215,313,313,298,298,312,331,56,56,56],"floor_reached":23,"language":"ENG","playtime":790,"items_purged":["Bash"],"score":194,"play_id":"4740bea2-57fb-4917-b8f5-b2cb31277c31","local_time":"20210214163706","is_ascension_mode":false,"campfire_choices":[{"data":"True Grit","floor":6,"key":"SMITH"},{"data":"True Grit","floor":15,"key":"SMITH"}],"circlet_count":0,"master_deck":["Strike_R","Strike_R","Strike_R","Strike_R+1","Strike_R","Defend_R+1","Defend_R","Defend_R","Defend_R","Wild Strike","Seeing Red+1","True Grit+1","Intimidate","Cleave","True Grit+1","Cleave","Reaper","Pommel Strike","Iron Wave","Iron Wave","Feed","Evolve","Pommel Strike"],"relics":["Burning Blood","Charon\u0027s Ashes","Spirit Poop","Orichalcum","Lantern","Odd Mushroom","Black Star"],"acts_visited":["Exordium","TheCity"],"potions_floor_usage":[12,13,16,16,18,20],"damage_taken":[{"damage":3,"enemies":"Jaw Worm","floor":1,"turns":4},{"damage":4,"enemies":"Cultist","floor":4,"turns":4},{"damage":4,"enemies":"2 Louse","floor":5,"turns":4},{"damage":2,"enemies":"Large Slime","floor":7,"turns":6},{"damage":12,"enemies":"Exordium Thugs","floor":10,"turns":6},{"damage":4,"enemies":"Blue Slaver","floor":11,"turns":5},{"damage":23,"enemies":"Lagavulin","floor":12,"turns":8},{"damage":0,"enemies":"The Mushroom Lair","floor":13,"turns":2},{"damage":0,"enemies":"2 Fungi Beasts","floor":14,"turns":3},{"damage":21,"enemies":"Slime Boss","floor":16,"turns":9},{"damage":6,"enemies":"2 Thieves","floor":18,"turns":4},{"damage":12,"enemies":"Spheric Guardian","floor":20,"turns":5},{"damage":43,"enemies":"Snake Plant","floor":21,"turns":6},{"damage":59,"enemies":"Gremlin Leader","floor":23,"turns":8}],"seed_played":"6135018783169958516","potions_obtained":[{"floor":11,"key":"LiquidBronze"},{"floor":12,"key":"SteroidPotion"},{"floor":13,"key":"Slimebound:ThreeZeroPotion"},{"floor":14,"key":"Strength Potion"},{"floor":16,"key":"Fire Potion"},{"floor":18,"key":"BlessingOfTheForge"}],"is_trial":false,"path_per_floor":["M","?","?","M","M","R","M","$","T","M","M","E","?","M","R","B",null,"M","?","M","M","$","E"],"character_chosen":"IRONCLAD","items_purchased":["Feed","Evolve","Pommel Strike"],"campfire_rested":0,"item_purchase_floors":[22,22,22],"current_hp_per_floor":[80,64,64,66,68,68,72,72,72,66,68,51,57,63,63,48,80,80,80,74,41,41,0,0],"gold":56,"neow_bonus":"ONE_RARE_RELIC","is_daily":false,"chose_seed":false,"campfire_upgraded":2,"win_rate":0.0,"timestamp":1613338626,"path_taken":["M","?","?","M","M","R","M","$","T","?","M","E","?","M","R","BOSS","M","?","M","M","?","E"],"items_purchased_type":["Card","Card","Card"],"build_version":"2020-12-22","purchased_purges":1,"victory":false,"max_hp_per_floor":[80,80,80,80,80,80,80,80,80,80,80,80,80,80,80,80,80,80,80,80,80,80,80,80],"card_choices":[{"not_picked":["Iron Wave","Uppercut"],"picked":"Wild Strike","floor":1},{"not_picked":["Clothesline","Headbutt"],"picked":"Seeing Red","floor":4},{"not_picked":["Seeing Red","Flex"],"picked":"True Grit","floor":5},{"not_picked":["Demon Form","Twin Strike","Bloodletting"],"picked":"SKIP","floor":7},{"not_picked":["Anger","Whirlwind"],"picked":"Intimidate","floor":10},{"not_picked":["Uppercut","Havoc"],"picked":"Cleave","floor":11},{"not_picked":["Headbutt","Flame Barrier","Heavy Blade"],"picked":"SKIP","floor":12},{"not_picked":["Flame Barrier","Battle Trance"],"picked":"True Grit","floor":13},{"not_picked":["Iron Wave","Infernal Blade"],"picked":"Cleave","floor":14},{"not_picked":["Brutality","Barricade"],"picked":"Reaper","floor":16},{"not_picked":["Heavy Blade","Twin Strike"],"picked":"Pommel Strike","floor":18},{"not_picked":["Dual Wield","Cleave"],"picked":"Iron Wave","floor":20},{"not_picked":["Havoc","Ghostly Armor+1"],"picked":"Iron Wave","floor":21}],"player_experience":11990016,"relics_obtained":[{"floor":9,"key":"Orichalcum"},{"floor":12,"key":"Lantern"},{"floor":13,"key":"Odd Mushroom"}],"event_choices":[{"damage_healed":0,"gold_gain":0,"player_choice":"Entered Light","damage_taken":16,"max_hp_gain":0,"max_hp_loss":0,"event_name":"Shining Light","floor":2,"gold_loss":0,"cards_upgraded":["Strike_R","Defend_R"]},{"cards_removed":["Injury"],"damage_healed":0,"gold_gain":0,"player_choice":"Offered Curse","damage_taken":0,"relics_obtained":["Spirit Poop"],"max_hp_gain":0,"max_hp_loss":0,"event_name":"Bonfire Elementals","floor":3,"gold_loss":0},{"damage_healed":0,"gold_gain":0,"player_choice":"Fought Mushrooms","damage_taken":0,"max_hp_gain":0,"max_hp_loss":0,"event_name":"Mushrooms","floor":13,"gold_loss":0},{"damage_healed":0,"gold_gain":0,"player_choice":"Upgraded","damage_taken":0,"max_hp_gain":0,"max_hp_loss":0,"event_name":"Upgrade Shrine","floor":19,"gold_loss":0,"cards_upgraded":["Seeing Red"]}],"is_beta":false,"boss_relics":[{"not_picked":["Snecko Eye","Tiny House"],"picked":"Black Star"}],"items_purged_floors":[8],"is_endless":false,"potions_floor_spawned":[11,12,13,14,16,18],"killed_by":"Gremlin Leader","ascension_level":0}}