{"host":"pbf6u3tyx46snqc7","time":1613328930,"event":{"mods":["AchievementEnabler","BaseMod","Colored Map","Minty Spire (QoL Compilation)","Rare Cards Sparkle","SuperFastMode"],"gold_per_floor":[112,129,129,129,144,144,160,187,237,249,249,266,266,286,286,286,286],"floor_reached":16,"language":"KOR","playtime":516,"items_purged":[],"score":156,"play_id":"d9eef2be-add8-45c4-9ccd-051a84ff4efd","local_time":"20210215035530","is_ascension_mode":true,"campfire_choices":[{"data":"Fiend Fire","floor":6,"key":"SMITH"},{"data":"Ghostly Armor","floor":11,"key":"SMITH"},{"data":"Bash","floor":13,"key":"SMITH"},{"floor":15,"key":"REST"}],"circlet_count":0,"master_deck":["AscendersBane","Strike_R","Strike_R","Strike_R","Strike_R","Defend_R","Defend_R","Defend_R","Defend_R","Bash+1","Fiend Fire+1","Ghostly Armor+1","Flame Barrier","Feel No Pain","Ghostly Armor"],"relics":["Burning Blood","Bottled Lightning","Pen Nib"],"acts_visited":["Exordium"],"potions_floor_usage":[8],"damage_taken":[{"damage":1,"enemies":"Cultist","floor":1,"turns":3},{"damage":0,"enemies":"2 Louse","floor":2,"turns":3},{"damage":0,"enemies":"Small Slimes","floor":5,"turns":3},{"damage":24,"enemies":"Exordium Wildlife","floor":7,"turns":6},{"damage":23,"enemies":"3 Sentries","floor":8,"turns":12},{"damage":9,"enemies":"Blue Slaver","floor":10,"turns":3},{"damage":4,"enemies":"2 Fungi Beasts","floor":12,"turns":4},{"damage":21,"enemies":"Exordium Thugs","floor":14,"turns":5},{"damage":36,"enemies":"The Guardian","floor":16,"turns":8}],"seed_played":"-2790666316221666248","potions_obtained":[{"floor":5,"key":"SkillPotion"},{"floor":8,"key":"Weak Potion"},{"floor":12,"key":"Dexterity Potion"}],"is_trial":false,"path_per_floor":["M","M","?","?","M","R","M","E","T","M","R","M","R","M","R","B"],"character_chosen":"IRONCLAD","items_purchased":[],"campfire_rested":1,"item_purchase_floors":[],"current_hp_per_floor":[56,62,62,55,61,61,43,26,26,23,23,25,25,10,34,0,0],"gold":286,"neow_bonus":"THREE_RARE_CARDS","is_daily":false,"chose_seed":false,"campfire_upgraded":3,"win_rate":0.0,"timestamp":1613328930,"path_taken":["M","?","?","?","M","R","M","E","T","M","R","M","R","M","R","BOSS"],"items_purchased_type":[],"build_version":"2020-12-22","purchased_purges":0,"victory":false,"max_hp_per_floor":[80,80,80,80,80,80,80,80,80,80,80,80,80,80,80,80,80],"card_choices":[{"not_picked":["Brutality","Reaper"],"picked":"Fiend Fire","floor":0},{"not_picked":["Armaments","Fire Breathing"],"picked":"Ghostly Armor","floor":1},{"not_picked":["Sword Boomerang","Iron Wave","Carnage"],"picked":"SKIP","floor":2},{"not_picked":["Perfected Strike","Warcry"],"picked":"Flame Barrier","floor":5},{"not_picked":["Wild Strike","Clash","Searing Blow"],"picked":"SKIP","floor":7},{"not_picked":["Metallicize","Flex","Heavy Blade"],"picked":"SKIP","floor":8},{"not_picked":["Sentinel","Cleave","Bloodletting"],"picked":"SKIP","floor":10},{"not_picked":["Thunderclap","Wild Strike"],"picked":"Feel No Pain","floor":12},{"not_picked":["Inflame","Flex"],"picked":"Ghostly Armor","floor":14}],"player_experience":424787,"relics_obtained":[{"floor":8,"key":"Bottled Lightning"},{"floor":9,"key":"Pen Nib"}],"event_choices":[{"damage_healed":0,"gold_gain":0,"player_choice":"Ignored","damage_taken":0,"max_hp_gain":0,"max_hp_loss":0,"event_name":"Liars Game","floor":3,"gold_loss":0},{"cards_removed":["Strike_R"],"damage_healed":0,"gold_gain":0,"player_choice":"Card Removal","damage_taken":7,"max_hp_gain":0,"max_hp_loss":0,"event_name":"Golden Wing","floor":4,"gold_loss":0}],"is_beta":false,"boss_relics":[],"items_purged_floors":[],"is_endless":false,"potions_floor_spawned":[5,8,12],"killed_by":"The Guardian","ascension_level":10}}