{"host":"ydg0vn0pu4pubmdt","time":1613280516,"event":{"mods":["AchievementEnabler","BaseMod","Colored Map","Gold Saver","Minty Spire (QoL Compilation)","Quick Restart","SuperFastMode"],"gold_per_floor":[119,79,99,99,24,52,52,84,84,84,96,8,26,26,26,104,104,122,138,153,168,68,100,113,113,113,113,125,125,143,158,158,158,158],"floor_reached":33,"language":"KOR","playtime":923,"items_purged":["Strike_G","Strike_G"],"score":608,"play_id":"60aac28a-aa88-4f1d-b709-87a640089f45","local_time":"20210214142836","is_ascension_mode":true,"campfire_choices":[{"floor":10.0,"key":"REST"},{"data":"Blade Dance","floor":15.0,"key":"SMITH"},{"floor":25.0,"key":"REST"},{"floor":32,"key":"REST"}],"circlet_count":0,"master_deck":["AscendersBane","Strike_G","Defend_G","Defend_G","Defend_G","Survivor","Neutralize","Backflip","Footwork","Blur","Slice","Blade Dance+1","Blade Dance","Noxious Fumes","Envenom","Glass Knife","Backflip+1","Phantasmal Killer+1","Blade Dance+1","Escape Plan","Backstab+1","PiercingWail"],"relics":["Ring of the Snake","NeowsBlessing","Prayer Wheel","TungstenRod","InkBottle","Mummified Hand","Letter Opener","Astrolabe","Mercury Hourglass","Singing Bowl"],"acts_visited":["Exordium","TheCity"],"potions_floor_usage":[28,33],"damage_taken":[{"damage":0.0,"enemies":"Jaw Worm","floor":1.0,"turns":1.0},{"damage":0.0,"enemies":"Cultist","floor":3.0,"turns":1.0},{"damage":0.0,"enemies":"Lagavulin","floor":6.0,"turns":2.0},{"damage":46.0,"enemies":"Gremlin Nob","floor":8.0,"turns":6.0},{"damage":0.0,"enemies":"2 Louse","floor":11.0,"turns":5.0},{"damage":5.0,"enemies":"Exordium Wildlife","floor":13.0,"turns":3.0},{"damage":16.0,"enemies":"The Guardian","floor":16.0,"turns":9.0},{"damage":4.0,"enemies":"Shell Parasite","floor":18.0,"turns":2.0},{"damage":7.0,"enemies":"2 Thieves","floor":19.0,"turns":3.0},{"damage":20.0,"enemies":"Snake Plant","floor":20.0,"turns":5.0},{"damage":2.0,"enemies":"3 Cultists","floor":21.0,"turns":4.0},{"damage":11.0,"enemies":"Slavers","floor":23.0,"turns":4.0},{"damage":1.0,"enemies":"Centurion and Healer","floor":24.0,"turns":4.0},{"damage":9,"enemies":"Snake Plant","floor":28,"turns":3},{"damage":0,"enemies":"Snecko","floor":30,"turns":4},{"damage":25,"enemies":"Cultist and Chosen","floor":31,"turns":6},{"damage":48,"enemies":"Collector","floor":33,"turns":6}],"seed_played":"-8217275685894937312","potions_obtained":[{"floor":2.0,"key":"PowerPotion"},{"floor":2.0,"key":"Weak Potion"},{"floor":3.0,"key":"Fruit Juice"},{"floor":16.0,"key":"Weak Potion"},{"floor":20.0,"key":"Block Potion"},{"floor":24.0,"key":"DistilledChaos"},{"floor":31,"key":"FearPotion"}],"is_trial":false,"path_per_floor":["M","?","M","?","$","E","?","E","T","R","M","$","M","T","R","B",null,"M","M","M","M","$","E","M","R","T","T","M","?","M","M","R","B"],"character_chosen":"THE_SILENT","items_purchased":["Noxious Fumes"],"campfire_rested":3,"item_purchase_floors":[12],"current_hp_per_floor":[59,59,59,48,48,48,48,7,7,28,28,28,23,23,23,7,55,51,44,24,22,22,11,10,31,31,31,24,24,28,7,31,0,0],"gold":158,"neow_bonus":"THREE_ENEMY_KILL","is_daily":false,"chose_seed":false,"campfire_upgraded":1,"win_rate":0.0,"timestamp":1613280516,"path_taken":["M","?","?","?","?","E","?","E","T","R","M","$","?","?","R","BOSS","M","M","M","?","$","E","M","R","T","?","M","?","M","?","R","BOSS"],"items_purchased_type":["Card"],"build_version":"2020-12-22","purchased_purges":2,"victory":false,"max_hp_per_floor":[66,66,66,66,66,66,66,71,71,71,71,71,71,71,71,71,71,71,71,71,71,71,71,71,71,71,71,73,73,77,81,81,81,81],"card_choices":[{"not_picked":["Deadly Poison","Concentrate"],"picked":"Backflip","floor":1.0},{"not_picked":["Sucker Punch","Slice"],"picked":"Footwork","floor":3.0},{"not_picked":["Deadly Poison","Finisher"],"picked":"Blur","floor":6.0},{"not_picked":["Deflect","Bane","Endless Agony"],"picked":"SKIP","floor":8.0},{"not_picked":["Cloak And Dagger","Deflect"],"picked":"Blade Dance","floor":11.0},{"not_picked":["Well Laid Plans","Crippling Poison"],"picked":"Blade Dance","floor":11.0},{"not_picked":["Prepared","Poisoned Stab"],"picked":"Envenom","floor":13.0},{"not_picked":["Dagger Spray","Slice","Blur"],"picked":"SKIP","floor":13.0},{"not_picked":["Grand Finale","Unload"],"picked":"Glass Knife","floor":16.0},{"not_picked":["Deadly Poison","Quick Slash+1"],"picked":"Escape Plan","floor":18.0},{"not_picked":["Caltrops","Backflip","PiercingWail"],"picked":"SKIP","floor":18.0},{"not_picked":["Bane","Eviscerate","Slice"],"picked":"SKIP","floor":19.0},{"not_picked":["Bane","Dagger Throw","Slice+1"],"picked":"SKIP","floor":19.0},{"not_picked":["Corpse Explosion","Riddle With Holes+1","Tactician"],"picked":"SKIP","floor":20.0},{"not_picked":["Expertise","Blade Dance","Dodge and Roll"],"picked":"SKIP","floor":20.0},{"not_picked":["Deadly Poison","All Out Attack"],"picked":"Backstab+1","floor":21.0},{"not_picked":["Dodge and Roll","Quick Slash","Bouncing Flask"],"picked":"SKIP","floor":21.0},{"not_picked":["Backflip+1","Blur","Footwork"],"picked":"SKIP","floor":23.0},{"not_picked":["Riddle With Holes","Grand Finale","Deadly Poison"],"picked":"SKIP","floor":24.0},{"not_picked":["Backflip","Footwork","Riddle With Holes"],"picked":"SKIP","floor":24.0},{"not_picked":["Blade Dance+1","Die Die Die"],"picked":"PiercingWail","floor":28},{"not_picked":["Poisoned Stab+1","Acrobatics","Sucker Punch"],"picked":"Singing Bowl","floor":28},{"not_picked":["Deflect+1","Dagger Spray","Bane"],"picked":"Singing Bowl","floor":30},{"not_picked":["Quick Slash","Concentrate","Backstab"],"picked":"Singing Bowl","floor":30},{"not_picked":["Backflip","Poisoned Stab","Heel Hook"],"picked":"Singing Bowl","floor":31},{"not_picked":["Predator","Slice","Cloak And Dagger"],"picked":"Singing Bowl","floor":31}],"player_experience":547659,"relics_obtained":[{"floor":6.0,"key":"TungstenRod"},{"floor":8.0,"key":"InkBottle"},{"floor":9.0,"key":"Mummified Hand"},{"floor":14.0,"key":"Letter Opener"},{"floor":23.0,"key":"Mercury Hourglass"},{"floor":26.0,"key":"Singing Bowl"}],"event_choices":[{"damage_healed":0.0,"max_hp_gain":0.0,"max_hp_loss":0.0,"gold_gain":0.0,"event_name":"The Woman in Blue","player_choice":"Bought 3 Potions","floor":2.0,"gold_loss":0.0,"damage_taken":0.0},{"damage_healed":0.0,"max_hp_gain":0.0,"max_hp_loss":0.0,"gold_gain":0.0,"event_name":"Scrap Ooze","player_choice":"Success","floor":4.0,"gold_loss":0.0,"damage_taken":11.0,"relics_obtained":["Prayer Wheel"]},{"damage_healed":0.0,"max_hp_gain":0.0,"max_hp_loss":0.0,"gold_gain":0.0,"cards_transformed":["Defend_G"],"event_name":"Transmorgrifier","player_choice":"Transformed","floor":7.0,"gold_loss":0.0,"damage_taken":0.0,"cards_obtained":["Slice"]},{"damage_healed":0,"gold_gain":0,"player_choice":"Ignored","damage_taken":0,"max_hp_gain":0,"max_hp_loss":0,"event_name":"N\u0027loth","floor":29,"gold_loss":0}],"is_beta":false,"boss_relics":[{"not_picked":["Black Star","Busted Crown"],"picked":"Astrolabe"}],"items_purged_floors":[5,22],"is_endless":false,"potions_floor_spawned":[3,16,20,21,24,31],"killed_by":"Collector","ascension_level":20}}