{"host":"166mvycy0az0i7z6","time":1613278458,"event":{"mods":["AchievementEnabler","Aspiration","BaseMod","Bestiary","Better Altar","Better Third Choice","BetterRewards","Challenge The Spire","Conspire","DeckTracker","Downfall","Halation","Hubris","Minty Spire (QoL Compilation)","Relic Filter","Relic Stats","Replay The Spire","Shop Mod","StSLib"],"gold_per_floor":[99,114,114,289,289,289,289,300,300,300,317,344,354,504,515,615,615,615,637,649,661,673,704,741,767,98,116,151,151,251,251,251,251],"floor_reached":32,"language":"ENG","playtime":1908,"items_purged":[],"score":283,"play_id":"05425e8d-895b-4a2e-a417-b8a97f0c2b2d","local_time":"20210214155418","is_ascension_mode":false,"campfire_choices":[{"data":"champ:Execute","floor":1,"key":"SMITH"},{"data":"champ:StanceDance","floor":6,"key":"SMITH"},{"data":"champ:Shatter","floor":9,"key":"SMITH"},{"floor":18,"key":"DIG"},{"data":"Voices","floor":30,"key":"SMITH"}],"circlet_count":0,"master_deck":["champ:Strike","champ:Strike","champ:Strike","champ:Strike","champ:Defend","champ:Defend","champ:Defend","champ:Defend","champ:Execute+1","champ:Taunt","champ:StanceDance+1","champ:Shatter+1","champ:HeartStrike","champ:CrownThrow","champ:DeathBlow","downfall:Icky","champ:RecklessLeap+1","champ:TripleStrike","champ:BringItOn+1","champ:PerfectedStrike","champ:CalledShot","champ:FocusedDefense","Madness","champ:Duel","champ:BladeFlurry","champ:FancyFootwork","champ:FocusedBerserking","champ:ShieldWall","champ:Encircle","champ:FlashCut"],"relics":["champ:ChampionCrown","TungstenRod","Replay:Bottled Flurry","Orichalcum","Black Star","MawBank","hubris:Icosahedron","Blood Vial","Pear","Happy Flower","MerchantsRug","BargainBundle","hubris:Teleporter","halation:PrussianBluePaint","Boot"],"acts_visited":["Exordium","TheCity"],"potions_floor_usage":[16,16,16,19,28,28,28],"damage_taken":[{"damage":20,"enemies":"Cultist","floor":2,"turns":3},{"damage":5,"enemies":"Jaw Worm","floor":8,"turns":2},{"damage":0,"enemies":"Small Slimes","floor":11,"turns":2},{"damage":37,"enemies":"3 Sentries","floor":12,"turns":8},{"damage":4,"enemies":"3 Louse","floor":13,"turns":3},{"damage":28,"enemies":"Large Slime","floor":15,"turns":5},{"damage":111,"enemies":"IC_STATUS_ARCHETYPE","floor":16,"turns":11},{"damage":52,"enemies":"3 Byrds","floor":19,"turns":5},{"damage":53,"enemies":"conspire:FuzzyDice","floor":23,"turns":6},{"damage":37,"enemies":"Snake Plant","floor":25,"turns":4},{"damage":25,"enemies":"downfall:FleeingMerchant","floor":26,"turns":4},{"damage":54,"enemies":"Cultist and Chosen","floor":27,"turns":7},{"damage":18,"enemies":"Book of Stabbing","floor":28,"turns":3},{"damage":29,"enemies":"Shelled Parasite and Fungi","floor":32,"turns":2}],"seed_played":"453117915500278335","potions_obtained":[{"floor":12,"key":"LifebloodPotion"},{"floor":13,"key":"Block Potion"},{"floor":15,"key":"Slimebound:ThreeZeroPotion"},{"floor":16,"key":"PowerPotion"},{"floor":25,"key":"Strength Potion"},{"floor":28,"key":"FearPotion"}],"is_trial":false,"path_per_floor":["R","M","T","?","?","R","T","M","R","?","M","E","M","?","M","B",null,"R","M","?","?","T","M","T","M","$","M","E","R","?","M"],"character_chosen":"THE_CHAMP","items_purchased":["MerchantsRug","BargainBundle","hubris:Teleporter","Madness","champ:Duel","champ:BladeFlurry","champ:FancyFootwork","champ:FocusedBerserking","champ:ShieldWall","hexamod:SoulburnPotion","Reflective Coating"],"campfire_rested":0,"item_purchase_floors":[26,26,26,26,26,26,26,26,26,26,26],"current_hp_per_floor":[99,99,99,99,104,104,104,99,99,99,99,77,73,73,75,24,104,104,93,93,67,77,61,61,36,43,26,20,20,20,0,0,0],"gold":251,"neow_bonus":"TEN_PERCENT_HP_BONUS","is_daily":false,"chose_seed":false,"campfire_upgraded":4,"win_rate":0.0,"timestamp":1613278458,"path_taken":["R","M","?","?","?","R","T","M","R","?","?","E","M","?","M","BOSS","R","M","?","?","?","M","T","M","$","?","E","R","?","M"],"items_purchased_type":["Relic","Relic","Relic","Card","Card","Card","Card","Card","Card","Potion","Potion"],"build_version":"2020-12-22","purchased_purges":0,"victory":false,"max_hp_per_floor":[99,99,99,99,104,104,104,104,104,104,104,104,104,104,104,104,104,104,104,104,104,114,114,114,114,114,114,114,114,114,114,114,114],"relic_stats":{"Blood Vial":12,"Happy Flower":[6],"counters":[14,65],"Black Star":1,"Orichalcum":[114],"MawBank":96,"Boot":[6],"obtain_stats":[{"MerchantsRug":26,"BargainBundle":26,"Pear":22,"hubris:Teleporter":26,"Happy Flower":24,"champ:ChampionCrown":0,"Orichalcum":12,"MawBank":18,"Boot":28,"Blood Vial":21,"hubris:Icosahedron":20,"halation:PrussianBluePaint":28,"Replay:Bottled Flurry":7,"Black Star":17,"TungstenRod":3},{"MerchantsRug":11,"BargainBundle":11,"Pear":8,"hubris:Teleporter":11,"Happy Flower":9,"champ:ChampionCrown":0,"Orichalcum":4,"MawBank":7,"Boot":13,"Blood Vial":8,"hubris:Icosahedron":8,"halation:PrussianBluePaint":13,"Replay:Bottled Flurry":1,"Black Star":7,"TungstenRod":1},{"MerchantsRug":53,"BargainBundle":53,"Pear":39,"hubris:Teleporter":53,"Happy Flower":45,"champ:ChampionCrown":0,"Orichalcum":15,"MawBank":34,"Boot":63,"Blood Vial":39,"hubris:Icosahedron":39,"halation:PrussianBluePaint":63,"Replay:Bottled Flurry":3,"Black Star":34,"TungstenRod":3}],"TungstenRod":80},"card_choices":[{"not_picked":["champ:PreciseThrust","champ:Encircle"],"picked":"champ:StanceDance","floor":2},{"not_picked":["champ:CalledShot","champ:GladiatorStyle"],"picked":"champ:Shatter","floor":8},{"not_picked":["champ:FlashCut","champ:FancyFootwork"],"picked":"champ:HeartStrike","floor":11},{"not_picked":["champ:BladeFlurry","champ:ShieldSlam"],"picked":"champ:CrownThrow","floor":12},{"not_picked":["champ:BladeFlurry","champ:SetATrap"],"picked":"champ:DeathBlow","floor":13},{"not_picked":["champ:BerserkersShout","champ:GladiatorStyle"],"picked":"champ:RecklessLeap","floor":15},{"not_picked":["champ:SwordThrow","champ:LastStand"],"picked":"champ:TripleStrike","floor":16},{"not_picked":["champ:AdrenalArmor+1","champ:GutPunch"],"picked":"champ:BringItOn+1","floor":19},{"not_picked":["champ:Circumvent","champ:CrownThrow+1"],"picked":"champ:PerfectedStrike","floor":23},{"not_picked":["champ:GutPunch","champ:SkillfulDodge"],"picked":"champ:CalledShot","floor":25},{"not_picked":["champ:FanOfKnives+1","champ:EnragedBash"],"picked":"champ:FocusedDefense","floor":26},{"not_picked":["champ:Shatter+1","champ:FancyFootwork"],"picked":"champ:Encircle","floor":27},{"not_picked":["champ:Improvising","champ:AdrenalArmor"],"picked":"champ:FlashCut","floor":28}],"player_experience":103658,"relics_obtained":[{"floor":3,"key":"TungstenRod"},{"floor":7,"key":"Replay:Bottled Flurry"},{"floor":12,"key":"Orichalcum"},{"floor":18,"key":"MawBank"},{"floor":22,"key":"Pear"},{"floor":24,"key":"Happy Flower"},{"floor":28,"key":"halation:PrussianBluePaint"},{"floor":28,"key":"Boot"}],"event_choices":[{"damage_healed":0,"gold_gain":0,"player_choice":"Donut","damage_taken":0,"max_hp_gain":5,"max_hp_loss":0,"event_name":"Big Fish","floor":5,"gold_loss":0},{"damage_healed":0,"gold_gain":0,"player_choice":" Vial ","damage_taken":27,"relics_obtained":["Blood Vial"],"max_hp_gain":93,"max_hp_loss":67,"event_name":"betterAltar:BetterAltar","floor":21,"potions_obtained":[],"relics_lost":[],"gold_loss":0}],"is_beta":false,"boss_relics":[{"not_picked":["halation:PinkAlligatorPlush","Replay:Ancient Bell"],"picked":"Black Star"}],"items_purged_floors":[],"is_endless":false,"potions_floor_spawned":[12,13,15,16,25,28],"killed_by":"Shelled Parasite and Fungi","ascension_level":0}}