{"host":"bg8va46pgqgvtzim","time":1613324232,"event":{"mods":["BaseMod","Minty Spire (QoL Compilation)","Quick Restart","StSLib","SuperFastMode"],"gold_per_floor":[112,125,139,156,231,248,248,263,263,291,317,242,257,8,48,70,70,94,94,200,200,217,235,253,274,298,309,353,353,369,389,416,434,459,478,478,513,513,613,627,627,627,740,740,768,779,829,829,841,869,597,610,635,651,678,678,701,715,715,1015,1015,1029,1041,1073,1073,1073,1073,1073,1073,476,508,508],"floor_reached":73,"language":"ZHS","playtime":2058,"items_purged":["Strike_G","Strike_G","Riddle With Holes","Glass Knife+1"],"score":1727,"play_id":"452a0289-045c-4c77-a75a-45a389f5df67","local_time":"20210215013712","is_ascension_mode":true,"campfire_choices":[{"data":"Glass Knife","floor":7.0,"key":"SMITH"},{"data":"Prepared","floor":9.0,"key":"SMITH"},{"data":"Prepared","floor":17.0,"key":"SMITH"},{"data":"Tactician","floor":19.0,"key":"SMITH"},{"data":"Reflex","floor":29,"key":"SMITH"},{"data":"Prepared","floor":36,"key":"SMITH"},{"data":"Well Laid Plans","floor":42,"key":"SMITH"},{"data":"Deep Breath","floor":56,"key":"SMITH"},{"data":"Madness","floor":59,"key":"SMITH"},{"floor":61,"key":"RECALL"},{"data":"Blur","floor":65,"key":"SMITH"},{"data":"Malaise","floor":66,"key":"SMITH"},{"data":"Eviscerate","floor":69,"key":"SMITH"}],"circlet_count":0,"master_deck":["Defend_G","Defend_G","Survivor","Neutralize","Underhanded Strike","Eviscerate+1","Prepared+1","Reflex+1","Terror","Tactician+1","Malaise+1","Prepared+1","Backflip","After Image","Flechettes","Well Laid Plans+1","Burst+1","Blur+1","Acrobatics+1","Madness+1","Master of Strategy","Deep Breath+1"],"relics":["Ring of the Snake","Omamori","Art of War","Lee\u0027s Waffle","CeramicFish","Empty Cage","Happy Flower","Bag of Preparation","Bronze Scales","Mango","Necronomicon","The Specimen","Matryoshka","Runic Dome","Gambling Chip","Vajra","War Paint","Strawberry","Lantern","TheAbacus","Snake Skull","Centennial Puzzle"],"acts_visited":["Exordium","TheCity","TheBeyond","TheEnding"],"potions_floor_usage":[24,31,72,72,72],"damage_taken":[{"damage":0.0,"enemies":"2 Louse","floor":1.0,"turns":3.0},{"damage":0.0,"enemies":"Cultist","floor":2.0,"turns":4.0},{"damage":0.0,"enemies":"Small Slimes","floor":3.0,"turns":3.0},{"damage":4.0,"enemies":"Blue Slaver","floor":4.0,"turns":4.0},{"damage":11.0,"enemies":"Large Slime","floor":6.0,"turns":8.0},{"damage":6.0,"enemies":"Exordium Thugs","floor":8.0,"turns":4.0},{"damage":15.0,"enemies":"Lagavulin","floor":10.0,"turns":5.0},{"damage":0.0,"enemies":"Looter","floor":13.0,"turns":1.0},{"damage":8.0,"enemies":"Gremlin Nob","floor":15.0,"turns":3.0},{"damage":0.0,"enemies":"3 Louse","floor":16.0,"turns":1.0},{"damage":0.0,"enemies":"Large Slime","floor":18.0,"turns":1.0},{"damage":17.0,"enemies":"Slime Boss","floor":20.0,"turns":7.0},{"damage":11.0,"enemies":"Spheric Guardian","floor":22.0,"turns":4.0},{"damage":1.0,"enemies":"Shell Parasite","floor":23.0,"turns":3.0},{"damage":2,"enemies":"Snake Plant","floor":24,"turns":4},{"damage":16,"enemies":"3 Cultists","floor":25,"turns":7},{"damage":0,"enemies":"Snecko","floor":26,"turns":3},{"damage":0,"enemies":"Centurion and Healer","floor":27,"turns":3},{"damage":4,"enemies":"Gremlin Leader","floor":28,"turns":5},{"damage":0,"enemies":"Sentry and Sphere","floor":30,"turns":4},{"damage":0,"enemies":"Shelled Parasite and Fungi","floor":31,"turns":6},{"damage":0,"enemies":"Book of Stabbing","floor":34,"turns":3},{"damage":0,"enemies":"Snake Plant","floor":35,"turns":2},{"damage":0,"enemies":"Slavers","floor":37,"turns":3},{"damage":0,"enemies":"Colosseum Slavers","floor":39,"turns":2},{"damage":0,"enemies":"Colosseum Nobs","floor":39,"turns":2},{"damage":0,"enemies":"Chosen and Byrds","floor":40,"turns":2},{"damage":0,"enemies":"Champ","floor":43,"turns":4},{"damage":0,"enemies":"3 Darklings","floor":45,"turns":2},{"damage":0,"enemies":"3 Shapes","floor":46,"turns":2},{"damage":0,"enemies":"Mind Bloom Boss Battle","floor":47,"turns":3},{"damage":0,"enemies":"Writhing Mass","floor":49,"turns":3},{"damage":0,"enemies":"3 Darklings","floor":50,"turns":2},{"damage":0,"enemies":"Transient","floor":52,"turns":5},{"damage":0,"enemies":"Reptomancer","floor":53,"turns":2},{"damage":0,"enemies":"4 Shapes","floor":54,"turns":3},{"damage":0,"enemies":"Writhing Mass","floor":58,"turns":1},{"damage":0,"enemies":"Maw","floor":62,"turns":1},{"damage":0,"enemies":"4 Shapes","floor":63,"turns":1},{"damage":0,"enemies":"Nemesis","floor":64,"turns":1},{"damage":7,"enemies":"Time Eater","floor":67,"turns":8},{"damage":0,"enemies":"Shield and Spear","floor":71,"turns":1},{"damage":0,"enemies":"The Heart","floor":72,"turns":4}],"seed_played":"-2232450921886527213","potions_obtained":[{"floor":2.0,"key":"Fire Potion"},{"floor":4.0,"key":"Dexterity Potion"},{"floor":6.0,"key":"Energy Potion"},{"floor":16.0,"key":"CunningPotion"},{"floor":20.0,"key":"Dexterity Potion"},{"floor":22.0,"key":"DistilledChaos"},{"floor":24,"key":"Block Potion"},{"floor":30,"key":"Regen Potion"},{"floor":37,"key":"Dexterity Potion"},{"floor":43,"key":"Strength Potion"},{"floor":45,"key":"LiquidMemories"},{"floor":63,"key":"PowerPotion"}],"is_trial":false,"path_per_floor":["M","M","M","M","?","M","R","M","R","E","T","$","M","$","E","M","R","M","R","B",null,"M","M","M","M","M","M","E","R","M","M","T","?","E","M","R","E","?","?","M","?","R","B",null,"M","M","?","?","M","M","$","M","E","M","?","R","T","M","R","?","R","M","M","E","R","R","B",null,"R","$","E","B",null],"character_chosen":"THE_SILENT","items_purchased":["Lee\u0027s Waffle","Vajra","TheAbacus","Snake Skull","Centennial Puzzle"],"campfire_rested":0,"item_purchase_floors":[14,51,70,70,70],"current_hp_per_floor":[63,63,63,59,53,42,42,36,36,21,21,21,21,70,62,62,62,62,62,45,70,59,58,56,40,40,40,36,36,36,51,51,51,51,51,51,65,49,49,49,49,49,49,84,84,84,84,84,84,84,84,84,84,84,74,74,81,81,81,81,81,81,81,81,81,81,74,91,91,91,91,91],"gold":508,"neow_bonus":"REMOVE_TWO","is_daily":false,"chose_seed":false,"campfire_upgraded":12,"win_rate":0.0,"timestamp":1613324232,"path_taken":["M","M","M","M","?","M","R","M","R","E","T","$","M","$","E","?","R","M","R","BOSS","M","M","M","M","M","M","E","R","M","M","T","?","E","M","R","E","?","?","M","?","R","BOSS","M","M","?","?","M","M","$","M","E","M","?","R","T","M","R","?","R","M","?","E","R","R","BOSS","R","$","E","BOSS"],"items_purchased_type":["Relic","Relic","Relic","Relic","Relic"],"build_version":"2020-12-22","purchased_purges":4,"victory":true,"max_hp_per_floor":[63,63,63,63,63,63,63,63,63,63,63,63,63,70,70,70,70,70,70,70,70,70,70,70,70,70,70,70,70,70,70,70,70,70,70,70,84,84,84,84,84,84,84,84,84,84,84,84,84,84,84,84,84,84,84,84,91,91,91,91,91,91,91,91,91,91,91,91,91,91,91,91],"card_choices":[{"not_picked":["Cloak And Dagger","Deadly Poison","Poisoned Stab"],"picked":"SKIP","floor":1.0},{"not_picked":["Dagger Spray","Concentrate"],"picked":"Underhanded Strike","floor":2.0},{"not_picked":["Sucker Punch","Backflip","Bouncing Flask"],"picked":"SKIP","floor":3.0},{"not_picked":["PiercingWail","Dagger Throw"],"picked":"Eviscerate","floor":4.0},{"not_picked":["Dagger Throw","Blade Dance"],"picked":"Glass Knife","floor":6.0},{"not_picked":["Outmaneuver","Eviscerate"],"picked":"Prepared","floor":8.0},{"not_picked":["Leg Sweep","Predator"],"picked":"Prepared","floor":10.0},{"not_picked":["Slice","Underhanded Strike","Backflip"],"picked":"SKIP","floor":13.0},{"not_picked":["Masterful Stab","Endless Agony"],"picked":"Reflex","floor":15.0},{"not_picked":["Underhanded Strike","Backflip"],"picked":"Terror","floor":16.0},{"not_picked":["Deflect","Well Laid Plans"],"picked":"Tactician","floor":18.0},{"not_picked":["Night Terror","Unload"],"picked":"Malaise","floor":20.0},{"not_picked":["Accuracy","Deflect","Blade Dance+1"],"picked":"SKIP","floor":22.0},{"not_picked":["Slice","PiercingWail","All Out Attack"],"picked":"SKIP","floor":23.0},{"not_picked":["Dagger Throw","Backstab","Heel Hook"],"picked":"SKIP","floor":24},{"not_picked":["Deflect+1","Sucker Punch"],"picked":"Prepared","floor":25},{"not_picked":["Poisoned Stab","Prepared"],"picked":"Backflip","floor":26},{"not_picked":["Underhanded Strike","Flying Knee","Quick Slash"],"picked":"SKIP","floor":27},{"not_picked":["Dodge and Roll","Quick Slash+1"],"picked":"After Image","floor":28},{"not_picked":["Backflip","Bouncing Flask+1","PiercingWail"],"picked":"SKIP","floor":30},{"not_picked":["Flying Knee","Poisoned Stab","Bouncing Flask+1"],"picked":"SKIP","floor":31},{"not_picked":["Crippling Poison","Blade Dance+1","Flying Knee"],"picked":"SKIP","floor":34},{"not_picked":["Blade Dance","Outmaneuver"],"picked":"Well Laid Plans","floor":35},{"not_picked":["Envenom","Dagger Spray","Poisoned Stab"],"picked":"SKIP","floor":37},{"not_picked":["Masterful Stab+1","Dagger Spray","Underhanded Strike"],"picked":"SKIP","floor":40},{"not_picked":["A Thousand Cuts","Venomology"],"picked":"Burst","floor":43},{"not_picked":["Blade Dance","Poisoned Stab+1"],"picked":"Blur","floor":45},{"not_picked":["Dodge and Roll+1","Slice","Blade Dance"],"picked":"SKIP","floor":46},{"not_picked":["Backflip","Concentrate","Poisoned Stab+1"],"picked":"SKIP","floor":49},{"not_picked":["Dagger Spray","Infinite Blades+1"],"picked":"Acrobatics","floor":50},{"not_picked":["Riddle With Holes","Deadly Poison+1","Dodge and Roll"],"picked":"SKIP","floor":52},{"not_picked":["Bullet Time","Skewer","Deflect+1"],"picked":"SKIP","floor":53},{"not_picked":["Deadly Poison","Heel Hook+1","Sucker Punch"],"picked":"SKIP","floor":54},{"not_picked":["PanicButton","Secret Technique"],"picked":"Madness","floor":55},{"not_picked":["Forethought","Chrysalis"],"picked":"Master of Strategy","floor":55},{"not_picked":["Thinking Ahead","Blind"],"picked":"Deep Breath","floor":55},{"not_picked":["Deflect+1","Deadly Poison","Predator"],"picked":"SKIP","floor":58},{"not_picked":["Underhanded Strike+1","Deadly Poison+1","Skewer"],"picked":"SKIP","floor":62},{"not_picked":["Cloak And Dagger","Dagger Throw","Dagger Spray+1"],"picked":"SKIP","floor":63},{"not_picked":["Endless Agony","Skewer","Finisher"],"picked":"SKIP","floor":64},{"not_picked":["Flying Knee+1","Concentrate","Riddle With Holes+1"],"picked":"SKIP","floor":71}],"player_experience":2455083,"relics_obtained":[{"floor":10.0,"key":"Omamori"},{"floor":11.0,"key":"Art of War"},{"floor":15.0,"key":"CeramicFish"},{"floor":28,"key":"Happy Flower"},{"floor":32,"key":"Bag of Preparation"},{"floor":34,"key":"Bronze Scales"},{"floor":37,"key":"Mango"},{"floor":38,"key":"Necronomicon"},{"floor":39,"key":"The Specimen"},{"floor":39,"key":"Matryoshka"},{"floor":47,"key":"Gambling Chip"},{"floor":53,"key":"War Paint"},{"floor":57,"key":"Strawberry"},{"floor":64,"key":"Lantern"}],"event_choices":[{"damage_healed":0.0,"max_hp_gain":0.0,"max_hp_loss":0.0,"gold_gain":75.0,"event_name":"FaceTrader","player_choice":"Touch","floor":5.0,"gold_loss":0.0,"damage_taken":6.0},{"damage_healed":0,"gold_gain":0,"cards_transformed":["Defend_G","Defend_G"],"player_choice":"Became Test Subject","damage_taken":0,"max_hp_gain":0,"max_hp_loss":0,"event_name":"Drug Dealer","floor":33,"gold_loss":0,"cards_obtained":["Riddle With Holes","Flechettes"]},{"damage_healed":0,"gold_gain":0,"player_choice":"Obtained Book","damage_taken":16,"max_hp_gain":0,"max_hp_loss":0,"event_name":"Cursed Tome","floor":38,"gold_loss":0},{"damage_healed":0,"gold_gain":0,"player_choice":"Fight","damage_taken":0,"max_hp_gain":0,"max_hp_loss":0,"event_name":"Colosseum","floor":39,"gold_loss":0},{"damage_healed":0,"gold_gain":0,"player_choice":"Fought Nobs","damage_taken":0,"max_hp_gain":0,"max_hp_loss":0,"event_name":"Colosseum","floor":39,"gold_loss":0},{"damage_healed":0,"gold_gain":0,"player_choice":"Bought 0 Potions","damage_taken":0,"max_hp_gain":0,"max_hp_loss":0,"event_name":"The Woman in Blue","floor":41,"gold_loss":0},{"damage_healed":0,"gold_gain":0,"player_choice":"Fight","damage_taken":0,"max_hp_gain":0,"max_hp_loss":0,"event_name":"MindBloom","floor":47,"gold_loss":0},{"cards_removed":["Prepared"],"damage_healed":0,"gold_gain":0,"player_choice":"Removed Skill","damage_taken":0,"max_hp_gain":0,"max_hp_loss":0,"event_name":"Falling","floor":48,"gold_loss":0},{"damage_healed":0,"gold_gain":0,"player_choice":"Memory 3","damage_taken":10,"max_hp_gain":0,"max_hp_loss":0,"event_name":"SensoryStone","floor":55,"gold_loss":0},{"damage_healed":0,"gold_gain":300,"player_choice":"Gold","damage_taken":0,"max_hp_gain":0,"max_hp_loss":0,"event_name":"Wheel of Change","floor":60,"gold_loss":0}],"is_beta":false,"boss_relics":[{"not_picked":["Snecko Eye","SacredBark"],"picked":"Empty Cage"},{"not_picked":["Tiny House","Sozu"],"picked":"Runic Dome"}],"items_purged_floors":[12,14,51,70],"is_endless":false,"potions_floor_spawned":[2,4,6,8,16,20,22,24,30,37,39,40,43,45,50,62,63],"ascension_level":1}}