{"host":"w7pthw6r6331n954","time":1613328436,"event":{"mods":["AchievementEnabler","Act Like it!","BaseMod","BetterRewards","Colored Map","Colored Powertips","Custom Start","Downfall","Hallownest","Hermit","Jorbs\u0027s Wanderer Trilogy","Minty Spire (QoL Compilation)","Replay The Spire","Shop Mod","StSLib","SuperFastMode"],"gold_per_floor":[118,118,118,128,18,30,63,63,87,114,114,125,140,155,155,155,155],"floor_reached":16,"language":"ENG","playtime":1183,"items_purged":[],"score":196,"play_id":"1154268f-925a-4818-ac68-2995b816066b","local_time":"20210214134716","is_ascension_mode":true,"campfire_choices":[{"floor":11,"key":"RECALL"},{"floor":15,"key":"REST"}],"circlet_count":0,"master_deck":["hermit:Strike_Hermit","hermit:Strike_Hermit","hermit:Strike_Hermit","hermit:Defend_Hermit","hermit:Defend_Hermit","hermit:Defend_Hermit","hermit:Defend_Hermit","hermit:Snapshot","hermit:Covet","hermit:CursedWeapon+1","hermit:Shortfuse","hermit:Quickdraw","hermit:Snipe","hermit:RoundhouseKick","hermit:Magnum","hermit:WideOpen","hermit:Enervate","hermit:TakeAim","hermit:BodyArmor","hermit:Gestalt"],"relics":["hermit:Momento","MerchantsRug","Omamori","Bag of Marbles","PreservedInsect"],"acts_visited":["Exordium"],"potions_floor_usage":[7,14],"damage_taken":[{"damage":2,"enemies":"2 Louse","floor":1,"turns":2},{"damage":2,"enemies":"Small Slimes","floor":4,"turns":3},{"damage":2,"enemies":"Cultist","floor":6,"turns":2},{"damage":12,"enemies":"3 Sentries","floor":7,"turns":5},{"damage":2,"enemies":"Gremlin Nob","floor":10,"turns":2},{"damage":2,"enemies":"Large Slime","floor":12,"turns":2},{"damage":2,"enemies":"Gremlin Gang","floor":13,"turns":3},{"damage":0,"enemies":"Looter","floor":14,"turns":1},{"damage":85,"enemies":"The Guardian","floor":16,"turns":9}],"seed_played":"6614354011093004136","potions_obtained":[{"floor":1,"key":"hermit:Tonic"},{"floor":7,"key":"Dexterity Potion"},{"floor":13,"key":"SkillPotion"}],"is_trial":false,"path_per_floor":["M","?","?","M","$","M","E","?","T","E","R","M","M","M","R","B"],"character_chosen":"HERMIT","items_purchased":["MerchantsRug","Lee\u0027s Waffle","Omamori","hermit:CursedWeapon","hermit:Shortfuse","hermit:RoundhouseKick"],"campfire_rested":1,"item_purchase_floors":[0,0,0,0,0,5],"current_hp_per_floor":[80,80,80,78,78,76,64,64,64,62,62,60,58,58,82,0,0],"gold":155,"neow_bonus":"","is_daily":false,"chose_seed":false,"campfire_upgraded":0,"win_rate":0.0,"timestamp":1613328436,"path_taken":["M","?","?","?","$","M","E","?","T","E","R","M","?","M","R","BOSS"],"items_purchased_type":["Relic","Relic","Relic","Card","Card","Card"],"build_version":"2020-12-22","purchased_purges":0,"victory":false,"max_hp_per_floor":[82,82,82,82,82,82,82,82,82,82,82,82,82,82,82,82,82],"card_choices":[{"not_picked":["hermit:SprayPray","hermit:Coalescence"],"picked":"hermit:Quickdraw","floor":1},{"not_picked":["hermit:ItchyTrigger","stsjorbsmod:Panic"],"picked":"hermit:Snipe","floor":4},{"not_picked":["hermit:PistolWhip","hermit:BodyArmor"],"picked":"hermit:Magnum","floor":6},{"not_picked":["hermit:Horror","hermit:CalledShot"],"picked":"hermit:WideOpen","floor":7},{"not_picked":["hermit:HoleUp","hermit:HighCaliber"],"picked":"hermit:Enervate","floor":10},{"not_picked":["hermit:HighCaliber","hermit:Maintenance"],"picked":"hermit:TakeAim","floor":12},{"not_picked":["hermit:HighCaliber","hermit:Desperado"],"picked":"hermit:BodyArmor","floor":13},{"not_picked":["hermit:ItchyTrigger","hermit:Coalescence"],"picked":"hermit:Gestalt","floor":14}],"player_experience":1243636,"relics_obtained":[{"floor":7,"key":"Bag of Marbles"},{"floor":10,"key":"PreservedInsect"}],"event_choices":[{"damage_healed":0,"gold_gain":0,"player_choice":"Forge","damage_taken":0,"max_hp_gain":0,"max_hp_loss":0,"event_name":"Accursed Blacksmith","floor":3,"gold_loss":0,"cards_upgraded":["hermit:CursedWeapon"]},{"cards_removed":["hermit:Strike_Hermit"],"damage_healed":0,"gold_gain":0,"player_choice":"Offered Basic","damage_taken":0,"max_hp_gain":0,"max_hp_loss":0,"event_name":"Bonfire Elementals","floor":8,"gold_loss":0}],"is_beta":false,"boss_relics":[],"items_purged_floors":[],"is_endless":false,"potions_floor_spawned":[1,7,13],"killed_by":"The Guardian","ascension_level":1}}