{"host":"wp105hvsojjeutt1","time":1613301232,"event":{"mods":["2.2 Compatiblity","AchievementEnabler","Act Like it!","Aspiration","BaseMod","Best Route Mod","Better Match","Better Note","Better Sensory Stone","Block Reminder","Colored Map","Colored Powertips","Conjunction","Conspire","Custom Start","Energized Spire","GifTheSpireLib","Gold Saver","Gremlin Skip","Halation","Highlight Path","Hubris","Infinite Spire","Minty Spire (QoL Compilation)","Pale of the Ancients","Quick Restart","Replay The Spire","Reworked Bosses","ShortenTheSpire","Spire Exporter","StSLib","Stuff the Spire","Wandering Minibosses"],"gold_per_floor":[119,118,43,58,71,106,119,119,119,125,125,155,155,174,174,277,277,212,212,212,212,109,109,109,109,109,109,109,109,109,109,109,109,109,109,109,9,9,9,9,9,9,9,9,9,9,9,9,9,9,9],"floor_reached":50,"language":"ENG","playtime":1349,"items_purged":["Strike_R","Defend_R"],"score":494,"play_id":"d17459ce-df01-4060-b4ec-925946c9ca6b","local_time":"20210214131352","is_ascension_mode":false,"campfire_choices":[{"data":"Cleave","floor":8.0,"key":"SMITH"},{"data":"Clothesline","floor":11.0,"key":"SMITH"},{"data":"Perfected Strike","floor":13.0,"key":"SMITH"},{"data":"Thunderclap","floor":15.0,"key":"SMITH"},{"data":"Demon Form","floor":24.0,"key":"SMITH"},{"data":"Metallicize","floor":30.0,"key":"SMITH"},{"floor":32.0,"key":"REST"},{"data":"Bash","floor":42.0,"key":"SMITH"},{"data":"StuffTheSpire:RockThrow","floor":44.0,"key":"SMITH"},{"data":"Clash","floor":46.0,"key":"SMITH"},{"data":"Battle Trance","floor":49,"key":"SMITH"}],"circlet_count":0,"master_deck":["Strike_R+1","Strike_R+1","Strike_R+1","Strike_R+1","Defend_R+1","Defend_R+1","Bash+1","Thunderclap+1","StuffTheSpire:RockThrow+1","Cleave+1","Cleave+1","Clothesline+1","Perfected Strike+1","Clash+1","Demon Form+1","Cleave+1","Pummel+1","Pummel+1","Metallicize+1","Double Tap+1","Battle Trance+1","Demon Form+1","Perfected Strike+1","Rampage+1","Perfected Strike+1","Clash","Clash+1"],"relics":["Burning Blood","Replay:Bottled Eggs","infinitespire:EmpoweringShard","Replay:Multitool","Ectoplasm","wanderingMiniBosses:MasterThiefsPresence","War Paint","hubris:ToyBattleship","halation:PrussianBluePaint","conspire:SlowCooker","ReplayTheSpireMod:Lightbulb"],"acts_visited":["Exordium","TheCity","TheBeyond"],"potions_floor_usage":[48,48,48],"damage_taken":[{"damage":0.0,"enemies":"2 Louse","floor":1.0,"turns":3.0},{"damage":3.0,"enemies":"Small Slimes","floor":2.0,"turns":5.0},{"damage":6.0,"enemies":"Cultist","floor":4.0,"turns":3.0},{"damage":5.0,"enemies":"Gremlin Gang","floor":5.0,"turns":3.0},{"damage":25.0,"enemies":"3 Sentries","floor":6.0,"turns":8.0},{"damage":0.0,"enemies":"Looter","floor":7.0,"turns":2.0},{"damage":9.0,"enemies":"Exordium Thugs","floor":10.0,"turns":3.0},{"damage":6.0,"enemies":"Gremlin Nob","floor":12.0,"turns":3.0},{"damage":0.0,"enemies":"Lots of Slimes","floor":14.0,"turns":1.0},{"damage":33.0,"enemies":"The Guardian","floor":16.0,"turns":9.0},{"damage":19.0,"enemies":"conspire:FuzzyDice","floor":18.0,"turns":6.0},{"damage":13.0,"enemies":"Replay:Snechameleon","floor":23.0,"turns":3.0},{"damage":6.0,"enemies":"Chosen","floor":25.0,"turns":2.0},{"damage":9.0,"enemies":"Centurion and Healer","floor":28.0,"turns":3.0},{"damage":11.0,"enemies":"conspire:SneckoGhost","floor":29.0,"turns":4.0},{"damage":16.0,"enemies":"Shelled Parasite and Fungi","floor":31.0,"turns":3.0},{"damage":13.0,"enemies":"hubris:MusketHawk","floor":33.0,"turns":6.0},{"damage":6.0,"enemies":"3 Darklings","floor":35.0,"turns":2.0},{"damage":2.0,"enemies":"3 Shapes","floor":38.0,"turns":4.0},{"damage":20.0,"enemies":"Spire Growth","floor":39.0,"turns":4.0},{"damage":5.0,"enemies":"4 Shapes","floor":41.0,"turns":2.0},{"damage":20.0,"enemies":"Maw","floor":45.0,"turns":6.0},{"damage":10,"enemies":"Writhing Mass","floor":48,"turns":4},{"damage":64,"enemies":"hubris:GrandSnecko","floor":50,"turns":4}],"seed_played":"-6199698805922788612","potions_obtained":[{"floor":1.0,"key":"AttackPotion"},{"floor":2.0,"key":"Swift Potion"},{"floor":6.0,"key":"Flashbang"},{"floor":7.0,"key":"BloodPotion"},{"floor":10.0,"key":"LiquidMemories"},{"floor":16.0,"key":"Explosive Potion"},{"floor":23.0,"key":"Venom Potion"},{"floor":25.0,"key":"DuplicationPotion"},{"floor":28.0,"key":"DuplicationPotion"},{"floor":29.0,"key":"Reflective Coating"},{"floor":39.0,"key":"SkillPotion"},{"floor":41.0,"key":"Toxic Potion"}],"is_trial":false,"path_per_floor":["M","M","$","M","M","E","M","R","T","M","R","E","R","M","R","B",null,"M","?","?","?","$","E","R","M","T","R","M","E","R","M","R_BF","B",null,"M","?","$","M","M","R","M","R","T","R","M","R","?","M","R","B"],"character_chosen":"IRONCLAD","items_purchased":["HeartOfIron"],"campfire_rested":1,"item_purchase_floors":[22],"current_hp_per_floor":[80,80,80,80,80,61,67,67,67,80,80,80,80,80,80,53,80,67,67,67,67,67,60,60,60,60,80,77,72,72,62,80,73,80,80,80,80,80,66,80,80,80,80,80,66,66,66,62,62,0,0],"gold":9,"neow_bonus":"","is_daily":false,"chose_seed":false,"campfire_upgraded":10,"win_rate":0.0,"timestamp":1613301232,"path_taken":["M","M","$","M","M","E","M","R","T","M","R","E","R","M","R","BOSS","M","?","?","?","$","E","R","M","T","R","M","E","R","M","R_BF","BOSS","M","?","$","M","M","R","M","R","T","R","?","R","?","M","R","BOSS"],"items_purchased_type":["Potion"],"build_version":"2020-12-22","purchased_purges":2,"victory":false,"max_hp_per_floor":[80,80,80,80,80,80,80,80,80,80,80,80,80,80,80,80,80,80,80,80,80,80,80,80,80,80,80,80,80,80,80,80,80,80,80,80,80,80,80,80,80,80,80,80,80,80,80,80,80,80,80],"card_choices":[{"not_picked":["Bloodletting","Intimidate"],"picked":"Thunderclap","floor":1.0},{"not_picked":["ReplayReversal","Armaments"],"picked":"StuffTheSpire:RockThrow","floor":2.0},{"not_picked":["Perfected Strike","ReplayTheSpireMod:LeadingStrike"],"picked":"Cleave","floor":4.0},{"not_picked":["Warcry","Dual Wield","Intimidate"],"picked":"SKIP","floor":5.0},{"not_picked":["Carnage","ReplayTheSpireMod:Limb From Limb","Run Through"],"picked":"SKIP","floor":6.0},{"not_picked":["Carnage","ReplayTheSpireMod:Limb From Limb","Run Through"],"picked":"SKIP","floor":6.0},{"not_picked":["hubris:StunningStrike","Dropkick"],"picked":"Cleave","floor":7.0},{"not_picked":["ReplayTheSpireMod:Corrosion Curse","Anger"],"picked":"Clothesline","floor":10.0},{"not_picked":["Blood for Blood","StuffTheSpire:Slingshot"],"picked":"Perfected Strike","floor":12.0},{"not_picked":["Iron Wave","Ghostly Armor"],"picked":"Clash","floor":14.0},{"not_picked":["Barricade","StuffTheSpire:TitanForm"],"picked":"Demon Form","floor":16.0},{"not_picked":["StuffTheSpire:Incineration","Second Wind"],"picked":"Cleave","floor":18.0},{"not_picked":["Defy Death","Life Link","Reckless Charge+1"],"picked":"SKIP","floor":23.0},{"not_picked":["Run Through","Armaments"],"picked":"Pummel+1","floor":25.0},{"not_picked":["Second Wind","Iron Wave"],"picked":"Pummel+1","floor":28.0},{"not_picked":["Clothesline+1","ReplayTheSpireMod:Muscle Training"],"picked":"Metallicize","floor":29.0},{"not_picked":["Iron Wave","Cleave","Defy Death+1"],"picked":"SKIP","floor":31.0},{"not_picked":["Eclipse","Brutality"],"picked":"Double Tap","floor":33.0},{"not_picked":["StuffTheSpire:RagingBull","Warcry"],"picked":"Battle Trance","floor":35.0},{"not_picked":["conspire:ExplosiveBarrier+1","StuffTheSpire:Slingshot"],"picked":"Perfected Strike+1","floor":38.0},{"not_picked":["ReplayTheSpireMod:Strike From Hell+1","Armaments+1"],"picked":"Rampage+1","floor":39.0},{"not_picked":["Intimidate","Reckless Charge+1"],"picked":"Perfected Strike+1","floor":41.0},{"not_picked":["Headbutt","Clothesline+1"],"picked":"Clash","floor":45.0},{"not_picked":["Run Through","ReplayTheSpireMod:Limb From Limb"],"picked":"Clash+1","floor":48}],"player_experience":0,"relics_obtained":[{"floor":6.0,"key":"Replay:Bottled Eggs"},{"floor":9.0,"key":"infinitespire:EmpoweringShard"},{"floor":12.0,"key":"Replay:Multitool"},{"floor":18.0,"key":"wanderingMiniBosses:MasterThiefsPresence"},{"floor":23.0,"key":"War Paint"},{"floor":26.0,"key":"hubris:ToyBattleship"},{"floor":29.0,"key":"halation:PrussianBluePaint"},{"floor":43.0,"key":"ReplayTheSpireMod:Lightbulb"}],"event_choices":[{"cards_removed":["Clash"],"damage_healed":0.0,"max_hp_gain":0.0,"max_hp_loss":0.0,"gold_gain":0.0,"event_name":"betterNote:BetterNote","player_choice":"Give","floor":19.0,"gold_loss":0.0,"damage_taken":0.0,"cards_obtained":["None"]},{"cards_removed":["Defend_R"],"damage_healed":0.0,"max_hp_gain":0.0,"max_hp_loss":0.0,"gold_gain":0.0,"event_name":"Bonfire Elementals","player_choice":"Offered Basic","floor":21.0,"gold_loss":0.0,"damage_taken":0.0},{"damage_healed":0.0,"max_hp_gain":0.0,"max_hp_loss":0.0,"gold_gain":0.0,"event_name":"Duplicator","player_choice":"Copied","floor":36.0,"gold_loss":0.0,"damage_taken":0.0,"cards_obtained":["Demon Form"]},{"damage_healed":0.0,"max_hp_gain":0.0,"max_hp_loss":0.0,"gold_gain":0.0,"event_name":"Accursed Blacksmith","player_choice":"Forge","floor":47.0,"gold_loss":0.0,"damage_taken":0.0,"cards_upgraded":["Double Tap"]}],"is_beta":false,"boss_relics":[{"not_picked":["SacredBark","Replay:Grab Bag"],"picked":"Ectoplasm"},{"not_picked":["hubris:ScarierMask","energizedSpire:StickyHand"],"picked":"conspire:SlowCooker"}],"items_purged_floors":[3,37],"is_endless":false,"potions_floor_spawned":[1,2,6,7,10,16,23,25,28,29,39,41],"killed_by":"hubris:GrandSnecko","ascension_level":0}}