{"host":"id23shmscryl4psl","time":1613273549,"event":{"mods":["BaseMod","Better Altar","Better Match","Better Note","Better Sensory Stone","Better Skull","Better Third Choice","Colored Map","Colored Powertips","Dark Map","HololiveMod","Minty Spire (QoL Compilation)","Rare Cards Sparkle","Relic Stats","Robot Space Explorer","StSLib"],"gold_per_floor":[77,0,0,0,0,34,34,59,82,118,148,160,187,213,225,360,372,294,306,306],"floor_reached":19,"language":"ENG","playtime":639,"items_purged":[],"score":254,"play_id":"23123cdb-a542-49a9-bbd6-2c97982df11a","local_time":"20210213203229","is_ascension_mode":true,"campfire_choices":[{"floor":7,"key":"REST"},{"floor":12,"key":"RECALL"},{"data":"Hololive_CallTsunomakiWatame","floor":15,"key":"SMITH"}],"circlet_count":0,"master_deck":["Hololive_Strike","Hololive_Strike","Hololive_Defend","Hololive_Defend","Hololive_SoulCatcher","Hololive_CallRoboco","Hololive_CallNekomataOkayu","Hololive_CallUruhaRushia","Hololive_CallTsunomakiWatame+1","Hololive_CallYozoraMel","Hololive_CallAkiRosenthal","Enlightenment","Hololive_CallShiranuiFlare","Hololive_DDD","Hololive_CallOmaruPolka","Hololive_CandyCastle","Hololive_CallNatsuiroMatsuri","Hololive_Breathe","Hololive_DDD","Hololive_LuckPotion"],"relics":["Hololive_TheStar","NeowsBlessing","Golden Idol","Boot","Bottled Tornado","MawBank","Hololive_ChaosS"],"acts_visited":["Exordium","TheCity"],"potions_floor_usage":[14,16,16,16],"damage_taken":[{"damage":0,"enemies":"Cultist","floor":1,"turns":1},{"damage":0,"enemies":"Gremlin Nob","floor":6,"turns":1},{"damage":0,"enemies":"2 Louse","floor":8,"turns":1},{"damage":0,"enemies":"Jaw Worm","floor":10,"turns":4},{"damage":0,"enemies":"Large Slime","floor":11,"turns":4},{"damage":0,"enemies":"2 Fungi Beasts","floor":13,"turns":4},{"damage":0,"enemies":"Lots of Slimes","floor":14,"turns":4},{"damage":0,"enemies":"Hexaghost","floor":16,"turns":8},{"damage":25,"enemies":"2 Thieves","floor":18,"turns":5},{"damage":0,"enemies":"3 Byrds","floor":19,"turns":2}],"seed_played":"-6703521867373746356","potions_obtained":[{"floor":1,"key":"Energy Potion"},{"floor":6,"key":"FearPotion"},{"floor":11,"key":"LiquidMemories"},{"floor":14,"key":"Dexterity Potion"}],"is_trial":false,"path_per_floor":["M","?","?","$","?","E","R","M","T","M","M","R","M","M","R","B",null,"M","M"],"character_chosen":"Hololive_HololiveCharacter","items_purchased":[],"campfire_rested":1,"item_purchase_floors":[],"current_hp_per_floor":[35,41,31,31,28,28,40,40,40,40,40,40,40,40,40,40,41,16,16,16],"gold":306,"neow_bonus":"THREE_ENEMY_KILL","is_daily":false,"chose_seed":false,"campfire_upgraded":1,"win_rate":0.0,"timestamp":1613273549,"path_taken":["M","?","?","?","?","E","R","M","T","M","M","R","M","M","R","BOSS","M","M"],"items_purchased_type":[],"build_version":"2020-12-22","purchased_purges":0,"victory":false,"max_hp_per_floor":[35,41,41,41,41,41,41,41,41,41,41,41,41,41,41,41,41,41,41,41],"relic_stats":{"counters":[10,34],"Golden Idol":52,"Boot":[185],"MawBank":120,"obtain_stats":[{"NeowsBlessing":0,"Golden Idol":3,"Hololive_TheStar":0,"Hololive_ChaosS":17,"Bottled Tornado":6,"Boot":5,"MawBank":9},{"NeowsBlessing":0,"Golden Idol":1,"Hololive_TheStar":0,"Hololive_ChaosS":8,"Bottled Tornado":2,"Boot":1,"MawBank":3},{"NeowsBlessing":0,"Golden Idol":1,"Hololive_TheStar":0,"Hololive_ChaosS":27,"Bottled Tornado":2,"Boot":1,"MawBank":3}]},"card_choices":[{"not_picked":["Hololive_CocoNews","Hololive_CallYozoraMel","Hololive_Psychosis"],"picked":"Hololive_CallAkiRosenthal","floor":1},{"not_picked":["Hololive_SoulCatcher","Hololive_Sequa","Hololive_RevenueBasedLive"],"picked":"Hololive_CallShiranuiFlare","floor":6},{"not_picked":["Hololive_Trident","Hololive_CallTsunomakiWatame","Hololive_RevenueBasedLive"],"picked":"Hololive_DDD","floor":8},{"not_picked":["Hololive_LuckPotion","Hololive_Trident","Hololive_CallShiranuiFlare"],"picked":"Hololive_CallOmaruPolka","floor":10},{"not_picked":["Hololive_Psychosis","Hololive_Sequa","Hololive_Rebound"],"picked":"Hololive_CandyCastle","floor":11},{"not_picked":["Hololive_OvertimeWork","Hololive_SummonFox","Hololive_CocoNews"],"picked":"Hololive_CallNatsuiroMatsuri","floor":13},{"not_picked":["Hololive_StrengthChampion","Hololive_FlyingPonyTail","Hololive_Rebound"],"picked":"Hololive_Breathe","floor":14},{"not_picked":["Hololive_HighAtkLowDef","Hololive_Recruit","Hololive_Thief"],"picked":"Hololive_DDD","floor":16},{"not_picked":["Hololive_CallAZKi","Hololive_Trident+1","Hololive_FlyingPonyTail"],"picked":"Hololive_LuckPotion","floor":18}],"player_experience":95464,"relics_obtained":[{"floor":6,"key":"Bottled Tornado"},{"floor":9,"key":"MawBank"}],"event_choices":[{"damage_healed":0,"gold_gain":0,"player_choice":"RENOUNCE","damage_taken":77,"max_hp_gain":0,"max_hp_loss":0,"event_name":"betterThird:BetterSerpent","floor":2,"gold_loss":77,"cards_obtained":["Enlightenment"]},{"damage_healed":0,"gold_gain":0,"player_choice":"Take Damage","damage_taken":10,"relics_obtained":["Golden Idol"],"max_hp_gain":0,"max_hp_loss":0,"event_name":"Golden Idol","floor":3,"gold_loss":0},{"damage_healed":0,"gold_gain":0,"player_choice":"Relic ","damage_taken":3,"max_hp_gain":0,"max_hp_loss":0,"event_name":"betterThird:BetterScrap","floor":5,"gold_loss":0,"cards_obtained":["Corruption"]}],"is_beta":false,"boss_relics":[{"not_picked":["SlaversCollar","Runic Dome"],"picked":"Hololive_ChaosS"}],"items_purged_floors":[],"is_endless":false,"potions_floor_spawned":[1,6,11,14],"killed_by":"3 Byrds","ascension_level":1}}