{"host":"8qpl9oe08dw5eaib","time":1613271675,"event":{"mods":["Act Like it!","BaseMod","Colored Map","Downfall","Minty Spire (QoL Compilation)","StSLib"],"gold_per_floor":[99,117,292,307,307,322,322,351,351,351,365,377,400,425,442,542,542,542,562,562,562,581,351,377,377,183,196,196,215,232,246,266,266,266,266],"floor_reached":33,"language":"ENG","playtime":2470,"items_purged":["downfall:Bewildered","Doubt"],"score":261,"play_id":"af8f809a-f400-43d8-8d57-19f0ce1dfa9d","local_time":"20210213220115","is_ascension_mode":false,"campfire_choices":[{"data":"hexamod:Float","floor":1,"key":"SMITH"},{"data":"hexamod:GhostShield","floor":9,"key":"SMITH"},{"data":"hexamod:SwordOfDarkness","floor":18,"key":"SMITH"},{"data":"hexamod:ForkedFlame","floor":25,"key":"SMITH"}],"circlet_count":0,"master_deck":["hexamod:Strike","hexamod:Strike","hexamod:Strike","hexamod:Strike+1","hexamod:Defend","hexamod:Defend","hexamod:Defend","hexamod:Defend","hexamod:Sear","hexamod:Float+1","hexamod:SwordOfDarkness+1","hexamod:FastForward","hexamod:NightmareGuise","hexamod:GhostShield+1","hexamod:ChargedBarrage","hexamod:GhostLash","hexamod:SpectralAdrenaline","hexamod:PhantomCloak","hexamod:ParanormalForm+1","hexamod:GhostflameBarrier","hexamod:Firestarter+1","hexamod:ForkedFlame+1","hexamod:Hexaguard+1","hexamod:ExtraCrispy","hexamod:HauntingEcho+1","hexamod:CatchUp+1","hexamod:RainOfEmbers+1","hexamod:ShieldOfDarkness+1"],"relics":["hexamod:SpiritBrand","Bottled Flame","GremlinMask","Strawberry","Ornamental Fan","Sozu","sneckomod:BabySnecko","Bottled Lightning","Art of War"],"acts_visited":["Exordium","TheCity"],"potions_floor_usage":[14,16,22],"damage_taken":[{"damage":0,"enemies":"2 Louse","floor":2,"turns":3},{"damage":0,"enemies":"Cultist","floor":4,"turns":3},{"damage":0,"enemies":"Small Slimes","floor":6,"turns":3},{"damage":21,"enemies":"3 Sentries","floor":8,"turns":8},{"damage":3,"enemies":"Gremlin Gang","floor":11,"turns":6},{"damage":7,"enemies":"Exordium Wildlife","floor":12,"turns":4},{"damage":29,"enemies":"Gremlin Nob","floor":14,"turns":5},{"damage":0,"enemies":"Large Slime","floor":15,"turns":3},{"damage":17,"enemies":"WA_ARCHETYPE_RETAIN","floor":16,"turns":5},{"damage":26,"enemies":"Spheric Guardian","floor":19,"turns":6},{"damage":0,"enemies":"Shell Parasite","floor":22,"turns":4},{"damage":0,"enemies":"downfall:FleeingMerchant","floor":23,"turns":4},{"damage":0,"enemies":"downfall:FleeingMerchant","floor":26,"turns":4},{"damage":18,"enemies":"Sentry and Sphere","floor":27,"turns":6},{"damage":8,"enemies":"Snake Plant","floor":29,"turns":3},{"damage":0,"enemies":"Chosen and Byrds","floor":30,"turns":4},{"damage":8,"enemies":"3 Cultists","floor":31,"turns":5},{"damage":0,"enemies":"Centurion and Healer","floor":32,"turns":5},{"damage":21,"enemies":"SI_MIRROR_ARCHETYPE","floor":33,"turns":6}],"seed_played":"749358178690744248","potions_obtained":[{"floor":4,"key":"Fire Potion"},{"floor":12,"key":"PowerPotion"},{"floor":15,"key":"ColorlessPotion"}],"is_trial":false,"path_per_floor":["R","M","?","M","?","M","T","E","R","?","M","M","T","E","M","B",null,"R","M","?","T","M","$","T","R","$","M","?","M","M","M","M","B"],"character_chosen":"THE_SPIRIT","items_purchased":["hexamod:ForkedFlame","hexamod:ExtraCrispy"],"campfire_rested":0,"item_purchase_floors":[23,26],"current_hp_per_floor":[77,77,77,77,77,77,77,56,56,56,53,46,53,24,24,7,84,84,58,58,58,58,58,58,58,58,40,32,24,24,16,16,0,0,0],"gold":266,"neow_bonus":"TEN_PERCENT_HP_BONUS","is_daily":false,"chose_seed":false,"campfire_upgraded":4,"win_rate":0.0,"timestamp":1613271675,"path_taken":["R","M","?","M","?","?","T","E","R","?","M","?","?","E","M","BOSS","R","M","?","?","?","$","T","R","?","?","?","M","M","M","M","BOSS"],"items_purchased_type":["Card","Card"],"build_version":"2020-12-22","purchased_purges":2,"victory":false,"max_hp_per_floor":[77,77,77,77,77,77,77,77,77,77,77,77,84,84,84,84,84,84,84,84,84,84,84,84,84,84,84,84,84,84,84,84,84,84,84],"card_choices":[{"not_picked":["hexamod:SkipABeat","hexamod:SpectersWail"],"picked":"hexamod:SwordOfDarkness","floor":2},{"not_picked":["hexamod:EtherealExpedition","hexamod:DynamicBlow"],"picked":"hexamod:FastForward","floor":4},{"not_picked":["hexamod:NightmareStrike","hexamod:SpectersWail"],"picked":"hexamod:NightmareGuise","floor":6},{"not_picked":["hexamod:SearingWound","hexamod:Again"],"picked":"hexamod:GhostShield","floor":8},{"not_picked":["hexamod:SwordOfDarkness","hexamod:ThermalTransfer"],"picked":"hexamod:ChargedBarrage","floor":11},{"not_picked":["hexamod:Haunt","hexamod:NecessarySacrifice"],"picked":"hexamod:GhostLash","floor":12},{"not_picked":["hexamod:PhantomCloak","hexamod:GhostLash"],"picked":"hexamod:SpectralAdrenaline","floor":14},{"not_picked":["hexamod:BacktrackSmack","hexamod:Firestarter"],"picked":"hexamod:PhantomCloak","floor":15},{"not_picked":["hexamod:GhostflameInferno","hexamod:GhostOfSpirePresent"],"picked":"hexamod:ParanormalForm","floor":16},{"not_picked":["hexamod:NecessarySacrifice+1","hexamod:BurningTouch"],"picked":"hexamod:GhostflameBarrier","floor":19},{"not_picked":["hexamod:InspiringFlames","hexamod:BacktrackSmack+1"],"picked":"hexamod:Firestarter+1","floor":22},{"not_picked":["hexamod:Firestarter","hexamod:GhostLash","hexamod:NecessarySacrifice+1"],"picked":"SKIP","floor":23},{"not_picked":["hexamod:SecondSeal","hexamod:GhostOfSpireFuture+1"],"picked":"hexamod:Hexaguard+1","floor":26},{"not_picked":["hexamod:Haunt","hexamod:Again"],"picked":"hexamod:HauntingEcho+1","floor":27},{"not_picked":["hexamod:GhostOfSpirePast","hexamod:Hexaguard","hexamod:SwordOfDarkness"],"picked":"SKIP","floor":29},{"not_picked":["hexamod:BacktrackSmack+1","hexamod:TurnItUp"],"picked":"hexamod:CatchUp+1","floor":30},{"not_picked":["hexamod:SpectralAdrenaline","hexamod:SpectersWail"],"picked":"hexamod:RainOfEmbers+1","floor":31},{"not_picked":["hexamod:SoulSteal","hexamod:GhostShield"],"picked":"hexamod:ShieldOfDarkness+1","floor":32}],"player_experience":206238,"relics_obtained":[{"floor":8,"key":"Bottled Flame"},{"floor":13,"key":"Strawberry"},{"floor":14,"key":"Ornamental Fan"},{"floor":21,"key":"Bottled Lightning"},{"floor":24,"key":"Art of War"}],"event_choices":[{"damage_healed":0,"gold_gain":0,"player_choice":"Trade","damage_taken":0,"relics_obtained":["GremlinMask"],"max_hp_gain":0,"max_hp_loss":0,"event_name":"FaceTrader","floor":10,"gold_loss":0}],"is_beta":false,"boss_relics":[{"not_picked":["Snecko Eye","Calling Bell"],"picked":"Sozu"}],"items_purged_floors":[23,26],"is_endless":false,"potions_floor_spawned":[4,12,15,22,27,29,32],"killed_by":"SI_MIRROR_ARCHETYPE","ascension_level":0}}