{"host":"1n4zh8skucxnzijq","time":1613319214,"event":{"mods":["BaseMod","Minty Spire (QoL Compilation)","Quick Restart"],"gold_per_floor":[109,109,259,275,275,275,308,308,308,308,324,340,403,403,403],"floor_reached":14,"language":"ENG","playtime":283,"items_purged":[],"score":224,"play_id":"26cd90c8-520e-4c31-87ac-edf5c8a48d80","local_time":"20210214161334","is_ascension_mode":true,"campfire_choices":[{"data":"Underhanded Strike","floor":6,"key":"SMITH"},{"data":"Neutralize","floor":8,"key":"SMITH"},{"data":"Heel Hook","floor":10,"key":"SMITH"}],"circlet_count":0,"master_deck":["AscendersBane","Strike_G","Strike_G","Strike_G","Strike_G","Strike_G","Defend_G","Defend_G","Defend_G","Defend_G","Defend_G","Survivor","Neutralize+1","Heel Hook+1","Doubt","Underhanded Strike+1","Leg Sweep","Prepared","Eviscerate","Reflex"],"relics":["Ring of the Snake","NeowsBlessing","Bag of Preparation","SsserpentHead","Mummified Hand","Pear"],"acts_visited":["Exordium"],"potions_floor_usage":[13,14],"damage_taken":[{"damage":0,"enemies":"Small Slimes","floor":1,"turns":1},{"damage":0,"enemies":"2 Louse","floor":4,"turns":1},{"damage":0,"enemies":"3 Sentries","floor":7,"turns":1},{"damage":0,"enemies":"Cultist","floor":11,"turns":4},{"damage":11,"enemies":"Large Slime","floor":12,"turns":6},{"damage":3,"enemies":"Exordium Thugs","floor":13,"turns":4},{"damage":43,"enemies":"Gremlin Nob","floor":14,"turns":4}],"seed_played":"4524435566762215236","potions_obtained":[{"floor":1,"key":"ColorlessPotion"},{"floor":13,"key":"EssenceOfSteel"}],"is_trial":false,"path_per_floor":["M","?","?","M","?","R","E","R","T","R","M","M","M","E"],"character_chosen":"THE_SILENT","items_purchased":[],"campfire_rested":0,"item_purchase_floors":[],"current_hp_per_floor":[59,24,24,24,24,24,24,24,34,34,34,23,20,0,0],"gold":403,"neow_bonus":"THREE_ENEMY_KILL","is_daily":false,"chose_seed":false,"campfire_upgraded":3,"win_rate":0.0,"timestamp":1613319214,"path_taken":["M","?","?","M","?","R","E","R","T","R","M","M","?","E"],"items_purchased_type":[],"build_version":"2020-12-22","purchased_purges":0,"victory":false,"max_hp_per_floor":[66,66,66,66,66,66,66,66,76,76,76,76,76,76,76],"card_choices":[{"not_picked":["Blade Dance","Underhanded Strike"],"picked":"Heel Hook","floor":1},{"not_picked":["Noxious Fumes","Blade Dance"],"picked":"Underhanded Strike","floor":4},{"not_picked":["Dodge and Roll","Expertise"],"picked":"Leg Sweep","floor":7},{"not_picked":["Caltrops","Dodge and Roll"],"picked":"Prepared","floor":11},{"not_picked":["Crippling Poison","Blade Dance"],"picked":"Eviscerate","floor":12},{"not_picked":["Blade Dance","Backflip"],"picked":"Reflex","floor":13}],"player_experience":1046483,"relics_obtained":[{"floor":7,"key":"Mummified Hand"},{"floor":9,"key":"Pear"}],"event_choices":[{"damage_healed":0,"gold_gain":0,"player_choice":"Success","damage_taken":35,"relics_obtained":["Bag of Preparation"],"max_hp_gain":0,"max_hp_loss":0,"event_name":"Scrap Ooze","floor":2,"gold_loss":0},{"damage_healed":0,"gold_gain":150,"player_choice":"AGREE","damage_taken":0,"max_hp_gain":0,"max_hp_loss":0,"event_name":"Liars Game","floor":3,"gold_loss":0,"cards_obtained":["Doubt"]},{"damage_healed":0,"gold_gain":0,"player_choice":"Trade","damage_taken":0,"relics_obtained":["SsserpentHead"],"max_hp_gain":0,"max_hp_loss":0,"event_name":"FaceTrader","floor":5,"gold_loss":0}],"is_beta":false,"boss_relics":[],"items_purged_floors":[],"is_endless":false,"potions_floor_spawned":[1,13],"killed_by":"Gremlin Nob","ascension_level":19}}