{"host":"soyfmymeou4emntr","time":1613287847,"event":{"mods":["BaseMod","Minty Spire (QoL Compilation)","Permanent Neow","Relic Sorter","Relic Stats","StSLib"],"gold_per_floor":[116,191,207,0,0,25,25,58,111,121,137,137,170,190,190,261,261,281,122,172,38,58,58,58,58,58,58,89,106,134,145,145,222,222,237,248,262,262,287,287,335,335,335,335,363,363,393,416,428,440,440],"floor_reached":50,"language":"ENG","playtime":4236,"items_purged":["Strike_G"],"score":1092,"play_id":"69cff883-1c9c-47ca-82d2-e138ef08b84b","local_time":"20210214003047","is_ascension_mode":true,"campfire_choices":[{"data":"Blade Dance","floor":7.0,"key":"SMITH"},{"floor":12.0,"key":"REST"},{"floor":15.0,"key":"REST"},{"data":"Malaise","floor":23.0,"key":"SMITH"},{"data":"Wraith Form v2","floor":25.0,"key":"SMITH"},{"floor":27.0,"key":"REST"},{"floor":32.0,"key":"REST"},{"data":"Burst","floor":40.0,"key":"SMITH"},{"floor":42.0,"key":"REST"},{"floor":46,"key":"REST"},{"floor":49,"key":"RECALL"}],"circlet_count":0,"master_deck":["AscendersBane","Strike_G","Strike_G","Strike_G","Defend_G","Defend_G","Defend_G","Defend_G","Defend_G","Survivor","Neutralize+1","Blade Dance+1","Eviscerate","Noxious Fumes+1","Deflect","Accuracy","Backflip","Malaise+1","Backflip","Backstab","Deflect","PiercingWail","Wraith Form v2+1","Burst+1","Blade Dance","Cloak And Dagger+1","Malaise","PiercingWail+1","Outmaneuver+1","Good Instincts","Terror"],"relics":["Ring of the Snake","Membership Card","Happy Flower","Matryoshka","Bronze Scales","Snake Skull","Potion Belt","WristBlade","Medical Kit","InkBottle","Ninja Scroll","Meat on the Bone","Turnip","HornCleat","HoveringKite","Bird Faced Urn","CaptainsWheel","PreservedInsect","MawBank"],"acts_visited":["Exordium","TheCity","TheBeyond"],"potions_floor_usage":[45,48,50],"damage_taken":[{"damage":0.0,"enemies":"Small Slimes","floor":1.0,"turns":3.0},{"damage":1.0,"enemies":"Jaw Worm","floor":3.0,"turns":4.0},{"damage":15.0,"enemies":"3 Sentries","floor":8.0,"turns":8.0},{"damage":0.0,"enemies":"Cultist","floor":10.0,"turns":3.0},{"damage":4.0,"enemies":"Blue Slaver","floor":11.0,"turns":3.0},{"damage":29.0,"enemies":"Gremlin Nob","floor":13.0,"turns":4.0},{"damage":2.0,"enemies":"2 Fungi Beasts","floor":14.0,"turns":4.0},{"damage":23.0,"enemies":"The Guardian","floor":16.0,"turns":10.0},{"damage":16.0,"enemies":"Chosen","floor":18.0,"turns":5.0},{"damage":5.0,"enemies":"Shell Parasite","floor":22.0,"turns":5.0},{"damage":13.0,"enemies":"Slavers","floor":28.0,"turns":6.0},{"damage":1.0,"enemies":"Cultist and Chosen","floor":29.0,"turns":6.0},{"damage":24.0,"enemies":"Gremlin Leader","floor":30.0,"turns":6.0},{"damage":17.0,"enemies":"Snecko","floor":31.0,"turns":5.0},{"damage":13.0,"enemies":"Champ","floor":33.0,"turns":12.0},{"damage":0.0,"enemies":"3 Shapes","floor":35.0,"turns":6.0},{"damage":0.0,"enemies":"Orb Walker","floor":36.0,"turns":1.0},{"damage":28.0,"enemies":"Writhing Mass","floor":37.0,"turns":8.0},{"damage":0.0,"enemies":"Mind Bloom Boss Battle","floor":39.0,"turns":7.0},{"damage":6.0,"enemies":"2 Orb Walkers","floor":41.0,"turns":5.0},{"damage":43,"enemies":"Giant Head","floor":45,"turns":7},{"damage":17,"enemies":"Reptomancer","floor":47,"turns":4},{"damage":4,"enemies":"3 Darklings","floor":48,"turns":7},{"damage":52,"enemies":"Awakened One","floor":50,"turns":17}],"seed_played":"7654250745455534902","potions_obtained":[{"floor":3.0,"key":"Block Potion"},{"floor":11.0,"key":"Dexterity Potion"},{"floor":13.0,"key":"DistilledChaos"},{"floor":16.0,"key":"FearPotion"},{"floor":18.0,"key":"SkillPotion"},{"floor":30.0,"key":"Strength Potion"},{"floor":31.0,"key":"LiquidMemories"},{"floor":36.0,"key":"Poison Potion"},{"floor":37.0,"key":"EssenceOfSteel"},{"floor":47,"key":"ColorlessPotion"},{"floor":48,"key":"SpeedPotion"}],"is_trial":false,"path_per_floor":["M","?","M","$","?","T","R","E","T","M","M","R","E","M","R","B",null,"M","$","?","$","M","R","?","R","T","R","E","M","E","M","R","B",null,"M","M","M","?","?","R","?","R","T","?","E","R","E","M","R","B"],"character_chosen":"THE_SILENT","items_purchased":["Membership Card","Noxious Fumes","Backstab","Medical Kit","InkBottle"],"campfire_rested":6,"item_purchase_floors":[4,4,19,19,21],"current_hp_per_floor":[59,48,47,47,47,47,47,32,32,32,28,47,18,16,35,12,53,37,37,37,37,32,32,32,32,32,51,38,37,25,20,39,38,59,59,59,43,43,43,43,43,62,62,62,35,54,43,45,45,0,0],"gold":440,"neow_bonus":"UPGRADE_CARD","is_daily":false,"chose_seed":false,"campfire_upgraded":4,"win_rate":0.0,"timestamp":1613287847,"path_taken":["M","?","M","$","?","?","R","E","T","M","M","R","E","?","R","BOSS","M","$","?","$","M","R","?","R","T","R","E","M","E","?","R","BOSS","M","M","M","?","?","R","?","R","T","?","E","R","E","M","R","BOSS"],"items_purchased_type":["Relic","Card","Card","Relic","Relic"],"build_version":"2020-12-22","purchased_purges":1,"victory":false,"max_hp_per_floor":[66,66,66,66,66,66,66,66,66,66,66,66,66,66,66,66,66,66,66,66,66,66,66,66,66,66,66,66,66,66,66,66,66,66,66,66,66,66,66,66,66,66,66,66,66,66,66,66,66,66,66],"relic_stats":{"Happy Flower":[46],"counters":[24,146],"HoveringKite":[5],"Snake Skull":[96],"PreservedInsect":62,"Medical Kit":[4],"MawBank":36,"Bronze Scales":[392],"Bird Faced Urn":[28],"Turnip":[6],"obtain_stats":[{"Potion Belt":13,"Happy Flower":6,"HoveringKite":34,"Snake Skull":9,"PreservedInsect":45,"Medical Kit":19,"MawBank":47,"CaptainsWheel":41,"Matryoshka":8,"HornCleat":30,"WristBlade":17,"Ninja Scroll":26,"Bronze Scales":9,"Bird Faced Urn":39,"Turnip":28,"Membership Card":4,"InkBottle":21,"Ring of the Snake":0,"Meat on the Bone":26},{"Potion Belt":6,"Happy Flower":2,"HoveringKite":15,"Snake Skull":3,"PreservedInsect":21,"Medical Kit":9,"MawBank":22,"CaptainsWheel":20,"Matryoshka":3,"HornCleat":13,"WristBlade":8,"Ninja Scroll":10,"Bronze Scales":3,"Bird Faced Urn":19,"Turnip":11,"Membership Card":2,"InkBottle":9,"Ring of the Snake":0,"Meat on the Bone":10},{"Potion Belt":25,"Happy Flower":7,"HoveringKite":84,"Snake Skull":15,"PreservedInsect":118,"Medical Kit":44,"MawBank":122,"CaptainsWheel":111,"Matryoshka":15,"HornCleat":67,"WristBlade":39,"Ninja Scroll":49,"Bronze Scales":15,"Bird Faced Urn":106,"Turnip":55,"Membership Card":7,"InkBottle":44,"Ring of the Snake":0,"Meat on the Bone":49}],"InkBottle":[55],"Ring of the Snake":[48],"Meat on the Bone":60},"card_choices":[{"not_picked":["Outmaneuver","Dagger Throw"],"picked":"Blade Dance","floor":1.0},{"not_picked":["Slice","Dodge and Roll"],"picked":"Eviscerate","floor":3.0},{"not_picked":["Escape Plan","Flying Knee"],"picked":"Deflect","floor":8.0},{"not_picked":["Underhanded Strike","Finisher","Reflex"],"picked":"SKIP","floor":10.0},{"not_picked":["Grand Finale","Outmaneuver"],"picked":"Accuracy","floor":11.0},{"not_picked":["Masterful Stab","Expertise","Dagger Spray"],"picked":"SKIP","floor":13.0},{"not_picked":["Setup","Infinite Blades"],"picked":"Backflip","floor":14.0},{"not_picked":["Glass Knife","Phantasmal Killer"],"picked":"Malaise","floor":16.0},{"not_picked":["Quick Slash","Poisoned Stab"],"picked":"Backflip","floor":18.0},{"not_picked":["Dagger Throw","Die Die Die"],"picked":"Deflect","floor":22.0},{"not_picked":["Tactician","Finisher","Deadly Poison"],"picked":"SKIP","floor":28.0},{"not_picked":["Quick Slash","Sucker Punch+1","Distraction"],"picked":"SKIP","floor":29.0},{"not_picked":["Calculated Gamble","Prepared","Distraction"],"picked":"SKIP","floor":30.0},{"not_picked":["Infinite Blades","Dagger Throw","Underhanded Strike"],"picked":"SKIP","floor":31.0},{"not_picked":["Storm of Steel","Tools of the Trade"],"picked":"Burst","floor":33.0},{"not_picked":["Concentrate","Reflex+1"],"picked":"Blade Dance","floor":35.0},{"not_picked":["Dagger Spray+1","Prepared"],"picked":"Cloak And Dagger+1","floor":36.0},{"not_picked":["Blade Dance","Poisoned Stab+1"],"picked":"Malaise","floor":37.0},{"not_picked":["Outmaneuver","Cloak And Dagger"],"picked":"PiercingWail+1","floor":39.0},{"not_picked":["Riddle With Holes","Flying Knee+1"],"picked":"Outmaneuver+1","floor":41.0},{"not_picked":["Discovery","PanicButton"],"picked":"Good Instincts","floor":44.0},{"not_picked":["Deflect","Prepared"],"picked":"Terror","floor":45},{"not_picked":["Eviscerate","Backstab","Flechettes"],"picked":"SKIP","floor":47},{"not_picked":["Poisoned Stab","Quick Slash+1","Prepared"],"picked":"SKIP","floor":48}],"player_experience":3302462,"relics_obtained":[{"floor":6.0,"key":"Happy Flower"},{"floor":8.0,"key":"Matryoshka"},{"floor":9.0,"key":"Bronze Scales"},{"floor":9.0,"key":"Snake Skull"},{"floor":13.0,"key":"Potion Belt"},{"floor":26.0,"key":"Ninja Scroll"},{"floor":26.0,"key":"Meat on the Bone"},{"floor":28.0,"key":"Turnip"},{"floor":30.0,"key":"HornCleat"},{"floor":39.0,"key":"Bird Faced Urn"},{"floor":41.0,"key":"CaptainsWheel"},{"floor":45,"key":"PreservedInsect"},{"floor":47,"key":"MawBank"}],"event_choices":[{"damage_healed":0.0,"max_hp_gain":0.0,"max_hp_loss":0.0,"gold_gain":75.0,"event_name":"World of Goop","player_choice":"Gather Gold","floor":2.0,"gold_loss":0.0,"damage_taken":11.0},{"damage_healed":0.0,"max_hp_gain":0.0,"max_hp_loss":0.0,"gold_gain":0.0,"event_name":"Living Wall","player_choice":"Grow","floor":5.0,"gold_loss":0.0,"damage_taken":0.0,"cards_upgraded":["Noxious Fumes"]},{"damage_healed":0.0,"max_hp_gain":0.0,"max_hp_loss":0.0,"gold_gain":50.0,"event_name":"Nest","player_choice":"Stole From Cult","floor":20.0,"gold_loss":0.0,"damage_taken":0.0},{"damage_healed":0.0,"max_hp_gain":0.0,"max_hp_loss":0.0,"gold_gain":0.0,"event_name":"Match and Keep!","player_choice":"2 cards matched","floor":24.0,"gold_loss":0.0,"damage_taken":0.0,"cards_obtained":["PiercingWail","Wraith Form v2"]},{"cards_removed":["Strike_G"],"damage_healed":0.0,"max_hp_gain":0.0,"max_hp_loss":0.0,"gold_gain":0.0,"event_name":"Falling","player_choice":"Removed Attack","floor":38.0,"gold_loss":0.0,"damage_taken":0.0},{"damage_healed":0.0,"max_hp_gain":0.0,"max_hp_loss":0.0,"gold_gain":0.0,"event_name":"MindBloom","player_choice":"Fight","floor":39.0,"gold_loss":0.0,"damage_taken":0.0},{"damage_healed":0.0,"max_hp_gain":0.0,"max_hp_loss":0.0,"gold_gain":0.0,"event_name":"Mysterious Sphere","player_choice":"Fight","floor":41.0,"gold_loss":0.0,"damage_taken":0.0},{"damage_healed":0.0,"max_hp_gain":0.0,"max_hp_loss":0.0,"gold_gain":0.0,"event_name":"SensoryStone","player_choice":"Memory 1","floor":44.0,"gold_loss":0.0,"damage_taken":0.0}],"is_beta":false,"boss_relics":[{"not_picked":["Tiny House","Calling Bell"],"picked":"WristBlade"},{"not_picked":["Philosopher\u0027s Stone","Sozu"],"picked":"HoveringKite"}],"items_purged_floors":[19],"is_endless":false,"potions_floor_spawned":[3,11,13,16,18,30,31,36,37,47,48],"killed_by":"Awakened One","ascension_level":20}}