{"host":"hl3ams4am2ku5u4p","time":1613261670,"event":{"mods":["AchievementEnabler","Act Like it!","Aspiration","BaseMod","Beaked The Cultist","BetterRewards","CatGirl Mod","Colored Map","Colored Powertips","Conspire","Downfall","Energized Spire","Halation","Hallownest","HornydragonMod","Hubris","Infinite Spire","Mad Scientist","Magitek Elite","Minty Spire (QoL Compilation)","READ ME - Guardian Mod","Replay The Spire","Spikes Relics","StSLib","SuperFastMode","The Blackbeard","The Bug Knight","The Construct","The Disciple","The Jungle","The Mystic","The Necromancer","The Senshi"],"gold_per_floor":[116,133,133,133,133,133,147,147,174,189,199,215,215,215,215,316,316,327,346,106,106,120,120,120],"floor_reached":23,"language":"FRA","playtime":1238,"items_purged":["Strike_P"],"score":283,"play_id":"330033dd-e4bc-42d9-a9f0-7e7fc9e4d8ae","local_time":"20210214011430","is_ascension_mode":false,"campfire_choices":[{"data":"Eruption","floor":6,"key":"SMITH"},{"data":"Study","floor":8,"key":"SMITH"},{"floor":13,"key":"REST"},{"data":"TalkToTheHand","floor":15,"key":"SMITH"}],"circlet_count":0,"master_deck":["Strike_P","Strike_P","Strike_P","Defend_P","Defend_P","Defend_P","Defend_P","Eruption+1","Vigilance","Study+1","TalkToTheHand+1","ReachHeaven","Consecrate","Judgement","Replay:AtTheReady+1","CarveReality"],"relics":["PureWater","Kunai","halation:EternalFortune","SlaversCollar","infinitespire:BottledMercury"],"acts_visited":["Exordium","TheCity"],"potions_floor_usage":[16,18,18,23],"damage_taken":[{"damage":3,"enemies":"2_ Uuma","floor":1,"turns":7},{"damage":0,"enemies":"Hallownest:monsterHuskGuard","floor":2,"turns":4},{"damage":1,"enemies":"Hallownest:2_Baldur","floor":7,"turns":3},{"damage":26,"enemies":"Hallownest:Guard_and_Warrior","floor":10,"turns":6},{"damage":13,"enemies":"Hallownest:2_Tiktiks_1_Baldur_1_Crawlid","floor":11,"turns":4},{"damage":0,"enemies":"Hallownest:monsterAspidMother","floor":12,"turns":3},{"damage":8,"enemies":"Hallownest:BossBrokenVessel","floor":16,"turns":9},{"damage":10,"enemies":"Chosen","floor":18,"turns":6},{"damage":16,"enemies":"3 Byrds","floor":19,"turns":5},{"damage":35,"enemies":"Snake Plant","floor":22,"turns":5},{"damage":23,"enemies":"Book of Stabbing","floor":23,"turns":3}],"seed_played":"468610403149228027","potions_obtained":[{"floor":1,"key":"Slimebound:ThreeZeroPotion"},{"floor":2,"key":"LifebloodPotion"},{"floor":12,"key":"Block Potion"},{"floor":22,"key":"Strength Potion"}],"is_trial":false,"path_per_floor":["M","M","?","$","T","R","M","R","T","M","M","M","R","?","R","B",null,"M","M","$","?","M","E"],"character_chosen":"WATCHER","items_purchased":["Study","TalkToTheHand","Swift Potion","infinitespire:BottledMercury"],"campfire_rested":1,"item_purchase_floors":[0,0,0,20],"current_hp_per_floor":[69,69,69,69,69,69,68,68,68,42,29,29,50,53,53,48,78,71,55,55,55,20,0,0],"gold":120,"neow_bonus":"","is_daily":false,"chose_seed":false,"campfire_upgraded":3,"win_rate":0.0,"timestamp":1613261670,"path_taken":["M","M","?","?","?","R","M","R","T","M","M","?","R","?","R","BOSS","M","M","$","?","M","E"],"items_purchased_type":["Card","Card","Potion","Relic"],"build_version":"2020-12-22","purchased_purges":1,"victory":false,"max_hp_per_floor":[72,72,72,72,72,72,72,72,72,72,72,72,72,75,75,78,78,81,81,81,81,81,81,81],"card_choices":[{"not_picked":["Perseverance","SashWhip","Protect"],"picked":"SKIP","floor":1},{"not_picked":["Replay:ManipulateFuture","Weave","EmptyBody"],"picked":"SKIP","floor":2},{"not_picked":["Prostrate","Weave","Replay:Anticipation"],"picked":"SKIP","floor":7},{"not_picked":["BowlingBash","Replay:BluntJabs"],"picked":"ReachHeaven","floor":10},{"not_picked":["Perseverance","EmptyBody"],"picked":"Consecrate","floor":11},{"not_picked":["BowlingBash","Replay:ManipulateFuture","Replay:AllIn"],"picked":"SKIP","floor":12},{"not_picked":["Ragnarok","Brilliance"],"picked":"Judgement","floor":16},{"not_picked":["Replay:BluntJabs","SashWhip"],"picked":"Replay:AtTheReady+1","floor":18},{"not_picked":["Replay:AtTheReady+1","Meditate","Protect"],"picked":"SKIP","floor":19},{"not_picked":["Protect","Consecrate"],"picked":"CarveReality","floor":22}],"player_experience":68630,"relics_obtained":[{"floor":5,"key":"Kunai"},{"floor":16,"key":"halation:EternalFortune"},{"floor":18,"key":"halation:EternalFortune"}],"event_choices":[],"is_beta":false,"boss_relics":[{"not_picked":["Sandwich","halation:PlatinumPhoenix"],"picked":"SlaversCollar"}],"items_purged_floors":[0],"is_endless":false,"potions_floor_spawned":[1,2,11,12,22],"killed_by":"Book of Stabbing","ascension_level":0}}