{"host":"dcj2yvrgcvh5dl2s","time":1613267234,"event":{"mods":["BaseMod","Bestiary","Better Note","Block Reminder","Colored Powertips","Curses Come First","DeckTracker","Displayed Cursed Tome","Minty Spire (QoL Compilation)","Quick Restart","Rare Cards Sparkle","Relic Stats","StSLib"],"gold_per_floor":[113,38,38,56,56,56,68,100,125,135,168,168,168,208,208,301,301,301,301,301,301,301,301,301,301,301,301,301,301,22,22,22,22,22,22,22,0,0,0,0,0,0,0,0,0,0,0,0,0,0,0],"floor_reached":52,"language":"ENG","playtime":2949,"items_purged":[],"score":1968,"play_id":"177829cc-87d1-4dc4-955c-4c7e1de6e7a0","local_time":"20210214114714","is_ascension_mode":true,"campfire_choices":[{"floor":6,"key":"REST"},{"floor":13,"key":"REST"},{"data":"Body Slam","floor":15,"key":"SMITH"},{"floor":23,"key":"REST"},{"data":"Body Slam","floor":25,"key":"SMITH"},{"data":"Heavy Blade","floor":32,"key":"SMITH"},{"data":"Double Tap","floor":40,"key":"SMITH"},{"data":"Apotheosis","floor":44,"key":"SMITH"},{"data":"Limit Break","floor":49,"key":"SMITH"}],"circlet_count":0,"master_deck":["AscendersBane","Strike_R","Strike_R","Strike_R","Defend_R","Defend_R","Defend_R","Bash","Immolate","Thunderclap","Body Slam+1","Inflame","Reaper","Flex","Body Slam+1","Limit Break+1","Shrug It Off","Necronomicurse","Shrug It Off+1","Reaper","Disarm","Shrug It Off","Shrug It Off+1","Heavy Blade+1","Flex","Double Tap+1","Swift Strike","Bandage Up","Apotheosis+1","Inflame","True Grit+1","Shockwave","Heavy Blade+1"],"relics":["Burning Blood","Lantern","Boot","FossilizedHelix","Golden Idol","White Beast Statue","Ectoplasm","Necronomicon","Kunai","StoneCalendar","Sundial","Orichalcum","Akabeko","SlaversCollar","Red Mask","Question Card","Blood Vial","HornCleat","Mercury Hourglass","Darkstone Periapt"],"acts_visited":["Exordium","TheCity","TheBeyond"],"potions_floor_usage":[14,16,33,33,33,33,42,45,50,51],"damage_taken":[{"damage":0,"enemies":"2 Louse","floor":1,"turns":1},{"damage":12,"enemies":"Jaw Worm","floor":4,"turns":3},{"damage":0,"enemies":"Small Slimes","floor":7,"turns":2},{"damage":30,"enemies":"3 Sentries","floor":8,"turns":4},{"damage":0,"enemies":"3 Louse","floor":10,"turns":1},{"damage":32,"enemies":"Gremlin Nob","floor":11,"turns":4},{"damage":0,"enemies":"Lagavulin","floor":14,"turns":4},{"damage":78,"enemies":"The Guardian","floor":16,"turns":13},{"damage":34,"enemies":"3 Byrds","floor":18,"turns":4},{"damage":9,"enemies":"Shell Parasite","floor":20,"turns":3},{"damage":5,"enemies":"Centurion and Healer","floor":22,"turns":3},{"damage":15,"enemies":"Slavers","floor":24,"turns":3},{"damage":33,"enemies":"Gremlin Leader","floor":27,"turns":5},{"damage":5,"enemies":"Cultist and Chosen","floor":28,"turns":5},{"damage":17,"enemies":"Snecko","floor":29,"turns":5},{"damage":27,"enemies":"Book of Stabbing","floor":31,"turns":5},{"damage":60,"enemies":"Champ","floor":33,"turns":10},{"damage":24,"enemies":"3 Darklings","floor":35,"turns":5},{"damage":0,"enemies":"Orb Walker","floor":39,"turns":3},{"damage":50,"enemies":"4 Shapes","floor":41,"turns":7},{"damage":9,"enemies":"Giant Head","floor":42,"turns":6},{"damage":26,"enemies":"Reptomancer","floor":45,"turns":6},{"damage":44,"enemies":"Donu and Deca","floor":50,"turns":8},{"damage":69,"enemies":"Time Eater","floor":51,"turns":7}],"seed_played":"1049815730462999937","potions_obtained":[{"floor":4,"key":"Fire Potion"},{"floor":11,"key":"FairyPotion"},{"floor":14,"key":"Dexterity Potion"},{"floor":16,"key":"FearPotion"},{"floor":18,"key":"DuplicationPotion"},{"floor":20,"key":"BlessingOfTheForge"},{"floor":27,"key":"Regen Potion"},{"floor":31,"key":"EntropicBrew"},{"floor":33,"key":"Energy Potion"},{"floor":35,"key":"DuplicationPotion"},{"floor":39,"key":"DistilledChaos"},{"floor":42,"key":"Dexterity Potion"},{"floor":45,"key":"BloodPotion"}],"is_trial":false,"path_per_floor":["M","?","?","M","$","R","M","E","T","M","E","?","R","E","R","B",null,"M","?","M","?","M","R","E","R","T","E","M","M","$","E","R","B",null,"M","?","?","?","M","R","M","E","T","R","E","?","?","T","R","B","B",null],"character_chosen":"IRONCLAD","items_purchased":["Heavy Blade","Flex","Orichalcum"],"campfire_rested":3,"item_purchase_floors":[30,30,30],"current_hp_per_floor":[56,56,49,43,43,65,71,47,47,53,33,33,53,59,59,16,55,37,16,26,26,39,59,66,66,66,51,68,57,57,61,61,44,62,44,34,34,34,64,64,56,68,68,68,68,68,65,65,65,65,45],"gold":0,"neow_bonus":"THREE_RARE_CARDS","is_daily":false,"chose_seed":false,"campfire_upgraded":6,"win_rate":0.0,"timestamp":1613267234,"path_taken":["M","?","?","M","$","R","M","E","T","M","E","?","R","E","R","BOSS","M","?","M","?","M","R","E","R","T","E","?","M","$","E","R","BOSS","M","?","?","?","M","R","?","E","T","R","E","?","?","?","R","BOSS","BOSS"],"items_purchased_type":["Card","Card","Relic"],"build_version":"2020-12-22","purchased_purges":0,"victory":true,"max_hp_per_floor":[75,75,75,75,75,75,75,75,75,75,75,68,68,68,68,68,68,68,68,68,68,68,68,68,68,68,68,68,68,68,68,68,68,68,68,68,68,68,68,68,68,68,68,68,68,68,65,65,65,65,65],"relic_stats":{"Darkstone Periapt":0,"counters":[24,117],"Golden Idol":155,"StoneCalendar":[144],"Orichalcum":[90],"Boot":[43],"Question Card":4,"Burning Blood":130,"Mercury Hourglass":[29],"Blood Vial":0,"Sundial":[6],"Ectoplasm":441,"Necronomicon":[53],"Kunai":[32],"obtain_stats":[{"Darkstone Periapt":48,"Lantern":8,"Golden Idol":12,"StoneCalendar":26,"Orichalcum":30,"Boot":9,"Question Card":38,"Burning Blood":0,"White Beast Statue":14,"Akabeko":31,"Mercury Hourglass":45,"Blood Vial":42,"SlaversCollar":34,"HornCleat":43,"Sundial":27,"Ectoplasm":17,"Necronomicon":19,"Red Mask":37,"Kunai":24,"FossilizedHelix":11},{"Darkstone Periapt":22,"Lantern":4,"Golden Idol":6,"StoneCalendar":12,"Orichalcum":15,"Boot":4,"Question Card":18,"Burning Blood":0,"White Beast Statue":7,"Akabeko":16,"Mercury Hourglass":22,"Blood Vial":21,"SlaversCollar":17,"HornCleat":21,"Sundial":13,"Ectoplasm":8,"Necronomicon":9,"Red Mask":18,"Kunai":12,"FossilizedHelix":6},{"Darkstone Periapt":102,"Lantern":10,"Golden Idol":15,"StoneCalendar":45,"Orichalcum":60,"Boot":10,"Question Card":80,"Burning Blood":0,"White Beast Statue":19,"Akabeko":65,"Mercury Hourglass":102,"Blood Vial":96,"SlaversCollar":75,"HornCleat":96,"Sundial":50,"Ectoplasm":32,"Necronomicon":36,"Red Mask":80,"Kunai":45,"FossilizedHelix":15}]},"card_choices":[{"not_picked":["Impervious","Juggernaut"],"picked":"Immolate","floor":0},{"not_picked":["Warcry","Dual Wield"],"picked":"Thunderclap","floor":1},{"not_picked":["Headbutt","Sword Boomerang"],"picked":"Body Slam","floor":4},{"not_picked":["Searing Blow","Clash","Spot Weakness"],"picked":"SKIP","floor":7},{"not_picked":["Combust","Perfected Strike"],"picked":"Inflame","floor":8},{"not_picked":["Rampage","Anger"],"picked":"Reaper","floor":10},{"not_picked":["Perfected Strike","Pommel Strike"],"picked":"Flex","floor":11},{"not_picked":["True Grit","Inflame"],"picked":"Body Slam","floor":14},{"not_picked":["Corruption","Berserk"],"picked":"Limit Break","floor":16},{"not_picked":["Searing Blow","Bloodletting"],"picked":"Shrug It Off","floor":18},{"not_picked":["Sentinel","Anger"],"picked":"Shrug It Off+1","floor":20},{"not_picked":["Havoc","Combust+1","Warcry"],"picked":"SKIP","floor":22},{"not_picked":["Pommel Strike","Fiend Fire"],"picked":"Disarm","floor":24},{"not_picked":["Dual Wield","Wild Strike","Anger"],"picked":"SKIP","floor":27},{"not_picked":["Burning Pact","Hemokinesis+1"],"picked":"Shrug It Off","floor":28},{"not_picked":["Thunderclap","Twin Strike"],"picked":"Shrug It Off+1","floor":29},{"not_picked":["Wild Strike+1","Headbutt+1","Thunderclap"],"picked":"SKIP","floor":31},{"not_picked":["Exhume","Immolate"],"picked":"Double Tap","floor":33},{"not_picked":["Perfected Strike","Dual Wield","Hemokinesis"],"picked":"SKIP","floor":35},{"not_picked":["Mind Blast","Impatience"],"picked":"Swift Strike","floor":36},{"not_picked":["Magnetism","Good Instincts"],"picked":"Bandage Up","floor":36},{"not_picked":["Magnetism","Finesse"],"picked":"Apotheosis","floor":36},{"not_picked":["Warcry","Fire Breathing","Thunderclap"],"picked":"Inflame","floor":39},{"not_picked":["Shrug It Off","Seeing Red","Sword Boomerang"],"picked":"True Grit+1","floor":41},{"not_picked":["Headbutt","Spot Weakness","Burning Pact"],"picked":"Shockwave","floor":42},{"not_picked":["Headbutt+1","Body Slam","Wild Strike"],"picked":"Heavy Blade+1","floor":45}],"player_experience":2398957,"relics_obtained":[{"floor":8,"key":"Lantern"},{"floor":9,"key":"Boot"},{"floor":11,"key":"FossilizedHelix"},{"floor":14,"key":"White Beast Statue"},{"floor":24,"key":"Kunai"},{"floor":26,"key":"StoneCalendar"},{"floor":27,"key":"Sundial"},{"floor":31,"key":"Akabeko"},{"floor":42,"key":"Blood Vial"},{"floor":43,"key":"HornCleat"},{"floor":45,"key":"Mercury Hourglass"},{"floor":48,"key":"Darkstone Periapt"}],"event_choices":[{"cards_removed":["Strike_R"],"damage_healed":0,"gold_gain":0,"player_choice":"Card Removal","damage_taken":0,"max_hp_gain":0,"max_hp_loss":0,"event_name":"The Cleric","floor":2,"gold_loss":75},{"cards_removed":["Strike_R"],"damage_healed":0,"gold_gain":0,"player_choice":"Card Removal","damage_taken":7,"max_hp_gain":0,"max_hp_loss":0,"event_name":"Golden Wing","floor":3,"gold_loss":0},{"damage_healed":0,"gold_gain":0,"player_choice":"Lose Max HP","damage_taken":0,"relics_obtained":["Golden Idol"],"max_hp_gain":0,"max_hp_loss":7,"event_name":"Golden Idol","floor":12,"gold_loss":0},{"damage_healed":0,"gold_gain":0,"player_choice":"Obtained Book","damage_taken":21,"max_hp_gain":0,"max_hp_loss":0,"event_name":"Cursed Tome","floor":19,"gold_loss":0},{"damage_healed":0,"gold_gain":0,"player_choice":"Copied","damage_taken":0,"max_hp_gain":0,"max_hp_loss":0,"event_name":"Duplicator","floor":21,"gold_loss":0,"cards_obtained":["Reaper"]},{"damage_healed":0,"gold_gain":0,"player_choice":"Memory 3","damage_taken":10,"max_hp_gain":0,"max_hp_loss":0,"event_name":"SensoryStone","floor":36,"gold_loss":0},{"damage_healed":0,"gold_gain":0,"player_choice":"Paid","damage_taken":0,"relics_obtained":["Red Mask"],"max_hp_gain":0,"max_hp_loss":0,"event_name":"Tomb of Lord Red Mask","floor":37,"gold_loss":22},{"damage_healed":0,"gold_gain":0,"player_choice":"Gave Potion","damage_taken":0,"relics_obtained":["Question Card"],"max_hp_gain":0,"max_hp_loss":0,"event_name":"WeMeetAgain","floor":38,"gold_loss":0},{"cards_removed":["Defend_R"],"damage_healed":0,"gold_gain":0,"player_choice":"Removed Skill","damage_taken":0,"max_hp_gain":0,"max_hp_loss":0,"event_name":"Falling","floor":46,"gold_loss":0},{"damage_healed":0,"gold_gain":0,"player_choice":"Max HP","damage_taken":0,"max_hp_gain":0,"max_hp_loss":3,"event_name":"Winding Halls","floor":47,"gold_loss":0}],"is_beta":false,"boss_relics":[{"not_picked":["Pandora\u0027s Box","Runic Dome"],"picked":"Ectoplasm"},{"not_picked":["Runic Cube","Tiny House"],"picked":"SlaversCollar"}],"items_purged_floors":[],"is_endless":false,"potions_floor_spawned":[4,11,14,16,18,20,22,24,27,28,29,31,33,35,39,41,42,45],"ascension_level":20}}