{"host":"dcj2yvrgcvh5dl2s","time":1613263433,"event":{"mods":["BaseMod","Bestiary","Better Note","Block Reminder","Colored Powertips","Curses Come First","DeckTracker","Displayed Cursed Tome","Minty Spire (QoL Compilation)","Quick Restart","Rare Cards Sparkle","Relic Stats","StSLib"],"gold_per_floor":[117,129,140,65,80,113,113,125,173,10,31,31,31,58,58,163,190,213,0,0,16,36,36,67,67,67,67,67],"floor_reached":27,"language":"ENG","playtime":1434,"items_purged":["Strike_R"],"score":470,"play_id":"e7c1c714-0361-4f4a-8757-ba7b2aa4786d","local_time":"20210214104353","is_ascension_mode":true,"campfire_choices":[{"data":"Body Slam","floor":7.0,"key":"SMITH"},{"floor":13.0,"key":"REST"},{"floor":15.0,"key":"REST"},{"floor":23,"key":"REST"},{"floor":25,"key":"REST"}],"circlet_count":0,"master_deck":["AscendersBane","Strike_R","Defend_R","Defend_R","Defend_R","Defend_R","Bash","Disarm","Thunderclap","Infernal Blade","Body Slam+1","Entrench","Shrug It Off","Flex","Shrug It Off","Offering","Exhume+1","Carnage+1","Evolve+1"],"relics":["Burning Blood","NeowsBlessing","StrikeDummy","CeramicFish","ClockworkSouvenir","Bloody Idol","Astrolabe","Singing Bowl","WingedGreaves"],"acts_visited":["Exordium","TheCity"],"potions_floor_usage":[24,24],"damage_taken":[{"damage":0.0,"enemies":"Cultist","floor":1.0,"turns":1.0},{"damage":0.0,"enemies":"Jaw Worm","floor":2.0,"turns":1.0},{"damage":0.0,"enemies":"2 Louse","floor":3.0,"turns":1.0},{"damage":12.0,"enemies":"Looter","floor":5.0,"turns":3.0},{"damage":50.0,"enemies":"3 Sentries","floor":6.0,"turns":11.0},{"damage":4.0,"enemies":"2 Fungi Beasts","floor":8.0,"turns":4.0},{"damage":18.0,"enemies":"Large Slime","floor":11.0,"turns":5.0},{"damage":15.0,"enemies":"Exordium Wildlife","floor":14.0,"turns":4.0},{"damage":51.0,"enemies":"The Guardian","floor":16.0,"turns":11.0},{"damage":29.0,"enemies":"2 Thieves","floor":18.0,"turns":3.0},{"damage":25,"enemies":"Spheric Guardian","floor":21,"turns":4},{"damage":8,"enemies":"Snecko","floor":22,"turns":7},{"damage":25,"enemies":"Slavers","floor":24,"turns":6},{"damage":58,"enemies":"Gremlin Leader","floor":27,"turns":7}],"seed_played":"-1185248637770633534","potions_obtained":[{"floor":1.0,"key":"SteroidPotion"},{"floor":5.0,"key":"CultistPotion"},{"floor":6.0,"key":"BloodPotion"},{"floor":14.0,"key":"Swift Potion"},{"floor":18.0,"key":"FearPotion"},{"floor":22,"key":"BlessingOfTheForge"}],"is_trial":false,"path_per_floor":["M","M","M","$","M","E","R","M","T","$","M","?","R","M","R","B",null,"M","?","?","M","M","R","E","R","T","E"],"character_chosen":"IRONCLAD","items_purchased":["ClockworkSouvenir"],"campfire_rested":4,"item_purchase_floors":[10],"current_hp_per_floor":[74,75,75,75,69,40,40,42,42,42,30,30,50,41,61,16,55,32,32,32,18,21,41,29,50,50,0,0],"gold":67,"neow_bonus":"THREE_ENEMY_KILL","is_daily":false,"chose_seed":false,"campfire_upgraded":1,"win_rate":0.0,"timestamp":1613263433,"path_taken":["M","M","M","$","M","E","R","M","T","$","?","?","R","M","R","BOSS","M","?","?","M","M","R","E","R","T","E"],"items_purchased_type":["Relic"],"build_version":"2020-12-22","purchased_purges":1,"victory":false,"max_hp_per_floor":[75,75,75,75,75,75,75,75,75,75,75,68,68,68,68,68,68,68,68,68,68,68,68,70,70,70,70,70],"relic_stats":{"Singing Bowl":2,"counters":[14,68],"CeramicFish":54,"Bloody Idol":15,"Astrolabe":["Exhume","Carnage","Evolve"],"obtain_stats":[{"NeowsBlessing":0,"Singing Bowl":24,"Golden Idol":12,"CeramicFish":9,"Astrolabe":17,"Bloody Idol":20,"WingedGreaves":26,"StrikeDummy":6,"Burning Blood":0,"ClockworkSouvenir":10},{"NeowsBlessing":0,"Singing Bowl":13,"Golden Idol":7,"CeramicFish":6,"Astrolabe":9,"Bloody Idol":10,"WingedGreaves":13,"StrikeDummy":5,"Burning Blood":0,"ClockworkSouvenir":6},{"NeowsBlessing":0,"Singing Bowl":61,"Golden Idol":26,"CeramicFish":21,"Astrolabe":41,"Bloody Idol":44,"WingedGreaves":61,"StrikeDummy":17,"Burning Blood":0,"ClockworkSouvenir":21}],"Burning Blood":67},"card_choices":[{"not_picked":["Clothesline","Iron Wave"],"picked":"Disarm","floor":1.0},{"not_picked":["Pommel Strike","Spot Weakness"],"picked":"Thunderclap","floor":2.0},{"not_picked":["Rage","Bloodletting"],"picked":"Infernal Blade","floor":3.0},{"not_picked":["Cleave","Feed"],"picked":"Body Slam","floor":5.0},{"not_picked":["Burning Pact","Sentinel"],"picked":"Entrench","floor":6.0},{"not_picked":["Wild Strike","Combust"],"picked":"Shrug It Off","floor":8.0},{"not_picked":["Disarm","Anger"],"picked":"Flex","floor":11.0},{"not_picked":["Second Wind","True Grit"],"picked":"Shrug It Off","floor":14.0},{"not_picked":["Feed","Exhume"],"picked":"Offering","floor":16.0},{"not_picked":["Perfected Strike","Havoc","Anger"],"picked":"SKIP","floor":18.0},{"not_picked":["Evolve","Clash","Wild Strike"],"picked":"SKIP","floor":21},{"not_picked":["True Grit","Rage","Second Wind"],"picked":"SKIP","floor":22},{"not_picked":["Anger","Dark Embrace","Warcry"],"picked":"Singing Bowl","floor":24}],"player_experience":2398957,"relics_obtained":[{"floor":6.0,"key":"StrikeDummy"},{"floor":9.0,"key":"CeramicFish"},{"floor":24,"key":"Singing Bowl"},{"floor":26,"key":"WingedGreaves"}],"event_choices":[{"damage_healed":0.0,"max_hp_gain":0.0,"max_hp_loss":7.0,"gold_gain":0.0,"event_name":"Golden Idol","player_choice":"Lose Max HP","floor":12.0,"gold_loss":0.0,"damage_taken":0.0,"relics_obtained":["Golden Idol"]},{"damage_healed":0,"gold_gain":0,"player_choice":"Paid Fearfully","damage_taken":0,"max_hp_gain":0,"max_hp_loss":0,"event_name":"Masked Bandits","floor":19,"gold_loss":213},{"damage_healed":0,"gold_gain":0,"player_choice":"Gave Idol","damage_taken":0,"relics_obtained":["Bloody Idol"],"max_hp_gain":0,"max_hp_loss":0,"event_name":"Forgotten Altar","floor":20,"relics_lost":["Golden Idol"],"gold_loss":0}],"is_beta":false,"boss_relics":[{"not_picked":["Mark of Pain","Velvet Choker"],"picked":"Astrolabe"}],"items_purged_floors":[4],"is_endless":false,"potions_floor_spawned":[1,5,6,14,18,22],"killed_by":"Gremlin Leader","ascension_level":20}}