{"host":"jwbw4f4imxd0v0b0","time":1613343690,"event":{"mods":["BaseMod","Colored Map","Highlight Path","Minty Spire (QoL Compilation)","Relic Stats","StSLib"],"gold_per_floor":[361,361,1,20,30,30,63,63,115,165,165,185,220,50,50,129,129,141,181,181,38,38,38,72,72,72,82,82,100,133,133,133,242,242,260,260,260,86,106,106,141,141,141,141,157,157,7,18,18,18],"floor_reached":51,"language":"ENG","playtime":2570,"items_purged":["Parasite","Strike_P","Strike_P","Writhe"],"score":1374,"play_id":"ff4304ea-edbf-49c1-9aa0-127bbff885ca","local_time":"20210214170130","is_ascension_mode":true,"campfire_choices":[{"data":"Apotheosis","floor":6.0,"key":"SMITH"},{"data":"ForeignInfluence","floor":8.0,"key":"SMITH"},{"data":"Ragnarok","floor":15.0,"key":"SMITH"},{"floor":23.0,"key":"REST"},{"floor":28.0,"key":"REST"},{"floor":32.0,"key":"REST"},{"data":"Fasting2","floor":40.0,"key":"SMITH"},{"data":"Wish","floor":42.0,"key":"SMITH"},{"data":"1","floor":49.0,"key":"LIFT"}],"circlet_count":0,"master_deck":["AscendersBane","Strike_P","Strike_P","Defend_P","Defend_P","Defend_P","Defend_P","Eruption","Vigilance","Apotheosis+1","ThirdEye","CarveReality","ForeignInfluence+1","Establishment","Adaptation","Halt","Ragnarok+1","Tantrum","Wish+1","MentalFortress","MentalFortress","Fasting2+1","WaveOfTheHand+1","DeusExMachina","Blasphemy","EmptyBody","ClearTheMind+1","FearNoEvil+1","Doubt","Halt+1"],"relics":["PureWater","Art of War","Damaru","Nunchaku","CaptainsWheel","Mummified Hand","Girya","SacredBark","Nilry\u0027s Codex","ClockworkSouvenir","Strawberry","Bronze Scales","Coffee Dripper","Frozen Egg 2","Toxic Egg 2"],"acts_visited":["Exordium","TheCity","TheBeyond"],"potions_floor_usage":[50,50],"damage_taken":[{"damage":12.0,"enemies":"Jaw Worm","floor":1.0,"turns":8.0},{"damage":4.0,"enemies":"2 Louse","floor":4.0,"turns":3.0},{"damage":3.0,"enemies":"Small Slimes","floor":5.0,"turns":2.0},{"damage":0.0,"enemies":"Gremlin Nob","floor":7.0,"turns":2.0},{"damage":0.0,"enemies":"Lagavulin","floor":10.0,"turns":4.0},{"damage":1.0,"enemies":"Blue Slaver","floor":12.0,"turns":3.0},{"damage":0.0,"enemies":"3 Sentries","floor":13.0,"turns":3.0},{"damage":10.0,"enemies":"Hexaghost","floor":16.0,"turns":5.0},{"damage":0.0,"enemies":"Spheric Guardian","floor":18.0,"turns":1.0},{"damage":5.0,"enemies":"3 Byrds","floor":19.0,"turns":4.0},{"damage":45.0,"enemies":"Gremlin Leader","floor":24.0,"turns":6.0},{"damage":0.0,"enemies":"Snake Plant","floor":27.0,"turns":4.0},{"damage":0.0,"enemies":"Snecko","floor":29.0,"turns":5.0},{"damage":17.0,"enemies":"Book of Stabbing","floor":30.0,"turns":5.0},{"damage":44.0,"enemies":"Champ","floor":33.0,"turns":8.0},{"damage":4.0,"enemies":"Orb Walker","floor":35.0,"turns":3.0},{"damage":0.0,"enemies":"3 Shapes","floor":39.0,"turns":2.0},{"damage":26.0,"enemies":"Reptomancer","floor":41.0,"turns":7.0},{"damage":18.0,"enemies":"Writhing Mass","floor":45.0,"turns":4.0},{"damage":8.0,"enemies":"Spire Growth","floor":48.0,"turns":5.0},{"damage":34,"enemies":"Donu and Deca","floor":50,"turns":6}],"seed_played":"-5748031747014969222","potions_obtained":[{"floor":5.0,"key":"FearPotion"},{"floor":7.0,"key":"Strength Potion"},{"floor":12.0,"key":"StancePotion"},{"floor":19.0,"key":"EntropicBrew"},{"floor":29.0,"key":"SteroidPotion"},{"floor":33.0,"key":"Strength Potion"}],"is_trial":false,"path_per_floor":["M","?","$","M","M","R","E","R","T","E","T","M","E","$","R","B",null,"M","M","?","$","?","R","E","?","T","M","R","M","E","?","R","B",null,"M","?","?","$","M","R","E","R","T","?","M","?","$","M","R","B",null],"character_chosen":"WATCHER","items_purchased":["Apotheosis","ThirdEye","CarveReality","Tantrum","ClockworkSouvenir","EmptyBody"],"campfire_rested":3,"item_purchase_floors":[3,3,3,14,21,38],"current_hp_per_floor":[49,37,37,33,30,30,30,30,30,30,30,29,29,29,29,19,54,54,49,33,33,33,52,7,7,14,14,35,35,18,42,63,19,59,55,55,55,55,55,55,29,29,29,72,54,72,72,64,64,30],"gold":18,"neow_bonus":"TWO_FIFTY_GOLD","is_daily":false,"chose_seed":false,"campfire_upgraded":5,"win_rate":0.0,"timestamp":1613343690,"path_taken":["M","?","$","M","M","R","E","R","T","E","?","M","E","$","R","BOSS","M","M","?","$","?","R","E","?","T","M","R","?","E","?","R","BOSS","M","?","?","$","M","R","E","R","T","?","M","?","?","M","R","BOSS"],"items_purchased_type":["Card","Card","Card","Card","Relic","Card"],"build_version":"2020-12-22","purchased_purges":4,"victory":true,"max_hp_per_floor":[68,68,65,65,65,65,65,65,65,65,65,65,65,65,65,65,65,65,65,65,65,65,65,65,65,72,72,72,72,72,72,72,72,72,72,72,72,72,72,72,72,72,72,72,72,72,72,72,72,72],"relic_stats":{"Nunchaku":[12],"counters":[21,90],"Mummified Hand":[62],"Bronze Scales":[66],"Art of War":[11],"obtain_stats":[{"Girya":13,"Nilry\u0027s Codex":20,"SacredBark":17,"Damaru":7,"Frozen Egg 2":41,"ClockworkSouvenir":21,"Nunchaku":9,"CaptainsWheel":10,"Mummified Hand":11,"Strawberry":26,"Bronze Scales":30,"Art of War":2,"Coffee Dripper":34,"PureWater":0,"Toxic Egg 2":43},{"Girya":7,"Nilry\u0027s Codex":10,"SacredBark":8,"Damaru":4,"Frozen Egg 2":18,"ClockworkSouvenir":10,"Nunchaku":4,"CaptainsWheel":5,"Mummified Hand":5,"Strawberry":11,"Bronze Scales":14,"Art of War":1,"Coffee Dripper":15,"PureWater":0,"Toxic Egg 2":18},{"Girya":25,"Nilry\u0027s Codex":35,"SacredBark":30,"Damaru":15,"Frozen Egg 2":75,"ClockworkSouvenir":35,"Nunchaku":15,"CaptainsWheel":19,"Mummified Hand":19,"Strawberry":41,"Bronze Scales":55,"Art of War":8,"Coffee Dripper":63,"PureWater":0,"Toxic Egg 2":75}]},"card_choices":[{"not_picked":["EmptyMind","FlyingSleeves"],"picked":"FearNoEvil","floor":1.0},{"not_picked":["ThirdEye","FlyingSleeves"],"picked":"ForeignInfluence","floor":4.0},{"not_picked":["Prostrate","CrushJoints"],"picked":"Establishment","floor":5.0},{"not_picked":["ThirdEye","FlyingSleeves","DeceiveReality"],"picked":"SKIP","floor":7.0},{"not_picked":["Scrawl","JustLucky"],"picked":"Adaptation","floor":10.0},{"not_picked":["Vengeance","InnerPeace"],"picked":"Halt","floor":12.0},{"not_picked":["SignatureMove","Prostrate"],"picked":"Ragnarok","floor":13.0},{"not_picked":["Omniscience","Judgement"],"picked":"Wish","floor":16.0},{"not_picked":["LikeWater","CrushJoints"],"picked":"MentalFortress","floor":18.0},{"not_picked":["CutThroughFate+1","Prostrate"],"picked":"MentalFortress","floor":19.0},{"not_picked":["ThirdEye","PathToVictory","Study"],"picked":"SKIP","floor":24.0},{"not_picked":["Indignation","Weave"],"picked":"Fasting2","floor":27.0},{"not_picked":["Prostrate","FlyingSleeves"],"picked":"WaveOfTheHand+1","floor":29.0},{"not_picked":["JustLucky","FollowUp"],"picked":"DeusExMachina","floor":30.0},{"not_picked":["Vault","DeusExMachina"],"picked":"Blasphemy","floor":33.0},{"not_picked":["WreathOfFlame","ClearTheMind","Prostrate"],"picked":"SKIP","floor":35.0},{"not_picked":["SashWhip","Crescendo"],"picked":"ClearTheMind+1","floor":39.0},{"not_picked":["Nirvana+1","BowlingBash"],"picked":"FearNoEvil+1","floor":41.0},{"not_picked":["SignatureMove","CrushJoints","SandsOfTime"],"picked":"SKIP","floor":45.0},{"not_picked":["Consecrate","ClearTheMind+1"],"picked":"Halt+1","floor":48.0}],"player_experience":1279016,"relics_obtained":[{"floor":7.0,"key":"Damaru"},{"floor":9.0,"key":"Nunchaku"},{"floor":10.0,"key":"CaptainsWheel"},{"floor":11.0,"key":"Mummified Hand"},{"floor":13.0,"key":"Girya"},{"floor":20.0,"key":"Nilry\u0027s Codex"},{"floor":26.0,"key":"Strawberry"},{"floor":30.0,"key":"Bronze Scales"},{"floor":41.0,"key":"Frozen Egg 2"},{"floor":43.0,"key":"Toxic Egg 2"}],"event_choices":[{"damage_healed":0.0,"max_hp_gain":0.0,"max_hp_loss":0.0,"gold_gain":0.0,"event_name":"Scrap Ooze","player_choice":"Success","floor":2.0,"gold_loss":0.0,"damage_taken":12.0,"relics_obtained":["Art of War"]},{"damage_healed":0.0,"max_hp_gain":0.0,"max_hp_loss":0.0,"gold_gain":0.0,"event_name":"Cursed Tome","player_choice":"Obtained Book","floor":20.0,"gold_loss":0.0,"damage_taken":16.0},{"damage_healed":0.0,"max_hp_gain":0.0,"max_hp_loss":0.0,"gold_gain":0.0,"event_name":"Vampires","player_choice":"Ignored","floor":25.0,"gold_loss":0.0,"damage_taken":0.0},{"damage_healed":24.0,"max_hp_gain":0.0,"max_hp_loss":0.0,"gold_gain":0.0,"event_name":"The Library","player_choice":"Heal","floor":31.0,"gold_loss":0.0,"damage_taken":0.0},{"damage_healed":0.0,"max_hp_gain":0.0,"max_hp_loss":0.0,"gold_gain":0.0,"event_name":"Mysterious Sphere","player_choice":"Ignored","floor":36.0,"gold_loss":0.0,"damage_taken":0.0},{"cards_removed":["FearNoEvil"],"damage_healed":0.0,"max_hp_gain":0.0,"max_hp_loss":0.0,"gold_gain":0.0,"event_name":"Falling","player_choice":"Removed Attack","floor":37.0,"gold_loss":0.0,"damage_taken":0.0},{"damage_healed":43.0,"max_hp_gain":0.0,"max_hp_loss":0.0,"gold_gain":0.0,"event_name":"MindBloom","player_choice":"Heal","floor":44.0,"gold_loss":0.0,"damage_taken":0.0,"cards_obtained":["Doubt"]},{"damage_healed":18.0,"max_hp_gain":0.0,"max_hp_loss":0.0,"gold_gain":0.0,"event_name":"Winding Halls","player_choice":"Writhe","floor":46.0,"gold_loss":0.0,"damage_taken":0.0,"cards_obtained":["Writhe"]}],"is_beta":false,"boss_relics":[{"not_picked":["Empty Cage","Ectoplasm"],"picked":"SacredBark"},{"not_picked":["Tiny House","Calling Bell"],"picked":"Coffee Dripper"}],"items_purged_floors":[3,14,38,47],"is_endless":false,"potions_floor_spawned":[5,7,12,16,19,29,33,41,45],"ascension_level":14}}