{"host":"5h6e4l6hpn0p5lap","time":1613332131,"event":{"mods":["AchievementEnabler","BaseMod","Better Altar","Better Match","Better Sensory Stone","Better Skull","Better Third Choice","Colored Map","Filter the Spire","Minty Spire (QoL Compilation)","StSLib"],"gold_per_floor":[110,185,198,259,272,303,10,20,67,79,79,94,110,10,10,115,115,130,148,148,148],"floor_reached":20,"language":"ENG","playtime":1097,"items_purged":["Strike_B","Strike_B"],"score":249,"play_id":"7dac4fed-cd28-47fe-8147-30e1aba3044d","local_time":"20210214144851","is_ascension_mode":true,"campfire_choices":[{"floor":11,"key":"REST"},{"data":"Zap","floor":15,"key":"SMITH"}],"circlet_count":0,"master_deck":["Strike_B","Defend_B","Defend_B","Defend_B","Zap+1","Dualcast","Melter","Leap","Ball Lightning","Capacitor","Doom and Gloom","Tempest","Electrodynamics","Coolheaded","BootSequence","Amplify","Barrage+1"],"relics":["Cursed Key","Mummified Hand","Omamori","Tiny Chest","Empty Cage"],"acts_visited":["Exordium","TheCity"],"potions_floor_usage":[6,19],"damage_taken":[{"damage":2,"enemies":"Jaw Worm","floor":1,"turns":3},{"damage":3,"enemies":"2 Louse","floor":3,"turns":3},{"damage":5,"enemies":"Small Slimes","floor":5,"turns":3},{"damage":6,"enemies":"Gremlin Nob","floor":6,"turns":4},{"damage":0,"enemies":"Blue Slaver","floor":8,"turns":3},{"damage":10,"enemies":"Large Slime","floor":10,"turns":5},{"damage":3,"enemies":"3 Louse","floor":12,"turns":2},{"damage":10,"enemies":"Red Slaver","floor":13,"turns":4},{"damage":9,"enemies":"Hexaghost","floor":16,"turns":9},{"damage":7,"enemies":"Chosen","floor":18,"turns":4},{"damage":23,"enemies":"3 Byrds","floor":19,"turns":3},{"damage":40,"enemies":"Snecko","floor":20,"turns":5}],"seed_played":"-4167911639687942257","potions_obtained":[{"floor":1,"key":"BlessingOfTheForge"},{"floor":6,"key":"LiquidBronze"},{"floor":13,"key":"SpeedPotion"},{"floor":16,"key":"SpeedPotion"},{"floor":18,"key":"BlessingOfTheForge"}],"is_trial":false,"path_per_floor":["M","?","M","?","M","E","$","M","T","M","R","M","M","$","R","B",null,"M","M","M"],"character_chosen":"DEFECT","items_purchased":["Omamori","Doom and Gloom"],"campfire_rested":1,"item_purchase_floors":[7,7],"current_hp_per_floor":[66,55,52,52,47,41,41,41,41,31,53,50,40,40,40,31,64,57,34,0,0],"gold":148,"neow_bonus":"BOSS_RELIC","is_daily":false,"chose_seed":false,"campfire_upgraded":1,"win_rate":0.0,"timestamp":1613332131,"path_taken":["M","?","M","?","M","E","$","M","T","M","R","M","M","$","R","BOSS","M","M","M"],"items_purchased_type":["Relic","Card"],"build_version":"2020-12-22","purchased_purges":2,"victory":false,"max_hp_per_floor":[75,75,75,75,75,75,75,75,75,75,75,75,75,75,75,75,75,75,75,75,75],"card_choices":[{"not_picked":["Redo","BootSequence"],"picked":"Melter","floor":1},{"not_picked":["Coolheaded","Turbo"],"picked":"Leap","floor":3},{"not_picked":["BootSequence","Rebound"],"picked":"Ball Lightning","floor":5},{"not_picked":["Ball Lightning","Go for the Eyes"],"picked":"Capacitor","floor":6},{"not_picked":["Capacitor","Streamline"],"picked":"Tempest","floor":8},{"not_picked":["Go for the Eyes","Steam"],"picked":"Electrodynamics","floor":10},{"not_picked":["Reprogram","Barrage"],"picked":"Coolheaded","floor":12},{"not_picked":["Redo","Sunder"],"picked":"BootSequence","floor":13},{"not_picked":["Echo Form","Machine Learning"],"picked":"Amplify","floor":16},{"not_picked":["Beam Cell","Steam","Coolheaded"],"picked":"SKIP","floor":18},{"not_picked":["Streamline+1","Undo"],"picked":"Barrage+1","floor":19}],"player_experience":1114685,"relics_obtained":[{"floor":6,"key":"Mummified Hand"},{"floor":9,"key":"Tiny Chest"}],"event_choices":[{"damage_healed":0,"gold_gain":75,"player_choice":"Gold","damage_taken":11,"max_hp_gain":0,"max_hp_loss":0,"event_name":"betterThird:BetterGoop","floor":2,"gold_loss":0},{"damage_healed":0,"gold_gain":61,"player_choice":"Gained Gold","damage_taken":0,"max_hp_gain":0,"max_hp_loss":0,"event_name":"Golden Wing","floor":4,"gold_loss":0}],"is_beta":false,"boss_relics":[{"not_picked":["Fusion Hammer","Velvet Choker"],"picked":"Empty Cage"}],"items_purged_floors":[7,14],"is_endless":false,"potions_floor_spawned":[1,6,13,16,18],"killed_by":"Snecko","ascension_level":8}}