{"host":"phy652c7lim9lcu2","time":1613311332,"event":{"mods":["BaseMod","Colored Powertips","Googly Eyes","Minty Spire (QoL Compilation)","Relic Stats","Spicy Shops","StSLib","everything is the same but u backflip on backflip"],"gold_per_floor":[117,129,149,162,162,162,188,188,188,199,199,228,193,210,210,314,314,324,239,34,54,54,54],"floor_reached":22,"language":"ENG","playtime":735,"items_purged":[],"score":314,"play_id":"e55adb1d-c366-4e1a-8c1d-f677a776c061","local_time":"20210215000212","is_ascension_mode":true,"campfire_choices":[{"data":"Streamline","floor":6,"key":"SMITH"},{"data":"White Noise","floor":8,"key":"SMITH"},{"floor":11,"key":"REST"},{"data":"Chaos","floor":15,"key":"SMITH"}],"circlet_count":0,"master_deck":["AscendersBane","Strike_B","Strike_B","Strike_B","Strike_B","Defend_B","Defend_B","Defend_B","Zap","Dualcast","CurseOfTheBell","Streamline+1","Hologram","Capacitor","Reinforced Body","Chaos+1","White Noise+1","Consume+1","Coolheaded+1","Barrage","Amplify+1","Leap+1","Loop","Conserve Battery+1"],"relics":["Calling Bell","DataDisk","Darkstone Periapt","Dead Branch","Toy Ornithopter","Toxic Egg 2","Ornamental Fan","Philosopher\u0027s Stone","Bag of Preparation","Membership Card"],"acts_visited":["Exordium","TheCity"],"potions_floor_usage":[7,10,12,12],"damage_taken":[{"damage":13,"enemies":"Jaw Worm","floor":1,"turns":4},{"damage":1,"enemies":"Cultist","floor":2,"turns":4},{"damage":5,"enemies":"Small Slimes","floor":3,"turns":4},{"damage":12,"enemies":"Looter","floor":4,"turns":3},{"damage":22,"enemies":"3 Sentries","floor":7,"turns":6},{"damage":13,"enemies":"Blue Slaver","floor":10,"turns":4},{"damage":22,"enemies":"Gremlin Nob","floor":12,"turns":4},{"damage":11,"enemies":"Exordium Wildlife","floor":14,"turns":3},{"damage":8,"enemies":"Hexaghost","floor":16,"turns":9},{"damage":38,"enemies":"2 Thieves","floor":18,"turns":4},{"damage":18,"enemies":"3 Byrds","floor":21,"turns":3},{"damage":7,"enemies":"Sentry and Sphere","floor":22,"turns":3}],"seed_played":"5392379028051765882","potions_obtained":[{"floor":2,"key":"PowerPotion"},{"floor":4,"key":"GamblersBrew"},{"floor":7,"key":"CultistPotion"},{"floor":10,"key":"SkillPotion"},{"floor":12,"key":"FearPotion"},{"floor":21,"key":"FearPotion"}],"is_trial":false,"path_per_floor":["M","M","M","M","?","R","E","R","T","M","R","E","?","M","R","B",null,"M","?","$","M","M"],"character_chosen":"DEFECT","items_purchased":["Membership Card","Loop"],"campfire_rested":1,"item_purchase_floors":[20,20],"current_hp_per_floor":[55,54,49,37,37,37,15,15,15,7,29,17,35,24,24,16,60,22,22,22,4,0,0],"gold":54,"neow_bonus":"BOSS_RELIC","is_daily":false,"chose_seed":false,"campfire_upgraded":3,"win_rate":0.0,"timestamp":1613311332,"path_taken":["M","M","M","M","?","R","E","R","T","?","R","E","?","M","R","BOSS","M","?","$","M","M"],"items_purchased_type":["Relic","Card"],"build_version":"2020-12-22","purchased_purges":0,"victory":false,"max_hp_per_floor":[75,75,75,75,75,75,75,75,75,75,75,75,75,75,75,75,75,75,75,75,75,75,75],"relic_stats":{"Darkstone Periapt":0,"counters":[12,51],"Ornamental Fan":[8],"Dead Branch":[31],"Bag of Preparation":[4],"obtain_stats":[{"Calling Bell":0,"Darkstone Periapt":0,"DataDisk":0,"Ornamental Fan":12,"Dead Branch":0,"Philosopher\u0027s Stone":17,"Bag of Preparation":19,"Membership Card":20,"Toxic Egg 2":9,"Cracked Core":0,"Toy Ornithopter":7},{"Calling Bell":0,"Darkstone Periapt":0,"DataDisk":0,"Ornamental Fan":7,"Dead Branch":0,"Philosopher\u0027s Stone":9,"Bag of Preparation":10,"Membership Card":10,"Toxic Egg 2":5,"Cracked Core":0,"Toy Ornithopter":5},{"Calling Bell":0,"Darkstone Periapt":0,"DataDisk":0,"Ornamental Fan":29,"Dead Branch":0,"Philosopher\u0027s Stone":41,"Bag of Preparation":45,"Membership Card":45,"Toxic Egg 2":21,"Cracked Core":0,"Toy Ornithopter":21}],"Toy Ornithopter":15},"card_choices":[{"not_picked":["Stack","Sweeping Beam"],"picked":"Streamline","floor":1},{"not_picked":["Leap","Coolheaded"],"picked":"Hologram","floor":2},{"not_picked":["Static Discharge","Go for the Eyes"],"picked":"Capacitor","floor":3},{"not_picked":["Coolheaded","Creative AI"],"picked":"Reinforced Body","floor":4},{"not_picked":["Chill","Rebound"],"picked":"White Noise","floor":7},{"not_picked":["Coolheaded+1","Double Energy+1"],"picked":"Consume+1","floor":10},{"not_picked":["Hologram+1","Barrage"],"picked":"Coolheaded+1","floor":12},{"not_picked":["Ball Lightning","Redo+1"],"picked":"Barrage","floor":14},{"not_picked":["Core Surge","Reboot+1"],"picked":"Amplify+1","floor":16},{"not_picked":["Redo+1","Sunder"],"picked":"Leap+1","floor":18},{"not_picked":["Heatsinks","Doom and Gloom"],"picked":"Conserve Battery+1","floor":21}],"player_experience":326344,"relics_obtained":[{"floor":0,"key":"DataDisk"},{"floor":0,"key":"Darkstone Periapt"},{"floor":0,"key":"Dead Branch"},{"floor":7,"key":"Toy Ornithopter"},{"floor":9,"key":"Toxic Egg 2"},{"floor":12,"key":"Ornamental Fan"}],"event_choices":[{"damage_healed":0,"gold_gain":0,"cards_transformed":["Defend_B"],"player_choice":"Transformed","damage_taken":0,"max_hp_gain":0,"max_hp_loss":0,"event_name":"Transmorgrifier","floor":5,"gold_loss":0,"cards_obtained":["Chaos"]},{"damage_healed":18,"gold_gain":0,"player_choice":"Healed","damage_taken":0,"max_hp_gain":0,"max_hp_loss":0,"event_name":"The Cleric","floor":13,"gold_loss":35},{"damage_healed":0,"gold_gain":0,"player_choice":"Obtained Relic","damage_taken":0,"relics_obtained":["Bag of Preparation"],"max_hp_gain":0,"max_hp_loss":0,"event_name":"Addict","floor":19,"gold_loss":85}],"is_beta":false,"boss_relics":[{"not_picked":["Fusion Hammer","Coffee Dripper"],"picked":"Philosopher\u0027s Stone"}],"items_purged_floors":[],"is_endless":false,"potions_floor_spawned":[2,4,7,10,12,21],"killed_by":"Sentry and Sphere","ascension_level":12}}