{"host":"qy1e0kd24tpj3i2m","time":1613331703,"event":{"mods":["Act Like it!","BaseMod","Better Skull","Better Vampires","Colored Map","Colored Powertips","Custom Start","Faster Ascension Climbing","Friendly Minions","GifTheSpireLib","Gremlin Skip","Highlight Path","Minty Spire (QoL Compilation)","Permanent Neow","Poor People Problems","Quick Restart","Red Circlet Mod","Relic Filter Mod","Relic Sorter","Reorder Act Four","SacredBarkPlus","Shop Mod","StSLib","SuperFastMode","Transform Curses","没有小屋子和绿帽子啦"],"gold_per_floor":[117,192,32,32,44,44,76,86,86,86,100,100,130,146,146,223,223,234,28,28,28,46,46,77,77,77,103,103,103,119,148,148,222,222,234,255,273,111,0,0,34,63,90,90,134,147,147,70,70,70,70,70,14,14,55,55,55],"floor_reached":56,"language":"ZHS","playtime":2450,"items_purged":[],"score":2103,"play_id":"8a9c8cc5-7f79-4011-8431-48d7e131ab5c","local_time":"20210215044143","is_ascension_mode":true,"campfire_choices":[{"data":"Dark Embrace","floor":6.0,"key":"SMITH"},{"floor":10.0,"key":"REST"},{"data":"Body Slam","floor":12.0,"key":"SMITH"},{"floor":15.0,"key":"REST"},{"data":"Apotheosis","floor":23.0,"key":"SMITH"},{"floor":25.0,"key":"RECALL"},{"data":"Evolve","floor":29.0,"key":"SMITH"},{"floor":32.0,"key":"REST"},{"floor":40.0,"key":"DIG"},{"floor":47.0,"key":"DIG"},{"floor":49.0,"key":"DIG"},{"floor":54.0,"key":"DIG"}],"circlet_count":0,"master_deck":["AscendersBane","Defend_R","Defend_R","Defend_R","Dark Embrace+1","Evolve+1","Metallicize","Feel No Pain","Body Slam+1","Juggernaut","Flame Barrier","Demon Form","Apotheosis+1","Bite","Bite","Bite","Bite","Bite","Power Through","Reckless Charge","Ghostly Armor","Limit Break","Headbutt","Barricade","Blood for Blood+1","Fiend Fire","Body Slam","Madness","Madness","Shrug It Off+1","Sword Boomerang+1","True Grit","Fire Breathing","Wild Strike+1"],"relics":["Burning Blood","NeowsBlessing","Sling","Strawberry","Omamori","Ancient Tea Set","Vajra","Question Card","Paper Frog","Busted Crown","Red Skull","Torii","Ornamental Fan","Happy Flower","Calling Bell","CeramicFish","InkBottle","Shovel","TheAbacus","Red Mask","Nunchaku","Pocketwatch","Orichalcum","Gambling Chip","Unceasing Top","Pantograph","Toy Ornithopter"],"acts_visited":["Exordium","TheCity","TheBeyond","TheEnding"],"potions_floor_usage":[],"damage_taken":[{"damage":0.0,"enemies":"2 Louse","floor":1.0,"turns":1.0},{"damage":0.0,"enemies":"Jaw Worm","floor":5.0,"turns":1.0},{"damage":0.0,"enemies":"3 Sentries","floor":7.0,"turns":2.0},{"damage":8.0,"enemies":"Cultist","floor":8.0,"turns":4.0},{"damage":20.0,"enemies":"Large Slime","floor":11.0,"turns":7.0},{"damage":44.0,"enemies":"Gremlin Nob","floor":13.0,"turns":5.0},{"damage":10.0,"enemies":"Exordium Wildlife","floor":14.0,"turns":6.0},{"damage":27.0,"enemies":"The Guardian","floor":16.0,"turns":12.0},{"damage":37.0,"enemies":"Spheric Guardian","floor":18.0,"turns":6.0},{"damage":1.0,"enemies":"Chosen","floor":22.0,"turns":5.0},{"damage":30.0,"enemies":"Slavers","floor":24.0,"turns":4.0},{"damage":23.0,"enemies":"Gremlin Leader","floor":27.0,"turns":5.0},{"damage":22.0,"enemies":"3 Cultists","floor":30.0,"turns":5.0},{"damage":22.0,"enemies":"Slavers","floor":31.0,"turns":5.0},{"damage":0.0,"enemies":"Champ","floor":33.0,"turns":7.0},{"damage":7.0,"enemies":"3 Shapes","floor":35.0,"turns":6.0},{"damage":28.0,"enemies":"Orb Walker","floor":36.0,"turns":4.0},{"damage":1.0,"enemies":"Mind Bloom Boss Battle","floor":41.0,"turns":8.0},{"damage":22.0,"enemies":"Writhing Mass","floor":42.0,"turns":7.0},{"damage":50.0,"enemies":"Reptomancer","floor":45.0,"turns":6.0},{"damage":3.0,"enemies":"4 Shapes","floor":46.0,"turns":5.0},{"damage":31.0,"enemies":"Time Eater","floor":50.0,"turns":7.0},{"damage":41.0,"enemies":"Awakened One","floor":51.0,"turns":13.0},{"damage":92.0,"enemies":"Shield and Spear","floor":55.0,"turns":14.0},{"damage":80,"enemies":"The Heart","floor":56,"turns":3}],"seed_played":"682024586648159009","potions_obtained":[{"floor":1.0,"key":"LiquidMemories"},{"floor":5.0,"key":"PowerPotion"},{"floor":8.0,"key":"DuplicationPotion"},{"floor":11.0,"key":"Regen Potion"},{"floor":16.0,"key":"Fire Potion"},{"floor":18.0,"key":"Explosive Potion"},{"floor":24.0,"key":"PowerPotion"},{"floor":30.0,"key":"FairyPotion"},{"floor":31.0,"key":"DistilledChaos"},{"floor":36.0,"key":"Weak Potion"},{"floor":44.0,"key":"EntropicBrew"},{"floor":46.0,"key":"DuplicationPotion"}],"is_trial":false,"path_per_floor":["M","?","$","?","M","R","E","M","T","R","M","R","E","M","R","B",null,"M","$","?","?","M","R","E","R","T","E","?","R","M","E","R","B",null,"M","M","?","$","?","R","?","M","T","?","E","M","R","$","R","B","B",null,"$","R","E","B"],"character_chosen":"IRONCLAD","items_purchased":["Sling","Apotheosis","TheAbacus","Fire Breathing","BloodPotion"],"campfire_rested":3,"item_purchase_floors":[3,19,38,48,53],"current_hp_per_floor":[74,63,63,19,25,25,31,29,29,53,39,39,15,11,35,14,65,34,34,34,34,54,54,39,39,39,34,34,34,27,22,39,57,57,57,41,31,31,31,31,57,55,55,55,23,30,30,30,30,24,28,50,50,50,32,0,0],"gold":55,"neow_bonus":"THREE_ENEMY_KILL","is_daily":false,"chose_seed":false,"campfire_upgraded":4,"win_rate":0.0,"timestamp":1613331703,"path_taken":["M","?","$","?","M","R","E","?","T","R","M","R","E","M","R","BOSS","M","$","?","?","M","R","E","R","T","E","?","R","M","E","R","BOSS","M","M","?","$","?","R","?","?","T","?","E","M","R","?","R","BOSS","BOSS","$","R","E","BOSS"],"items_purchased_type":["Relic","Card","Relic","Card","Potion"],"build_version":"2020-12-22","purchased_purges":0,"victory":false,"max_hp_per_floor":[75,75,75,82,82,82,82,82,82,82,82,82,82,82,82,82,82,82,82,57,57,57,57,57,57,57,57,57,57,57,57,57,57,57,57,57,57,57,57,57,57,57,57,57,57,57,57,57,57,57,57,57,57,57,57,57,57],"card_choices":[{"not_picked":["Fire Breathing","Clash"],"picked":"Dark Embrace","floor":1.0},{"not_picked":["Power Through","True Grit"],"picked":"Evolve","floor":5.0},{"not_picked":["Thunderclap","Carnage"],"picked":"Metallicize","floor":7.0},{"not_picked":["Hemokinesis","Heavy Blade"],"picked":"Feel No Pain","floor":8.0},{"not_picked":["Battle Trance","Sword Boomerang","Intimidate"],"picked":"Body Slam","floor":11.0},{"not_picked":["Sentinel","Cleave","Pommel Strike"],"picked":"Juggernaut","floor":13.0},{"not_picked":["Flex","Clothesline","Evolve"],"picked":"Flame Barrier","floor":14.0},{"not_picked":["Bludgeon","Exhume","Immolate"],"picked":"Demon Form","floor":16.0},{"not_picked":["Heavy Blade","Wild Strike"],"picked":"SKIP","floor":18.0},{"not_picked":["Headbutt"],"picked":"Reckless Charge","floor":22.0},{"not_picked":["Body Slam","Evolve"],"picked":"SKIP","floor":24.0},{"not_picked":["Disarm"],"picked":"Ghostly Armor","floor":27.0},{"not_picked":["Blood for Blood+1"],"picked":"Barricade","floor":30.0},{"not_picked":["Dark Embrace"],"picked":"Blood for Blood+1","floor":31.0},{"not_picked":["Berserk"],"picked":"Fiend Fire","floor":33.0},{"not_picked":["Hemokinesis","Clash"],"picked":"SKIP","floor":35.0},{"not_picked":["Body Slam","Blood for Blood"],"picked":"SKIP","floor":36.0},{"not_picked":["Blood for Blood"],"picked":"Body Slam","floor":36.0},{"not_picked":["Perfected Strike"],"picked":"Shrug It Off+1","floor":41.0},{"not_picked":["Blood for Blood+1"],"picked":"Sword Boomerang+1","floor":42.0},{"not_picked":["Flex+1"],"picked":"True Grit","floor":45.0},{"not_picked":["Cleave","Anger"],"picked":"SKIP","floor":46.0},{"not_picked":["Anger"],"picked":"Wild Strike+1","floor":55.0}],"player_experience":1034786,"relics_obtained":[{"floor":7.0,"key":"Vajra"},{"floor":9.0,"key":"Question Card"},{"floor":13.0,"key":"Paper Frog"},{"floor":24.0,"key":"Red Skull"},{"floor":26.0,"key":"Torii"},{"floor":27.0,"key":"Ornamental Fan"},{"floor":31.0,"key":"Happy Flower"},{"floor":34.0,"key":"CeramicFish"},{"floor":34.0,"key":"InkBottle"},{"floor":34.0,"key":"Shovel"},{"floor":40.0,"key":"Nunchaku"},{"floor":41.0,"key":"Pocketwatch"},{"floor":45.0,"key":"Orichalcum"},{"floor":47.0,"key":"Gambling Chip"},{"floor":49.0,"key":"Unceasing Top"},{"floor":54.0,"key":"Pantograph"},{"floor":55.0,"key":"Toy Ornithopter"}],"event_choices":[{"damage_healed":0.0,"max_hp_gain":0.0,"max_hp_loss":0.0,"gold_gain":75.0,"event_name":"World of Goop","player_choice":"Gather Gold","floor":2.0,"gold_loss":0.0,"damage_taken":11.0},{"damage_healed":0.0,"max_hp_gain":0.0,"max_hp_loss":0.0,"gold_gain":0.0,"event_name":"betterSkull:BetterSkull","player_choice":"RE RE RE ","floor":4.0,"gold_loss":0.0,"damage_taken":57.0,"cards_upgraded":[],"relics_obtained":["Strawberry","Omamori","Ancient Tea Set"]},{"damage_healed":0.0,"max_hp_gain":0.0,"max_hp_loss":25.0,"gold_gain":0.0,"event_name":"Vampires","player_choice":"Became a vampire","floor":20.0,"gold_loss":0.0,"damage_taken":0.0,"cards_obtained":["Bite","Bite","Bite","Bite","Bite"]},{"damage_healed":0.0,"max_hp_gain":0.0,"max_hp_loss":0.0,"gold_gain":0.0,"event_name":"The Library","player_choice":"Read","floor":21.0,"gold_loss":0.0,"damage_taken":0.0,"cards_obtained":["Power Through"]},{"damage_healed":0.0,"max_hp_gain":0.0,"max_hp_loss":0.0,"gold_gain":0.0,"cards_transformed":["Defend_R","Bash"],"event_name":"Drug Dealer","player_choice":"Became Test Subject","floor":28.0,"gold_loss":0.0,"damage_taken":0.0,"cards_obtained":["Limit Break","Headbutt"]},{"damage_healed":0.0,"max_hp_gain":0.0,"max_hp_loss":0.0,"gold_gain":0.0,"event_name":"Winding Halls","player_choice":"Embrace Madness","floor":37.0,"gold_loss":0.0,"damage_taken":10.0,"cards_obtained":["Madness","Madness"]},{"damage_healed":0.0,"max_hp_gain":0.0,"max_hp_loss":0.0,"gold_gain":0.0,"event_name":"Tomb of Lord Red Mask","player_choice":"Paid","floor":39.0,"gold_loss":111.0,"damage_taken":0.0,"relics_obtained":["Red Mask"]},{"damage_healed":0.0,"max_hp_gain":0.0,"max_hp_loss":0.0,"gold_gain":0.0,"event_name":"MindBloom","player_choice":"Fight","floor":41.0,"gold_loss":0.0,"damage_taken":0.0},{"damage_healed":0.0,"max_hp_gain":0.0,"max_hp_loss":0.0,"gold_gain":0.0,"event_name":"Lab","player_choice":"Got Potions","floor":44.0,"gold_loss":0.0,"damage_taken":0.0}],"is_beta":false,"boss_relics":[{"not_picked":["Pandora\u0027s Box","Runic Pyramid"],"picked":"Busted Crown"},{"not_picked":["SacredBark","Snecko Eye"],"picked":"Calling Bell"}],"items_purged_floors":[],"is_endless":false,"potions_floor_spawned":[1,5,8,11,16,18,24,30,31,36,46],"killed_by":"The Heart","ascension_level":20}}