{"host":"684z1xpuwaoqmmh1","time":1613318260,"event":{"mods":["A Magickal Journey","BaseMod","Downfall","Hermit","Jorbs\u0027s Wanderer Trilogy","Marisa????????","Minty Spire (QoL Compilation)","Robot Space Explorer","Shade Mod","StSLib","The Bug Knight","The Dragon Tamer","The Elementalist","The Hayseed","The Hierophant","The Marked","The Mystic","The Runesmith","The Saiyan","The Senshi","The Spell Scribe","The Vixen","TheBandit","TheFirefly"],"gold_per_floor":[114,114,126,136,148,148,148,148],"floor_reached":7,"language":"ENG","playtime":1817,"items_purged":[],"score":84,"play_id":"6700477d-39d7-46fb-a463-e64c49a61063","local_time":"20210214175740","is_ascension_mode":true,"campfire_choices":[{"data":"theSenshi:TuxedoMaskAssists","floor":6,"key":"SMITH"}],"circlet_count":0,"master_deck":["AscendersBane","theSenshi:SailorKick","theSenshi:SailorKick","theSenshi:SailorKick","theSenshi:SailorBlock","theSenshi:SailorBlock","theSenshi:SailorBlock","theSenshi:SailorBlock","theSenshi:RoseThrow","theSenshi:MoonPrismPowerMakeUp","theSenshi:MoonCrystalPowerMakeUp","theSenshi:MoonCrystalPowerMakeUp","theSenshi:MoonPunch","theSenshi:TuxedoMaskAssists+1"],"relics":["theSenshi:TransformationBroochRelic"],"acts_visited":["Exordium"],"potions_floor_usage":[],"damage_taken":[{"damage":0,"enemies":"Jaw Worm","floor":1,"turns":6},{"damage":7,"enemies":"Cultist","floor":3,"turns":6},{"damage":16,"enemies":"2 Louse","floor":4,"turns":7},{"damage":22,"enemies":"Large Slime","floor":5,"turns":7},{"damage":27,"enemies":"Gremlin Nob","floor":7,"turns":3}],"seed_played":"7811288857929526397","potions_obtained":[{"floor":5,"key":"Explosive Potion"}],"is_trial":false,"path_per_floor":["M","?","M","M","M","R","E"],"character_chosen":"THE_SENSHI","items_purchased":[],"campfire_rested":0,"item_purchase_floors":[],"current_hp_per_floor":[68,68,61,45,23,23,0,0],"gold":148,"neow_bonus":"TRANSFORM_CARD","is_daily":false,"chose_seed":false,"campfire_upgraded":1,"win_rate":0.0,"timestamp":1613318260,"path_taken":["M","?","M","M","M","R","E"],"items_purchased_type":[],"build_version":"2020-12-22","purchased_purges":0,"victory":false,"max_hp_per_floor":[75,75,75,75,75,75,75,75],"card_choices":[{"not_picked":["theSenshi:LunasBite","theSenshi:Sidestep"],"picked":"theSenshi:MoonCrystalPowerMakeUp","floor":1},{"not_picked":["theSenshi:LateForSchool","theSenshi:Sidestep"],"picked":"theSenshi:MoonCrystalPowerMakeUp","floor":3},{"not_picked":["theSenshi:MoonKick","theSenshi:TuxedoSmokingBomber"],"picked":"theSenshi:MoonPunch","floor":4},{"not_picked":["theSenshi:MoonCrystalPowerMakeUp","theSenshi:LateForSchool"],"picked":"theSenshi:TuxedoMaskAssists","floor":5}],"player_experience":3285640,"relics_obtained":[],"event_choices":[{"cards_removed":["theSenshi:EncouragingSpeech"],"damage_healed":0,"gold_gain":0,"player_choice":"Purged","damage_taken":0,"max_hp_gain":0,"max_hp_loss":0,"event_name":"Purifier","floor":2,"gold_loss":0}],"is_beta":false,"boss_relics":[],"items_purged_floors":[],"is_endless":false,"potions_floor_spawned":[5],"killed_by":"Gremlin Nob","ascension_level":19}}