{"host":"y2kfqdipa4rrljwb","time":1613300575,"event":{"mods":["ATMod(°¢èªMod)","AchievementEnabler","Act Like it!","Aspiration","BaseMod","Bossed Relics","Colored Powertips","Energized Spire","Friendly Minions","Infinite Spire","Minty Spire (QoL Compilation)","Random Character Button","Random Character Mod","Relic Stats","Reliquary","Replay The Spire","RumiaBox-Â¶Ã×æ«µÄÉñÃØºÐ×Ó","StSLib","TestMod","¡¾¹¦ÄÜMod¡¿»ìãçÖ®»·ÐÞ¸´²¹¶¡","¡¾ÒÅÎï¿¨ÅÆ¡¿REMEMod"],"gold_per_floor":[112,112,131,181,208,264,264,315,365,365,399,76,109,109,109,127,127],"floor_reached":16,"language":"ZHS","playtime":1062,"items_purged":["ReplayTheSpireMod:Restless Dread"],"score":238,"play_id":"fb616310-0ea4-428f-953b-81cdff1e7a73","local_time":"20210214190255","is_ascension_mode":true,"campfire_choices":[{"data":"Corruption","floor":7.0,"key":"SMITH"},{"data":"Inflame","floor":10.0,"key":"SMITH"},{"data":"Armaments","floor":15.0,"key":"SMITH"}],"circlet_count":0,"master_deck":["Strike_R","Strike_R","Strike_R","Strike_R","Strike_R","Defend_R","Defend_R","Defend_R","Bash","Replay:Undeath\u0027s Touch","Twin Strike","Amnesia","Sword Boomerang","ReplayTheSpireMod:Restless Dread","Corruption+1","ReplayTheSpireMod:Splinters","Injury","Inflame+1","ReplayTheSpireMod:Splinters","Bloodletting","Armaments+1","Battle Trance","Flex","Parasite","Looming Evil"],"relics":["Burning Blood","REME_ComplimentaryCards","AT_ATBox","testmod-TestBox","Ring of Hypnosis","Ring of Greed","Replay:Bandana","Smiling Mask","Bottled Flame","reliquary:Aerogel","Regal Pillow","testmod-Faith","reliquary:BallBearing"],"acts_visited":["Exordium"],"potions_floor_usage":[16],"damage_taken":[{"damage":6.0,"enemies":"Cultist","floor":1.0,"turns":3.0},{"damage":9.0,"enemies":"Jaw Worm","floor":3.0,"turns":3.0},{"damage":18.0,"enemies":"Small Slimes","floor":5.0,"turns":3.0},{"damage":56.0,"enemies":"Lagavulin","floor":6.0,"turns":6.0},{"damage":15.0,"enemies":"3 Sentries","floor":8.0,"turns":6.0},{"damage":8.0,"enemies":"Looter","floor":11.0,"turns":4.0},{"damage":7.0,"enemies":"2 Fungi Beasts","floor":13.0,"turns":4.0},{"damage":31,"enemies":"The Guardian","floor":16,"turns":6}],"seed_played":"-6510493618648060295","potions_obtained":[{"floor":5.0,"key":"Ancient Potion"},{"floor":6.0,"key":"PowerPotion"},{"floor":8.0,"key":"Explosive Potion"}],"is_trial":false,"path_per_floor":["M","?","M","?","M","E","R","E","T","R","M","$","M","?","R","B"],"character_chosen":"IRONCLAD","items_purchased":["testmod-Faith","reliquary:BallBearing","Armaments","Battle Trance"],"campfire_rested":0,"item_purchase_floors":[12,12,12,12],"current_hp_per_floor":[88,88,85,85,73,23,23,14,14,14,12,12,11,33,33,2,2],"gold":127,"neow_bonus":"TEN_PERCENT_HP_BONUS","is_daily":false,"chose_seed":false,"campfire_upgraded":3,"win_rate":0.0,"timestamp":1613300575,"path_taken":["M","?","M","?","M","E","R","E","T","R","M","?","M","?","R","BOSS"],"items_purchased_type":["Relic","Relic","Card","Card"],"build_version":"2020-12-22","purchased_purges":1,"victory":false,"max_hp_per_floor":[88,88,88,88,88,88,88,88,88,88,88,88,88,88,88,88,88],"relic_stats":{"Regal Pillow":0,"counters":[8,35],"Smiling Mask":25,"obtain_stats":[{"Regal Pillow":9,"AT_ATBox":0,"testmod-TestBox":0,"Ring of Hypnosis":4,"reliquary:Aerogel":8,"Ring of Greed":4,"Smiling Mask":4,"Burning Blood":0,"Replay:Bandana":4,"Bottled Flame":6,"reliquary:BallBearing":12,"testmod-Faith":12,"REME_ComplimentaryCards":0},{"Regal Pillow":5,"AT_ATBox":0,"testmod-TestBox":0,"Ring of Hypnosis":2,"reliquary:Aerogel":5,"Ring of Greed":2,"Smiling Mask":2,"Burning Blood":0,"Replay:Bandana":2,"Bottled Flame":4,"reliquary:BallBearing":6,"testmod-Faith":6,"REME_ComplimentaryCards":0},{"Regal Pillow":21,"AT_ATBox":0,"testmod-TestBox":0,"Ring of Hypnosis":6,"reliquary:Aerogel":21,"Ring of Greed":6,"Smiling Mask":6,"Burning Blood":0,"Replay:Bandana":6,"Bottled Flame":15,"reliquary:BallBearing":25,"testmod-Faith":25,"REME_ComplimentaryCards":0}],"Burning Blood":42},"card_choices":[{"not_picked":["Heavy Blade","ReplayTheSpireMod:Strike From Hell"],"picked":"Replay:Undeath\u0027s Touch","floor":1.0},{"not_picked":["Replay:Undeath\u0027s Touch","AT_CaressingTears"],"picked":"Twin Strike","floor":3.0},{"not_picked":["Hemokinesis","Body Slam"],"picked":"Sword Boomerang","floor":5.0},{"not_picked":["Havoc","Pummel"],"picked":"Corruption","floor":6.0},{"not_picked":["Cleave","Clothesline"],"picked":"Inflame","floor":8.0},{"not_picked":["Wild Strike","Clothesline"],"picked":"Bloodletting","floor":11.0},{"not_picked":["Pummel","Twin Strike"],"picked":"Flex","floor":13.0}],"player_experience":222136,"relics_obtained":[{"floor":4.0,"key":"Ring of Hypnosis"},{"floor":4.0,"key":"Ring of Greed"},{"floor":4.0,"key":"Replay:Bandana"},{"floor":4.0,"key":"Smiling Mask"},{"floor":6.0,"key":"Bottled Flame"},{"floor":8.0,"key":"reliquary:Aerogel"},{"floor":9.0,"key":"Regal Pillow"}],"event_choices":[{"damage_healed":22.0,"max_hp_gain":0.0,"max_hp_loss":0.0,"gold_gain":0.0,"event_name":"Mushrooms","player_choice":"Healed and dodged fight","floor":14.0,"gold_loss":0.0,"damage_taken":0.0,"cards_obtained":["Parasite"]}],"is_beta":false,"boss_relics":[],"items_purged_floors":[12],"is_endless":false,"potions_floor_spawned":[5,6,8],"killed_by":"The Guardian","ascension_level":5}}