{"host":"3hzk4hwwdropes3d","time":1613290916,"event":{"mods":["BaseMod","Downfall","Hermit","Minty Spire (QoL Compilation)","StSLib"],"gold_per_floor":[119,119,119,132,132,132,166,166,166,184,215,67,82,67,67,170,170,187,200,212,225,103,103,120,120,120,145,145,156,168,30,30,126,126,137,147,159,174,174,174,186,214,237,112,132,132,132,162,162,162,162],"floor_reached":50,"language":"ENG","playtime":3800,"items_purged":["hermit:Defend_Hermit","hermit:Defend_Hermit","hermit:Defend_Hermit"],"score":616,"play_id":"a64a8a3a-f0ee-4499-8fa0-4d1e9bdee675","local_time":"20210214002156","is_ascension_mode":true,"campfire_choices":[{"data":"hermit:Dive","floor":6.0,"key":"SMITH"},{"data":"hermit:Manifest","floor":8.0,"key":"SMITH"},{"floor":15.0,"key":"REST"},{"data":"hermit:FatalDesire","floor":23,"key":"SMITH"},{"data":"hermit:Malice","floor":25,"key":"SMITH"},{"data":"hermit:Headshot","floor":28,"key":"SMITH"},{"data":"hermit:Malice","floor":32,"key":"SMITH"},{"floor":40,"key":"REST"},{"floor":47,"key":"REST"},{"floor":49,"key":"REST"}],"circlet_count":0,"master_deck":["hermit:Strike_Hermit","hermit:Strike_Hermit+1","hermit:Strike_Hermit","hermit:Strike_Hermit+1","hermit:Defend_Hermit","hermit:Snapshot","hermit:Covet+1","hermit:Glare","hermit:Dive+1","Regret","hermit:Manifest+1","hermit:Snipe","hermit:Malice+1","hermit:CursedWeapon","hermit:FatalDesire+1","hermit:Vantage+1","hermit:Manifest+1","hermit:Desperado","hermit:Misfire+1","hermit:Headshot+1","hermit:RoundhouseKick","hermit:Malice+1","hermit:Horror","hermit:HeroicBravado","hermit:Coalescence+1","hermit:Grudge","hermit:Gestalt+1","hermit:Horror","hermit:Headshot","hermit:Quickdraw","hermit:Spite+1"],"relics":["hermit:Momento","sneckomod:BlankCard","hexamod:CandleOfCauterizing","Darkstone Periapt","HornCleat","hexamod:BolsterEngine","hermit:PetGhost","SacredBark","hermit:Spyglass","Pantograph","Velvet Choker","Ginger","PreservedInsect","Whetstone"],"acts_visited":["Exordium","TheCity","TheBeyond"],"potions_floor_usage":[16,24,27,29,33,33,42,42,50,50,50],"damage_taken":[{"damage":2.0,"enemies":"Jaw Worm","floor":1.0,"turns":4.0},{"damage":7.0,"enemies":"Small Slimes","floor":4.0,"turns":2.0},{"damage":10.0,"enemies":"Lagavulin","floor":7.0,"turns":7.0},{"damage":0.0,"enemies":"2 Louse","floor":10.0,"turns":2.0},{"damage":20.0,"enemies":"Gremlin Nob","floor":11.0,"turns":6.0},{"damage":0.0,"enemies":"Exordium Wildlife","floor":13.0,"turns":3.0},{"damage":2.0,"enemies":"Exordium Thugs","floor":14.0,"turns":4.0},{"damage":36,"enemies":"Slime Boss","floor":16,"turns":13},{"damage":6,"enemies":"3 Byrds","floor":18,"turns":5},{"damage":6,"enemies":"Spheric Guardian","floor":19,"turns":4},{"damage":10,"enemies":"Centurion and Healer","floor":20,"turns":10},{"damage":2,"enemies":"Snake Plant","floor":21,"turns":3},{"damage":6,"enemies":"Chosen and Byrds","floor":24,"turns":6},{"damage":18,"enemies":"Slavers","floor":27,"turns":5},{"damage":0,"enemies":"Snecko","floor":29,"turns":3},{"damage":2,"enemies":"Centurion and Healer","floor":30,"turns":4},{"damage":75,"enemies":"Collector","floor":33,"turns":9},{"damage":17,"enemies":"3 Darklings","floor":35,"turns":3},{"damage":6,"enemies":"3 Shapes","floor":36,"turns":2},{"damage":16,"enemies":"Jaw Worm Horde","floor":37,"turns":3},{"damage":23,"enemies":"Spire Growth","floor":38,"turns":4},{"damage":1,"enemies":"3 Darklings","floor":41,"turns":3},{"damage":9,"enemies":"Giant Head","floor":42,"turns":9},{"damage":3,"enemies":"Maw","floor":45,"turns":6},{"damage":5,"enemies":"Reptomancer","floor":48,"turns":3},{"damage":100092,"enemies":"Awakened One","floor":50,"turns":14}],"seed_played":"4280869861831487327","potions_obtained":[{"floor":14.0,"key":"SteroidPotion"},{"floor":16,"key":"Swift Potion"},{"floor":21,"key":"SpeedPotion"},{"floor":27,"key":"AttackPotion"},{"floor":29,"key":"Energy Potion"},{"floor":30,"key":"ColorlessPotion"},{"floor":35,"key":"Weak Potion"},{"floor":36,"key":"SteroidPotion"},{"floor":41,"key":"hermit:BlackBile"},{"floor":42,"key":"Explosive Potion"},{"floor":45,"key":"FearPotion"}],"is_trial":false,"path_per_floor":["M","?","?","M","?","R","E","R","T","M","E","$","M","M","R","B",null,"M","M","M","M","$","R","M","R","T","E","R","M","M","$","R","B",null,"M","M","M","M","?","R","M","E","T","$","M","?","R","E","R","B"],"character_chosen":"HERMIT","items_purchased":["hermit:PetGhost","hermit:Misfire","hermit:Horror"],"campfire_rested":4,"item_purchase_floors":[12,22,31],"current_hp_per_floor":[73,58,58,51,51,51,41,41,41,41,21,21,21,19,41,5,75,69,63,53,51,51,51,45,45,45,27,27,27,25,25,25,1,75,58,52,36,13,13,35,34,25,25,25,22,22,44,39,61,0,0],"gold":162,"neow_bonus":"RANDOM_COMMON_RELIC","is_daily":false,"chose_seed":false,"campfire_upgraded":6,"win_rate":0.0,"timestamp":1613290916,"path_taken":["M","?","?","M","?","R","E","R","T","?","E","?","M","M","R","BOSS","M","M","?","M","$","R","?","R","T","E","R","M","M","$","R","BOSS","M","M","?","M","?","R","M","E","T","?","M","?","R","E","R","BOSS"],"items_purchased_type":["Relic","Card","Card"],"build_version":"2020-12-22","purchased_purges":3,"victory":false,"max_hp_per_floor":[75,75,75,75,75,75,75,75,75,75,75,75,75,75,75,75,75,75,75,75,75,75,75,75,75,75,75,75,75,75,75,75,75,75,75,75,75,75,75,75,75,75,75,75,75,75,75,75,75,75,75],"card_choices":[{"not_picked":["hermit:HoleUp","hermit:Showdown"],"picked":"hermit:Glare","floor":1.0},{"not_picked":["hermit:Coalescence","hermit:BodyArmor"],"picked":"hermit:Dive","floor":4.0},{"not_picked":["hermit:SprayPray","hermit:TakeCover"],"picked":"hermit:Manifest","floor":7.0},{"not_picked":["hermit:Roulette","hermit:DeadMansHand"],"picked":"hermit:Snipe","floor":10.0},{"not_picked":["hermit:Horror","hermit:Coalescence"],"picked":"hermit:Malice","floor":11.0},{"not_picked":["hermit:GoldenBullet","hermit:TakeAim"],"picked":"hermit:CursedWeapon","floor":13.0},{"not_picked":["hermit:TakeAim","hermit:ItchyTrigger","hermit:Desperado"],"picked":"SKIP","floor":14.0},{"not_picked":["hermit:HighNoon","hermit:OverwhelmingPower"],"picked":"hermit:FatalDesire","floor":16},{"not_picked":["hermit:Enervate","hermit:Scavenge+1"],"picked":"hermit:Vantage+1","floor":18},{"not_picked":["hermit:Roulette+1","hermit:Glare"],"picked":"hermit:Manifest+1","floor":19},{"not_picked":["hermit:Shortfuse","hermit:LowProfile","hermit:FullyLoaded"],"picked":"SKIP","floor":20},{"not_picked":["hermit:LoneWolf","hermit:GoldenBullet"],"picked":"hermit:Desperado","floor":21},{"not_picked":["hermit:Desperado+1","hermit:LuckOfTheDraw"],"picked":"hermit:Headshot","floor":24},{"not_picked":["hermit:NoHoldsBarred+1","hermit:FatalDesire"],"picked":"hermit:RoundhouseKick","floor":27},{"not_picked":["hermit:Determination","hermit:SprayPray","hermit:Midnight"],"picked":"SKIP","floor":29},{"not_picked":["hermit:Cheat+1","hermit:Misfire"],"picked":"hermit:Malice","floor":30},{"not_picked":["hermit:EternalForm","hermit:Gambit"],"picked":"hermit:HeroicBravado","floor":33},{"not_picked":["hermit:Roulette+1","hermit:LowProfile"],"picked":"hermit:Coalescence+1","floor":35},{"not_picked":["hermit:Midnight+1","hermit:Virtue+1"],"picked":"hermit:Grudge","floor":36},{"not_picked":["hermit:GhostlyPresence+1","hermit:Feint"],"picked":"hermit:Gestalt+1","floor":37},{"not_picked":["hermit:HoleUp","hermit:Combo+1","hermit:TrackingShot+1"],"picked":"SKIP","floor":38},{"not_picked":["hermit:PistolWhip+1","hermit:Shortfuse"],"picked":"hermit:Headshot","floor":41},{"not_picked":["hermit:DeadOrAlive","hermit:Feint+1"],"picked":"hermit:Quickdraw","floor":42},{"not_picked":["hermit:Headshot","hermit:Dive+1"],"picked":"hermit:Spite","floor":45},{"not_picked":["hermit:Snipe","hermit:CalledShot","hermit:CursedWeapon"],"picked":"SKIP","floor":48}],"player_experience":398180,"relics_obtained":[{"floor":7.0,"key":"Darkstone Periapt"},{"floor":9.0,"key":"HornCleat"},{"floor":11.0,"key":"hexamod:BolsterEngine"},{"floor":26,"key":"hermit:Spyglass"},{"floor":27,"key":"Pantograph"},{"floor":42,"key":"Ginger"},{"floor":43,"key":"PreservedInsect"},{"floor":48,"key":"Whetstone"}],"event_choices":[{"damage_healed":0.0,"max_hp_gain":0.0,"max_hp_loss":0.0,"gold_gain":0.0,"event_name":"Shining Light","player_choice":"Entered Light","floor":2.0,"gold_loss":0.0,"damage_taken":15.0,"cards_upgraded":["hermit:Strike_Hermit","hermit:Strike_Hermit"]},{"damage_healed":0.0,"max_hp_gain":0.0,"max_hp_loss":0.0,"gold_gain":0.0,"event_name":"Living Wall","player_choice":"Grow","floor":3.0,"gold_loss":0.0,"damage_taken":0.0,"cards_upgraded":["hermit:Covet"]},{"damage_healed":0.0,"max_hp_gain":0.0,"max_hp_loss":0.0,"gold_gain":0.0,"event_name":"Big Fish","player_choice":"Box","floor":5.0,"gold_loss":0.0,"damage_taken":0.0,"relics_obtained":["hexamod:CandleOfCauterizing"],"cards_obtained":["Regret"]},{"damage_healed":0,"gold_gain":0,"player_choice":"Copied","damage_taken":0,"max_hp_gain":0,"max_hp_loss":0,"event_name":"Duplicator","floor":39,"gold_loss":0,"cards_obtained":["hermit:Horror"]},{"damage_healed":0,"gold_gain":0,"player_choice":"Ignored","damage_taken":0,"max_hp_gain":0,"max_hp_loss":0,"event_name":"Mysterious Sphere","floor":46,"gold_loss":0}],"is_beta":false,"boss_relics":[{"not_picked":["hermit:DentedPlate","Coffee Dripper"],"picked":"SacredBark"},{"not_picked":["Pandora\u0027s Box","expansioncontent:StudyCardRelic"],"picked":"Velvet Choker"}],"items_purged_floors":[22,31,44],"is_endless":false,"potions_floor_spawned":[4,14,16,21,27,29,30,35,36,41,42,45],"killed_by":"Awakened One","ascension_level":3}}