{"host":"hrtq1r2z0jdgxy6l","time":1613329251,"event":{"mods":["AchievementEnabler","BaseMod","Bestiary","Colored Map","Colored Powertips","Downfall","Highlight Path","Minty Spire (QoL Compilation)","Permanent Neow","StSLib"],"gold_per_floor":[99,110,110,135,135,152,152,152,167,130,130,280,280,280,297,396,396,396,406,506,87,102,102,102,102],"floor_reached":23,"language":"ENG","playtime":2975,"items_purged":["Guardian:Defend_Guardian"],"score":177,"play_id":"740aa10e-848a-4f63-807a-e1a5c8f49a7b","local_time":"20210215030051","is_ascension_mode":false,"campfire_choices":[{"floor":1.0,"key":"RECALL"},{"data":"Guardian:CurlUp","floor":8.0,"key":"SMITH"},{"data":"Guardian:Suspension","floor":11.0,"key":"SMITH"},{"data":"Guardian:TwinSlam","floor":13,"key":"SMITH"},{"data":"Guardian:Emergency","floor":18,"key":"SMITH"}],"circlet_count":0,"master_deck":["Guardian:Strike_Guardian","Guardian:Strike_Guardian","Guardian:Strike_Guardian","Guardian:Defend_Guardian","Guardian:Defend_Guardian","Guardian:CurlUp+1","Guardian:TwinSlam+1","Guardian:SpikerProtocol","Guardian:Emergency+1","Guardian:Suspension+1","downfall:Icky","Guardian:Reroute","Guardian:Gem_Blue","Guardian:ArmoredProtocol","Flash of Steel","Guardian:Gem_Blue"],"relics":["Guardian:ModeShifter","Blood Vial","Mummified Hand","Juzu Bracelet","downfall:ShatteredFragment","Black Star","Gremlin Horn"],"acts_visited":["Exordium","TheCity"],"potions_floor_usage":[15,16,23],"damage_taken":[{"damage":2.0,"enemies":"Small Slimes","floor":2.0,"turns":5.0},{"damage":6.0,"enemies":"Jaw Worm","floor":6.0,"turns":3.0},{"damage":3.0,"enemies":"2 Louse","floor":9.0,"turns":3.0},{"damage":0.0,"enemies":"downfall:FleeingMerchant","floor":10.0,"turns":4.0},{"damage":5,"enemies":"downfall:LooterAlt","floor":15,"turns":2},{"damage":28,"enemies":"WA_ARCHETYPE_RETAIN","floor":16,"turns":8},{"damage":5,"enemies":"Spheric Guardian","floor":19,"turns":5},{"damage":0,"enemies":"downfall:FleeingMerchant","floor":21,"turns":4},{"damage":3,"enemies":"Shell Parasite","floor":22,"turns":6},{"damage":87,"enemies":"Gremlin Leader","floor":23,"turns":9}],"seed_played":"-1866511009466170076","potions_obtained":[{"floor":2.0,"key":"FearPotion"},{"floor":9.0,"key":"FearPotion"},{"floor":16,"key":"AttackPotion"},{"floor":22,"key":"SpeedPotion"}],"is_trial":false,"path_per_floor":["R","M","?","T","?","M","T","R","M","$","R","?","R","?","M","B",null,"R","M","?","$","M","E"],"character_chosen":"GUARDIAN","items_purchased":["Guardian:Suspension","Flash of Steel","Gremlin Horn"],"campfire_rested":0,"item_purchase_floors":[10,21,21],"current_hp_per_floor":[72,70,70,70,67,63,63,63,62,64,64,64,64,40,37,11,72,72,67,67,69,68,0,0,0],"gold":102,"neow_bonus":"REMOVE_TWO","is_daily":false,"chose_seed":false,"campfire_upgraded":4,"win_rate":0.0,"timestamp":1613329251,"path_taken":["R","M","?","?","?","M","T","R","M","$","R","?","R","?","M","BOSS","R","M","?","$","M","E"],"items_purchased_type":["Card","Card","Relic"],"build_version":"2020-12-22","purchased_purges":1,"victory":false,"max_hp_per_floor":[72,72,72,72,72,72,72,72,72,72,72,72,72,72,72,72,72,72,72,72,72,72,72,72,72],"card_choices":[{"not_picked":["Guardian:PrimingBeam","Guardian:PolyBeam"],"picked":"Guardian:Gem_Purple","floor":2.0},{"not_picked":["Guardian:Repulse","Guardian:PrimingBeam"],"picked":"Guardian:Gem_White","floor":6.0},{"not_picked":["Guardian:PolyBeam","Guardian:Gem_Green"],"picked":"Guardian:SpikerProtocol","floor":9.0},{"not_picked":["Guardian:Gem_Yellow","Guardian:CrystalBeam"],"picked":"Guardian:Emergency","floor":10.0},{"not_picked":["Guardian:Gem_Green","Guardian:Emergency"],"picked":"Guardian:Reroute","floor":15},{"not_picked":["Guardian:AncientConstruct","Guardian:SphericShield"],"picked":"Guardian:Gem_Synthetic","floor":16},{"not_picked":["Guardian:Gem_Red","Guardian:WalkerClaw"],"picked":"Guardian:Gem_Blue","floor":19},{"not_picked":["Guardian:Recover","Guardian:PiercingHide"],"picked":"Guardian:ArmoredProtocol","floor":21},{"not_picked":["Guardian:ChargeCore","Guardian:PrimingBeam"],"picked":"Guardian:Gem_Blue","floor":22}],"player_experience":26621,"relics_obtained":[{"floor":7.0,"key":"Juzu Bracelet"}],"event_choices":[{"damage_healed":0.0,"max_hp_gain":0.0,"max_hp_loss":0.0,"gold_gain":0.0,"event_name":"Scrap Ooze","player_choice":"Success","floor":5.0,"gold_loss":0.0,"damage_taken":3.0,"relics_obtained":["Mummified Hand"]}],"is_beta":false,"boss_relics":[{"not_picked":["Busted Crown","Fusion Hammer"],"picked":"Black Star"}],"items_purged_floors":[21],"is_endless":false,"potions_floor_spawned":[2,9,16,22],"killed_by":"Gremlin Leader","ascension_level":0}}