{"host":"phsocamrekajzgeq","time":1613319109,"event":{"mods":["BaseMod","Highlight Path","Minty Spire (QoL Compilation)","Quick Restart"],"gold_per_floor":[116,116,41,56,74,105,105,133,133,161,10,10,36,55,55,150,150,167,167,181,181,280,305,319,319,319,319,331,331,59,85,85,189,239,259,259,272,119,136,169,169,201,225,262,262,288,330,347,347,347,347,347,41,75,75],"floor_reached":56,"language":"ZHS","playtime":3417,"items_purged":["Defend_P","Strike_P","Strike_P+1","SignatureMove+1"],"score":2134,"play_id":"c647e291-8d1d-4923-a60f-8bb9b9e8e6f2","local_time":"20210215001148","is_ascension_mode":true,"campfire_choices":[{"data":"Eruption","floor":7.0,"key":"SMITH"},{"data":"ForeignInfluence","floor":15.0,"key":"SMITH"},{"data":"Adaptation","floor":25.0,"key":"SMITH"},{"data":"Vigilance","floor":27.0,"key":"SMITH"},{"data":"CutThroughFate","floor":29.0,"key":"SMITH"},{"data":"TalkToTheHand","floor":32.0,"key":"SMITH"},{"data":"Scrawl","floor":41.0,"key":"SMITH"},{"data":"FearNoEvil","floor":45.0,"key":"SMITH"},{"floor":49.0,"key":"RECALL"},{"data":"BowlingBash","floor":52.0,"key":"SMITH"}],"circlet_count":0,"master_deck":["AscendersBane","Strike_P+1","Strike_P+1","Defend_P+1","Defend_P+1","Eruption+1","Vigilance+1","Adaptation+1","InnerPeace+1","Fasting2+1","ForeignInfluence+1","DevaForm+1","BowlingBash+1","FearNoEvil+1","CutThroughFate+1","TalkToTheHand+1","Scrawl+1","Adaptation+1","MentalFortress+1","Fasting2+1","TalkToTheHand+1","Vengeance","Fasting2+1","ForeignInfluence","Worship+1"],"relics":["HolyWater","NeowsBlessing","StrikeDummy","Incense Burner","Frozen Egg 2","TungstenRod","Bird Faced Urn","Pear","Lantern","Centennial Puzzle","Happy Flower","Tiny House","Bag of Preparation","Bag of Marbles","MealTicket","CeramicFish","Mango","Bottled Flame","Anchor"],"acts_visited":["Exordium","TheCity","TheBeyond","TheEnding"],"potions_floor_usage":[55],"damage_taken":[{"damage":0.0,"enemies":"Cultist","floor":1.0,"turns":1.0},{"damage":0.0,"enemies":"Small Slimes","floor":4.0,"turns":1.0},{"damage":0.0,"enemies":"Jaw Worm","floor":5.0,"turns":1.0},{"damage":0.0,"enemies":"Gremlin Nob","floor":6.0,"turns":3.0},{"damage":14.0,"enemies":"3 Sentries","floor":8.0,"turns":6.0},{"damage":11.0,"enemies":"Gremlin Nob","floor":10.0,"turns":3.0},{"damage":15.0,"enemies":"3 Sentries","floor":13.0,"turns":6.0},{"damage":1.0,"enemies":"Looter","floor":14.0,"turns":2.0},{"damage":37.0,"enemies":"Slime Boss","floor":16.0,"turns":5.0},{"damage":0.0,"enemies":"Chosen","floor":18.0,"turns":4.0},{"damage":5.0,"enemies":"2 Thieves","floor":20.0,"turns":2.0},{"damage":25.0,"enemies":"Gremlin Leader","floor":23.0,"turns":4.0},{"damage":12.0,"enemies":"Shelled Parasite and Fungi","floor":24.0,"turns":3.0},{"damage":0.0,"enemies":"Snake Plant","floor":28.0,"turns":2.0},{"damage":6.0,"enemies":"Slavers","floor":31.0,"turns":3.0},{"damage":0.0,"enemies":"Collector","floor":33.0,"turns":4.0},{"damage":4.0,"enemies":"Orb Walker","floor":35.0,"turns":2.0},{"damage":0.0,"enemies":"3 Darklings","floor":37.0,"turns":3.0},{"damage":8.0,"enemies":"Spire Growth","floor":39.0,"turns":4.0},{"damage":0.0,"enemies":"Giant Head","floor":40.0,"turns":5.0},{"damage":0.0,"enemies":"Nemesis","floor":42.0,"turns":5.0},{"damage":0.0,"enemies":"Reptomancer","floor":44.0,"turns":1.0},{"damage":0.0,"enemies":"Transient","floor":46.0,"turns":5.0},{"damage":0.0,"enemies":"Giant Head","floor":47.0,"turns":4.0},{"damage":0.0,"enemies":"3 Darklings","floor":48.0,"turns":1.0},{"damage":42.0,"enemies":"Donu and Deca","floor":50.0,"turns":6.0},{"damage":59.0,"enemies":"Shield and Spear","floor":54.0,"turns":6.0},{"damage":65,"enemies":"The Heart","floor":55,"turns":8}],"seed_played":"2904740080906278355","potions_obtained":[{"floor":1.0,"key":"Regen Potion"},{"floor":4.0,"key":"SkillPotion"},{"floor":10.0,"key":"Regen Potion"},{"floor":18.0,"key":"SkillPotion"},{"floor":24.0,"key":"Swift Potion"},{"floor":33.0,"key":"BlessingOfTheForge"},{"floor":34.0,"key":"SmokeBomb"},{"floor":35.0,"key":"LiquidBronze"},{"floor":40.0,"key":"BottledMiracle"},{"floor":44.0,"key":"LiquidMemories"},{"floor":46.0,"key":"Swift Potion"},{"floor":47.0,"key":"FairyPotion"}],"is_trial":false,"path_per_floor":["M","?","$","M","M","E","R","E","T","E","$","?","E","M","R","B",null,"M","?","M","?","?","E","M","R","T","R","M","R","$","E","R","B",null,"M","?","M","$","M","E","R","E","T","E","R","M","E","M","R","B",null,"R","$","E","B",null],"character_chosen":"WATCHER","items_purchased":["SteroidPotion","Centennial Puzzle","Bag of Preparation","Vengeance","Fasting2+1","ForeignInfluence"],"campfire_rested":0,"item_purchase_floors":[11,30,38,53,53,53],"current_hp_per_floor":[65,53,53,53,53,53,53,39,39,28,28,22,36,39,39,6,63,67,67,66,66,66,47,48,48,48,48,50,50,50,48,48,54,80,80,80,86,86,85,87,87,87,87,101,101,101,101,101,101,61,91,91,101,52,36],"gold":75,"neow_bonus":"THREE_ENEMY_KILL","is_daily":false,"chose_seed":false,"campfire_upgraded":9,"win_rate":0.0,"timestamp":1613319108,"path_taken":["M","?","$","M","M","E","R","E","T","E","$","?","E","M","R","BOSS","M","?","M","?","?","E","M","R","T","R","M","R","$","E","R","BOSS","M","?","M","$","M","E","R","E","T","E","R","M","E","M","R","BOSS","R","$","E","BOSS"],"items_purchased_type":["Potion","Relic","Relic","Card","Card","Card"],"build_version":"2020-12-22","purchased_purges":4,"victory":true,"max_hp_per_floor":[72,72,72,72,72,72,72,72,72,72,72,72,82,82,82,82,82,82,82,82,82,82,82,82,82,82,82,82,82,82,82,82,82,87,87,87,87,87,87,87,87,87,87,101,101,101,101,101,101,101,101,101,101,101,101],"card_choices":[{"not_picked":["Protect","Prostrate"],"picked":"Adaptation","floor":1.0},{"not_picked":["EmptyBody","CrushJoints","Halt"],"picked":"SKIP","floor":4.0},{"not_picked":["Meditate","Evaluate"],"picked":"InnerPeace","floor":5.0},{"not_picked":["ClearTheMind","FollowUp","Blasphemy"],"picked":"SKIP","floor":6.0},{"not_picked":["Perseverance","CrushJoints","WaveOfTheHand"],"picked":"SKIP","floor":8.0},{"not_picked":["ThirdEye","ClearTheMind"],"picked":"Fasting2+1","floor":10.0},{"not_picked":["EmptyBody","ClearTheMind"],"picked":"FlurryOfBlows","floor":13.0},{"not_picked":["Meditate","Sanctity"],"picked":"ForeignInfluence","floor":14.0},{"not_picked":["LessonLearned","ConjureBlade"],"picked":"DevaForm+1","floor":16.0},{"not_picked":["ThirdEye","Collect","WindmillStrike"],"picked":"SKIP","floor":18.0},{"not_picked":["FlurryOfBlows","ClearTheMind","Conclude"],"picked":"SKIP","floor":20.0},{"not_picked":["Worship+1","Consecrate+1"],"picked":"BowlingBash","floor":23.0},{"not_picked":["Crescendo+1","DeceiveReality+1"],"picked":"FearNoEvil","floor":24.0},{"not_picked":["SandsOfTime","Consecrate"],"picked":"CutThroughFate","floor":28.0},{"not_picked":["Halt","EmptyFist+1"],"picked":"TalkToTheHand","floor":31.0},{"not_picked":["MasterReality+1","Alpha"],"picked":"Scrawl","floor":33.0},{"not_picked":["Crescendo","FollowUp"],"picked":"Adaptation+1","floor":34.0},{"not_picked":["Protect+1","JustLucky"],"picked":"SignatureMove+1","floor":35.0},{"not_picked":["Prostrate+1","Evaluate","FlurryOfBlows"],"picked":"SKIP","floor":37.0},{"not_picked":["CutThroughFate+1","Halt+1","Protect+1"],"picked":"SKIP","floor":39.0},{"not_picked":["PathToVictory+1","Consecrate","FollowUp"],"picked":"SKIP","floor":40.0},{"not_picked":["Judgement","PathToVictory","CrushJoints+1"],"picked":"SKIP","floor":42.0},{"not_picked":["InnerPeace","SashWhip+1"],"picked":"MentalFortress+1","floor":44.0},{"not_picked":["JustLucky","FlurryOfBlows+1"],"picked":"Fasting2+1","floor":46.0},{"not_picked":["ClearTheMind+1","FlyingSleeves"],"picked":"TalkToTheHand+1","floor":47.0},{"not_picked":["WheelKick","Consecrate+1","Halt+1"],"picked":"SKIP","floor":48.0},{"not_picked":["SashWhip+1","FearNoEvil+1"],"picked":"Worship+1","floor":54.0}],"player_experience":1028578,"relics_obtained":[{"floor":6.0,"key":"Incense Burner"},{"floor":8.0,"key":"Frozen Egg 2"},{"floor":9.0,"key":"TungstenRod"},{"floor":10.0,"key":"Bird Faced Urn"},{"floor":13.0,"key":"Pear"},{"floor":23.0,"key":"Lantern"},{"floor":31.0,"key":"Happy Flower"},{"floor":40.0,"key":"Bag of Marbles"},{"floor":42.0,"key":"MealTicket"},{"floor":43.0,"key":"CeramicFish"},{"floor":44.0,"key":"Mango"},{"floor":47.0,"key":"Bottled Flame"},{"floor":54.0,"key":"Anchor"}],"event_choices":[{"damage_healed":0.0,"max_hp_gain":0.0,"max_hp_loss":0.0,"gold_gain":0.0,"event_name":"Scrap Ooze","player_choice":"Success","floor":2.0,"gold_loss":0.0,"damage_taken":12.0,"relics_obtained":["StrikeDummy"]},{"cards_removed":["Defend_P"],"damage_healed":0.0,"max_hp_gain":0.0,"max_hp_loss":0.0,"gold_gain":0.0,"event_name":"Golden Wing","player_choice":"Card Removal","floor":12.0,"gold_loss":0.0,"damage_taken":7.0},{"damage_healed":0.0,"max_hp_gain":0.0,"max_hp_loss":0.0,"gold_gain":0.0,"event_name":"Back to Basics","player_choice":"Simplicity","floor":19.0,"gold_loss":0.0,"damage_taken":0.0,"cards_upgraded":["Strike_P","Strike_P","Strike_P","Defend_P","Defend_P"]},{"damage_healed":0.0,"max_hp_gain":0.0,"max_hp_loss":0.0,"gold_gain":0.0,"event_name":"Vampires","player_choice":"Ignored","floor":21.0,"gold_loss":0.0,"damage_taken":0.0},{"damage_healed":0.0,"max_hp_gain":0.0,"max_hp_loss":0.0,"gold_gain":99.0,"event_name":"Nest","player_choice":"Stole From Cult","floor":22.0,"gold_loss":0.0,"damage_taken":0.0},{"cards_removed":["FlurryOfBlows"],"damage_healed":0.0,"max_hp_gain":0.0,"max_hp_loss":0.0,"gold_gain":0.0,"event_name":"Falling","player_choice":"Removed Attack","floor":36.0,"gold_loss":0.0,"damage_taken":0.0}],"is_beta":false,"boss_relics":[{"not_picked":["Astrolabe","Ectoplasm"],"picked":"HolyWater"},{"not_picked":["Sozu","Empty Cage"],"picked":"Tiny House"}],"items_purged_floors":[3,11,30,53],"is_endless":false,"potions_floor_spawned":[1,4,10,18,24,33,35,40,44,46,47],"ascension_level":10}}