{"host":"08xvxt5w1s7zc7e5","time":1613299239,"event":{"mods":["AchievementEnabler","BaseMod","DeckTracker","Minty Spire (QoL Compilation)","Quick Restart","StSLib","SuperFastMode"],"gold_per_floor":[112,112,123,141,73,73,91,116,140,151,76,101,101,121,121,223,223,223],"floor_reached":17,"language":"KOR","playtime":395,"items_purged":["Strike_B"],"score":175,"play_id":"d222dcd4-031a-47d5-af8b-2c14a77a67cf","local_time":"20210214194039","is_ascension_mode":true,"campfire_choices":[{"data":"Chaos","floor":6,"key":"SMITH"},{"data":"Streamline","floor":13,"key":"SMITH"},{"floor":15,"key":"REST"}],"circlet_count":0,"master_deck":["Zap+1","Dualcast","Genetic Algorithm","Chaos+1","Static Discharge","All For One","Streamline+1","Cold Snap","Steam","Static Discharge","Machine Learning","Recycle","Chill","Machine Learning","Undo","White Noise","Capacitor","Chaos"],"relics":["Cracked Core","NeowsBlessing","Bronze Scales","Blood Vial","Centennial Puzzle","Pandora\u0027s Box"],"acts_visited":["Exordium","TheCity"],"potions_floor_usage":[12,12],"damage_taken":[{"damage":0,"enemies":"Small Slimes","floor":1,"turns":1},{"damage":0,"enemies":"Cultist","floor":3,"turns":1},{"damage":0,"enemies":"2 Louse","floor":4,"turns":1},{"damage":13,"enemies":"Exordium Wildlife","floor":7,"turns":4},{"damage":28,"enemies":"3 Sentries","floor":8,"turns":6},{"damage":2,"enemies":"Blue Slaver","floor":10,"turns":2},{"damage":9,"enemies":"Lagavulin","floor":12,"turns":3},{"damage":9,"enemies":"2 Fungi Beasts","floor":14,"turns":3},{"damage":26,"enemies":"Slime Boss","floor":16,"turns":8}],"seed_played":"-2250554992412071569","potions_obtained":[{"floor":1,"key":"FearPotion"},{"floor":4,"key":"AttackPotion"},{"floor":8,"key":"Energy Potion"},{"floor":12,"key":"SpeedPotion"},{"floor":16,"key":"FocusPotion"}],"is_trial":false,"path_per_floor":["M","?","M","M","$","R","M","E","T","M","$","E","R","M","R","B",null],"character_chosen":"DEFECT","items_purchased":["All For One"],"campfire_rested":1,"item_purchase_floors":[5],"current_hp_per_floor":[75,75,75,75,75,75,62,34,34,34,34,27,27,20,42,18,75,75],"gold":223,"neow_bonus":"THREE_ENEMY_KILL","is_daily":false,"chose_seed":false,"campfire_upgraded":2,"win_rate":0.0,"timestamp":1613299239,"path_taken":["M","?","?","?","$","R","M","E","T","?","?","E","R","M","R","BOSS"],"items_purchased_type":["Card"],"build_version":"2020-12-22","purchased_purges":1,"victory":false,"max_hp_per_floor":[75,75,75,75,75,75,75,75,75,75,75,75,75,75,75,75,75,75],"card_choices":[{"not_picked":["Storm","Lockon"],"picked":"Genetic Algorithm","floor":1},{"not_picked":["Heatsinks","Leap"],"picked":"Chaos","floor":3},{"not_picked":["Rebound","Compile Driver"],"picked":"Static Discharge","floor":4},{"not_picked":["Barrage","Reboot"],"picked":"Streamline","floor":7},{"not_picked":["Self Repair","Amplify","Rebound"],"picked":"SKIP","floor":8},{"not_picked":["Rip and Tear","Coolheaded"],"picked":"Cold Snap","floor":10},{"not_picked":["Stack","Loop"],"picked":"Steam","floor":12},{"not_picked":["Fusion","Steam"],"picked":"Static Discharge","floor":14},{"not_picked":["Core Surge","Hyperbeam"],"picked":"Machine Learning","floor":16}],"player_experience":372359,"relics_obtained":[{"floor":8,"key":"Bronze Scales"},{"floor":9,"key":"Blood Vial"},{"floor":12,"key":"Centennial Puzzle"}],"event_choices":[{"damage_healed":0,"gold_gain":0,"player_choice":"Forge","damage_taken":0,"max_hp_gain":0,"max_hp_loss":0,"event_name":"Accursed Blacksmith","floor":2,"gold_loss":0,"cards_upgraded":["Zap"]}],"is_beta":false,"boss_relics":[{"not_picked":["Nuclear Battery","FrozenCore"],"picked":"Pandora\u0027s Box"}],"items_purged_floors":[11],"is_endless":false,"potions_floor_spawned":[1,4,8,12,16],"ascension_level":1}}