{"host":"h2977v3ax51ohsow","time":1613281334,"event":{"mods":["Act Like it!","BaseMod","CapriCore","Colored Powertips","Hallownest","Marisa£®ÏF”Í°°ƒß¿Ì…≥£©","Minty Spire (QoL Compilation)","Quick Restart","Replay The Spire","StSLib","The Bug Knight","The Immortal","The Servant 0.9.4","noobMod","°æ“≈ŒÔø®≈∆°øREMEMod"],"gold_per_floor":[109,125,11,26,26,26,26,26,42,42,42,57,69,94,106,122,292,390,390,406,406,423,435,286,311,22,57,57,57,22,22,41,41,117,222,222,233,246,263,203,251,315,230,50,50,131,131,275,301,349,249,324,324,324,92,168,248],"floor_reached":58,"language":"ZHS","playtime":3125,"items_purged":["Hallucinations","MokouMod:Defend"],"score":1508,"play_id":"7a203971-82f0-4339-9686-1648f76d3a96","local_time":"20210214134213","is_ascension_mode":false,"campfire_choices":[{"data":"MokouMod:HeatSpark","floor":8,"key":"SMITH"},{"floor":47,"key":"RECALL"}],"circlet_count":0,"master_deck":["MokouMod:Strike","MokouMod:Strike","MokouMod:Strike","MokouMod:Strike","MokouMod:Defend","MokouMod:HeatSpark+1","MokouMod:CrimsonFlare","MokouMod:IndiscriminateIgnition","MokouMod:Ventilation+1","MokouMod:Fireball","MokouMod:Scorch","MokouMod:Rekindle","MokouMod:ResoluteFlare","MokouMod:ScorchedEarth","MokouMod:ScorchingColumn","MokouMod:EnchantingBambooForest","MokouMod:Afterburner+1","MokouMod:Sear+1","MokouMod:Firecracker","MokouMod:AdaptivePyromancy","MokouMod:AdaptivePyromancy","MokouMod:ResonanceReactor","MokouMod:HeartofFire","MokouMod:FujiyamaVolcano+1","MokouMod:Overheat+1","MokouMod:SacredFire","MokouMod:RisingSunBarrier","MokouMod:Singe+1","MokouMod:ResonatingAura","Hallownest:skillKingdomsEdgeMap","MokouMod:WarmUp+1","MokouMod:SacredFire","MokouMod:Ventilation","MokouMod:ProfanedFlare","MokouMod:HeatTransfer+1"],"relics":["MokouMod:PhoenixFeather","ice","REME_ComplimentaryCards","NeowsBlessing","Hallownest:DreamNailRelic","HollowMod:LifeEnderRelic","Replay:Multitool","Fusion Hammer","REME_CardOfGreed","TungstenRod","Membership Card","ReplayTheSpireMod:Ninjato","FossilizedHelix","Matryoshka","Hallownest:NailmastersGloryRelic","Replay:Bottled Steam","Ring of Chaos","ReplayTheSpireMod:TigerMarble","Replay:Bandana","ReplayTheSpireMod:CursedCoin","Pocketwatch","Hallownest:StagBellRelic1","Girya","REME_ArchaeologicalTools","REME_HandOfSuture","Chameleon Ring","Golden Egg"],"acts_visited":["Hallownest:Greenpath","Hallownest:CityofTears","Hallownest:KingdomsEdge","TheEnding"],"potions_floor_usage":[14,18,20,25,25,35,57,57],"damage_taken":[{"damage":0,"enemies":"Hallownest:monsterHuskGuard","floor":1,"turns":1},{"damage":0,"enemies":"2_ Uuma","floor":2,"turns":1},{"damage":0,"enemies":"Hallownest:2_Baldur","floor":4,"turns":2},{"damage":8,"enemies":"Hallownest:monsterMarmu","floor":7,"turns":5},{"damage":8,"enemies":"Hallownest:monsterFoolEater","floor":9,"turns":3},{"damage":8,"enemies":"Hallownest:Wandering_and_Horned","floor":12,"turns":4},{"damage":3,"enemies":"Hallownest:monsterMossCharger","floor":13,"turns":4},{"damage":0,"enemies":"Hallownest:eliteMossKnight","floor":14,"turns":4},{"damage":3,"enemies":"Hallownest:2_Tiktiks_1_Baldur_1_Crawlid","floor":15,"turns":1},{"damage":15,"enemies":"Hallownest:Guard_and_Warrior","floor":16,"turns":4},{"damage":27,"enemies":"Hallownest:BossBrokenVessel","floor":18,"turns":7},{"damage":8,"enemies":"Hallownest:Flukemon_and_Top","floor":20,"turns":4},{"damage":10,"enemies":"Hallownest:3_Youths","floor":22,"turns":5},{"damage":11,"enemies":"Hallownest:monsterShrumalOgre","floor":23,"turns":4},{"damage":27,"enemies":"Hallownest:eliteSoulWarrior","floor":25,"turns":3},{"damage":0,"enemies":"Hallownest:Nosk","floor":27,"turns":3},{"damage":6,"enemies":"Hallownest:Master_and_Novice","floor":32,"turns":3},{"damage":8,"enemies":"Hallownest:BossMantisLord","floor":35,"turns":2},{"damage":0,"enemies":"Hallownest:2_Littles","floor":37,"turns":2},{"damage":0,"enemies":"Hallownest:3_Siblings","floor":38,"turns":2},{"damage":0,"enemies":"Hallownest:Slobbering_and_Violent","floor":39,"turns":2},{"damage":0,"enemies":"Hallownest:Shield_Sturdy","floor":41,"turns":1},{"damage":0,"enemies":"Hallownest:StalkingDevout","floor":42,"turns":2},{"damage":0,"enemies":"Hallownest:Xero_Hu_Marmu","floor":46,"turns":1},{"damage":0,"enemies":"Hallownest:Slobbering_and_Violent","floor":48,"turns":2},{"damage":0,"enemies":"Hallownest:2_Soldiers_and_1_Guardian","floor":50,"turns":1},{"damage":7,"enemies":"Hallownest:BossGreyPrinceZote","floor":52,"turns":3},{"damage":0,"enemies":"Shield and Spear","floor":56,"turns":2},{"damage":0,"enemies":"The Heart","floor":57,"turns":4}],"seed_played":"1753051742894874986","potions_obtained":[{"floor":1,"key":"Flashbang"},{"floor":13,"key":"Fire Potion"},{"floor":15,"key":"Explosive Potion"},{"floor":18,"key":"SteroidPotion"},{"floor":20,"key":"Swift Potion"},{"floor":27,"key":"Weak Potion"},{"floor":35,"key":"Weak Potion"},{"floor":37,"key":"Weak Potion"},{"floor":42,"key":"Doom Potion"},{"floor":54,"key":"Toxic Potion"}],"is_trial":false,"path_per_floor":["M","M","$","M","PTL","PTL","?","R","M","?","T","M","M","E","M","M","R","B",null,"M","?","M","M","$","E","$","E","T","?","$","T","M","?","R","B",null,"M","M","M","$","M","E","?","?","T","M","R","M","T","M","R","B",null,"R","$","E","B",null],"character_chosen":"MKU","items_purchased":["MokouMod:Ventilation+1","REME_CardOfGreed","Membership Card","ReplayTheSpireMod:Ninjato","MokouMod:AdaptivePyromancy","MokouMod:HeartofFire","ReplayTheSpireMod:TigerMarble","Replay:Bandana","ReplayTheSpireMod:CursedCoin","Elixir","MokouMod:SacredFire","MokouMod:Ventilation","MokouMod:ProfanedFlare"],"campfire_rested":0,"item_purchase_floors":[3,24,26,26,26,30,40,40,40,40,55,55,55],"current_hp_per_floor":[75,75,75,75,75,75,67,67,59,59,59,51,48,48,45,30,30,75,75,67,67,57,46,46,19,19,19,19,19,19,19,13,13,13,92,92,92,92,92,92,92,92,92,92,92,92,92,92,92,92,92,85,124,124,124,124,124],"gold":248,"neow_bonus":"THREE_ENEMY_KILL","is_daily":false,"chose_seed":false,"campfire_upgraded":1,"win_rate":0.0,"timestamp":1613281333,"path_taken":["M","M","$","M","PTL","PTL","?","R","M","?","T","M","?","E","M","M","R","BOSS","M","?","M","M","$","E","$","E","T","?","?","?","M","?","R","BOSS","M","?","M","$","M","E","?","?","T","M","R","M","?","M","R","BOSS","R","$","E","BOSS"],"items_purchased_type":["Card","Relic","Relic","Relic","Card","Card","Relic","Relic","Relic","Potion","Card","Card","Card"],"build_version":"2020-12-22","purchased_purges":2,"victory":true,"max_hp_per_floor":[75,75,75,75,75,75,75,75,75,75,75,75,75,75,75,75,75,75,75,79,79,81,83,83,85,85,86,86,86,86,86,88,88,88,92,92,94,94,95,95,95,95,95,95,95,95,95,96,96,96,96,124,124,124,124,127,188],"card_choices":[{"not_picked":["MokouMod:Overheat","MokouMod:FujiyamaVolcano"],"picked":"MokouMod:CrimsonFlare","floor":1},{"not_picked":["MokouMod:FlickeringFlame","MokouMod:FlareStarter"],"picked":"MokouMod:IndiscriminateIgnition","floor":2},{"not_picked":["MokouMod:Extinguish","MokouMod:UncontrollableSolarReaction"],"picked":"MokouMod:Fireball","floor":4},{"not_picked":["MokouMod:Singe","MokouMod:FlickeringFlame"],"picked":"MokouMod:Scorch","floor":9},{"not_picked":["MokouMod:Overheat","MokouMod:HeatTransfer"],"picked":"MokouMod:Rekindle","floor":12},{"not_picked":["MokouMod:IcarusDive","MokouMod:Fireball"],"picked":"MokouMod:ResoluteFlare","floor":13},{"not_picked":["MokouMod:GuidingSmoke","MokouMod:FlamingFireTalons"],"picked":"MokouMod:ScorchedEarth","floor":14},{"not_picked":["MokouMod:GuidingSmoke","MokouMod:TemporalFireSeal","MokouMod:Ember"],"picked":"SKIP","floor":15},{"not_picked":["MokouMod:FlareStarter","MokouMod:UncontrollableSolarReaction"],"picked":"MokouMod:ScorchingColumn","floor":16},{"not_picked":["MokouMod:ProfanedFlare","MokouMod:SearingBlow"],"picked":"MokouMod:EnchantingBambooForest","floor":18},{"not_picked":["MokouMod:Ember+1","MokouMod:FlickeringFlame"],"picked":"MokouMod:Afterburner+1","floor":20},{"not_picked":["MokouMod:ScorchingColumn","MokouMod:InfernalWave","MokouMod:Ember"],"picked":"SKIP","floor":22},{"not_picked":["MokouMod:SubterraneanCore","MokouMod:AdaptivePyromancy"],"picked":"MokouMod:Sear+1","floor":23},{"not_picked":["MokouMod:HeatFactory","MokouMod:Singe"],"picked":"MokouMod:Firecracker","floor":25},{"not_picked":["MokouMod:FlamingFireTalons","MokouMod:FujiyamaVolcano"],"picked":"MokouMod:ResonanceReactor","floor":27},{"not_picked":["MokouMod:Wildfire","MokouMod:BurningHiddenBullet"],"picked":"MokouMod:FujiyamaVolcano+1","floor":32},{"not_picked":["MokouMod:Ember","MokouMod:FlareStarter"],"picked":"MokouMod:Overheat+1","floor":33},{"not_picked":["MokouMod:ProfanedFlare","MokouMod:Ventilation"],"picked":"MokouMod:SacredFire","floor":35},{"not_picked":["MokouMod:AdaptivePyromancy","MokouMod:FlickeringFlame+1"],"picked":"MokouMod:RisingSunBarrier","floor":37},{"not_picked":["MokouMod:IndiscriminateIgnition","MokouMod:FlickeringFlame+1","MokouMod:ResoluteFlare"],"picked":"SKIP","floor":38},{"not_picked":["MokouMod:FlareStarter","MokouMod:Firecracker"],"picked":"MokouMod:Singe+1","floor":39},{"not_picked":["MokouMod:EternalBurstReactor","MokouMod:Cataclysm","MokouMod:FlickeringFlame"],"picked":"SKIP","floor":41},{"not_picked":["MokouMod:WarmUp","MokouMod:AdaptivePyromancy"],"picked":"MokouMod:ResonatingAura","floor":42},{"not_picked":["MokouMod:IndiscriminateIgnition+1","MokouMod:PhoenixFeathers+1","MokouMod:Scorch"],"picked":"SKIP","floor":46},{"not_picked":["MokouMod:EternalBurstReactor+1","MokouMod:InfernalWave+1"],"picked":"MokouMod:WarmUp+1","floor":48},{"not_picked":["MokouMod:UncontrollableSolarReaction","MokouMod:FlareStarter","MokouMod:Firecracker+1"],"picked":"SKIP","floor":50},{"not_picked":["MokouMod:InfernalWave","MokouMod:Firecracker+1"],"picked":"MokouMod:HeatTransfer+1","floor":56}],"player_experience":146959,"relics_obtained":[{"floor":11,"key":"HollowMod:LifeEnderRelic"},{"floor":14,"key":"Replay:Multitool"},{"floor":25,"key":"TungstenRod"},{"floor":27,"key":"FossilizedHelix"},{"floor":28,"key":"Matryoshka"},{"floor":31,"key":"Replay:Bottled Steam"},{"floor":42,"key":"Pocketwatch"},{"floor":45,"key":"Girya"},{"floor":45,"key":"REME_ArchaeologicalTools"},{"floor":49,"key":"REME_HandOfSuture"},{"floor":56,"key":"Golden Egg"}],"event_choices":[],"is_beta":false,"boss_relics":[{"not_picked":["Kintsugi","REME_DuelDisc"],"picked":"Fusion Hammer"},{"not_picked":["Calling Bell","Replay:Bronze Core"],"picked":"Ring of Chaos"}],"items_purged_floors":[40,55],"is_endless":false,"potions_floor_spawned":[1,7,13,15,18,20,27,35,37,42],"ascension_level":0}}