{"host":"bsgp9wgausrmthh2","time":1613335234,"event":{"mods":["AchievementEnabler","BaseMod","Colored Map","Minty Spire (QoL Compilation)","StSLib"],"gold_per_floor":[113,132,10,10,85,111,111,127,180,193,193,50,50,60,60,163,163,128,128,148,70,90,90,51,51,78,78,97,97,97,97],"floor_reached":30,"language":"ENG","playtime":1716,"items_purged":[],"score":253,"play_id":"d5e71800-d01c-4554-955b-bed7e8e8ceef","local_time":"20210214154034","is_ascension_mode":false,"campfire_choices":[{"floor":7,"key":"RECALL"},{"data":"Defragment","floor":11,"key":"SMITH"},{"floor":15,"key":"REST"},{"floor":23,"key":"REST"},{"data":"Fusion","floor":27,"key":"SMITH"}],"circlet_count":0,"master_deck":["Strike_B+1","Strike_B+1","Strike_B+1","Strike_B+1","Defend_B+1","Defend_B+1","Defend_B+1","Defend_B+1","Zap","Dualcast","Defragment+1","FTL","Capacitor","Turbo","Machine Learning","Coolheaded","BootSequence","Hello World","Coolheaded","Barrage","Hologram","Biased Cognition","Cold Snap","Zap","Self Repair","Rebound","Conserve Battery","Fusion+1","Static Discharge","Stack"],"relics":["Cracked Core","NeowsBlessing","Ancient Tea Set","Question Card","Philosopher\u0027s Stone","Enchiridion","Blood Vial"],"acts_visited":["Exordium","TheCity"],"potions_floor_usage":[],"damage_taken":[{"damage":0,"enemies":"Jaw Worm","floor":1,"turns":1},{"damage":0,"enemies":"2 Louse","floor":2,"turns":1},{"damage":0,"enemies":"3 Sentries","floor":6,"turns":1},{"damage":5,"enemies":"Cultist","floor":8,"turns":4},{"damage":9,"enemies":"Red Slaver","floor":10,"turns":4},{"damage":9,"enemies":"3 Louse","floor":14,"turns":4},{"damage":33,"enemies":"The Guardian","floor":16,"turns":10},{"damage":25,"enemies":"2 Thieves","floor":18,"turns":5},{"damage":7,"enemies":"Shell Parasite","floor":20,"turns":5},{"damage":32,"enemies":"Snake Plant","floor":22,"turns":6},{"damage":16,"enemies":"3 Cultists","floor":28,"turns":3},{"damage":27,"enemies":"Sentry and Sphere","floor":30,"turns":3}],"seed_played":"6865471040551445353","potions_obtained":[{"floor":1,"key":"AttackPotion"},{"floor":8,"key":"PowerPotion"},{"floor":16,"key":"Dexterity Potion"}],"is_trial":false,"path_per_floor":["M","M","$","?","?","E","R","M","T","M","R","$","T","M","R","B",null,"M","?","M","$","M","R","$","?","T","R","M","?","M"],"character_chosen":"DEFECT","items_purchased":["Capacitor","Turbo","Hello World","Coolheaded","Barrage","Rebound","Conserve Battery","Static Discharge"],"campfire_rested":2,"item_purchase_floors":[3,3,12,12,12,21,21,24],"current_hp_per_floor":[75,75,75,80,69,69,69,64,64,55,55,55,55,46,70,37,80,55,55,48,48,23,47,47,31,31,31,24,24,0,0],"gold":97,"neow_bonus":"THREE_ENEMY_KILL","is_daily":false,"chose_seed":false,"campfire_upgraded":2,"win_rate":0.0,"timestamp":1613335234,"path_taken":["M","M","$","?","?","E","R","M","T","M","R","$","?","M","R","BOSS","M","?","M","$","?","R","?","?","T","R","M","?","?"],"items_purchased_type":["Card","Card","Card","Card","Card","Card","Card","Card"],"build_version":"2020-12-22","purchased_purges":0,"victory":false,"max_hp_per_floor":[75,75,75,80,80,80,80,80,80,80,80,80,80,80,80,80,80,80,80,80,80,80,80,80,80,80,80,80,80,80,80],"card_choices":[{"not_picked":["Rip and Tear","Steam Power"],"picked":"Defragment","floor":1},{"not_picked":["Sweeping Beam","Rip and Tear"],"picked":"FTL","floor":2},{"not_picked":["Scrape","Leap"],"picked":"Machine Learning","floor":6},{"not_picked":["Turbo","Melter"],"picked":"Coolheaded","floor":8},{"not_picked":["Redo","Gash"],"picked":"BootSequence","floor":10},{"not_picked":["Blizzard","Steam Power","Aggregate"],"picked":"Hologram","floor":14},{"not_picked":["Reboot","Hyperbeam","Buffer"],"picked":"Biased Cognition","floor":16},{"not_picked":["Hologram","Turbo+1","Gash"],"picked":"Cold Snap","floor":18},{"not_picked":["Beam Cell+1","Go for the Eyes","Aggregate"],"picked":"Self Repair","floor":20},{"not_picked":["Rip and Tear","Compile Driver","Redo"],"picked":"Fusion","floor":22},{"not_picked":["Steam Power+1","Force Field","Sunder"],"picked":"Stack","floor":28}],"player_experience":242346,"relics_obtained":[{"floor":6,"key":"Ancient Tea Set"},{"floor":13,"key":"Question Card"},{"floor":25,"key":"Enchiridion"},{"floor":26,"key":"Blood Vial"}],"event_choices":[{"damage_healed":0,"gold_gain":0,"player_choice":"Donut","damage_taken":0,"max_hp_gain":5,"max_hp_loss":0,"event_name":"Big Fish","floor":4,"gold_loss":0},{"damage_healed":0,"gold_gain":75,"player_choice":"Gather Gold","damage_taken":11,"max_hp_gain":0,"max_hp_loss":0,"event_name":"World of Goop","floor":5,"gold_loss":0},{"damage_healed":0,"gold_gain":0,"player_choice":"1 cards matched","damage_taken":0,"max_hp_gain":0,"max_hp_loss":0,"event_name":"Match and Keep!","floor":19,"gold_loss":0,"cards_obtained":["Zap"]},{"damage_healed":0,"gold_gain":0,"player_choice":"Obtained Book","damage_taken":16,"max_hp_gain":0,"max_hp_loss":0,"event_name":"Cursed Tome","floor":25,"gold_loss":0},{"damage_healed":0,"gold_gain":0,"player_choice":"Simplicity","damage_taken":0,"max_hp_gain":0,"max_hp_loss":0,"event_name":"Back to Basics","floor":29,"gold_loss":0,"cards_upgraded":["Strike_B","Strike_B","Strike_B","Strike_B","Defend_B","Defend_B","Defend_B","Defend_B"]}],"is_beta":false,"boss_relics":[{"not_picked":["Nuclear Battery","Calling Bell"],"picked":"Philosopher\u0027s Stone"}],"items_purged_floors":[],"is_endless":false,"potions_floor_spawned":[1,8,16],"killed_by":"Sentry and Sphere","ascension_level":0}}