{"host":"wk46m6kgjezp23jj","time":1613344964,"event":{"mods":["AchievementEnabler","BaseMod","Beaked The Cultist","Bestiary","Colored Map","Colored Powertips","Downfall","Hermit","Minty Spire (QoL Compilation)","Replay The Spire","StSLib","The Bladedancer","The Construct","The Cursed"],"gold_per_floor":[99,116,127,127,127,127,205,224,224,224,224,236,236,25,50,50,67,162,162,162,182,182,199,28,45,124,24,36,36,47,47,58,58,75,75,75,75],"floor_reached":35,"language":"ENG","playtime":2328,"items_purged":[],"score":274,"play_id":"0563f833-7fe8-44c9-aa1f-413268fbcba4","local_time":"20210214182244","is_ascension_mode":false,"campfire_choices":[{"data":"Slimebound:LivingWall","floor":6,"key":"SMITH"},{"data":"Slimebound:SplitAcid","floor":11,"key":"SMITH"},{"data":"expansioncontent:QuickStudy","floor":20,"key":"SMITH"},{"floor":27,"key":"RECALL"}],"circlet_count":0,"master_deck":["Slimebound:Strike_Slimebound","Slimebound:Tackle","Slimebound:Defend_Slimebound","Slimebound:Defend_Slimebound","Slimebound:Defend_Slimebound","Slimebound:Split","Slimebound:CorrosiveSpit","Slimebound:SplitAcid+1","Slimebound:LivingWall+1","Slimebound:SplitAcid","Slimebound:SplitBruiser","Slimebound:SplitMire","Slimebound:SplitAcid","expansioncontent:QuickStudy+1","Slimebound:GoopSpray","Slimebound:Repurpose","Slimebound:LeechLife","Slimebound:LivingWall","Slimebound:Schlurp","Slimebound:FormOfPuddle+1","Slimebound:Repurpose","Slimebound:ItLooksTasty","Necronomicurse","Slimebound:MegaLick","Slimebound:DouseInSlime","Slimebound:Schlurp"],"relics":["Slimebound:AbsorbEndCombat","Bronze Scales","Divine Protection","Blood Vial","bronze:MakeshiftBattery","Blue Doll","downfall:HeartBlessingBlue","Necronomicon"],"acts_visited":["Exordium","TheCity"],"potions_floor_usage":[30,35,35],"damage_taken":[{"damage":16,"enemies":"Cultist","floor":2,"turns":4},{"damage":3,"enemies":"Small Slimes","floor":3,"turns":3},{"damage":0,"enemies":"2 Louse","floor":8,"turns":1},{"damage":6,"enemies":"Large Slime","floor":12,"turns":4},{"damage":0,"enemies":"downfall:FleeingMerchant","floor":14,"turns":4},{"damage":0,"enemies":"Blue Slaver","floor":17,"turns":3},{"damage":22,"enemies":"DF_ARCHETYPE_STREAMLINE","floor":18,"turns":9},{"damage":0,"enemies":"Shell Parasite","floor":21,"turns":5},{"damage":0,"enemies":"3 Byrds","floor":23,"turns":2},{"damage":0,"enemies":"downfall:FleeingMerchant","floor":24,"turns":4},{"damage":0,"enemies":"Centurion and Healer","floor":25,"turns":5},{"damage":28,"enemies":"Cultist and Chosen","floor":28,"turns":6},{"damage":2,"enemies":"Sentry and Sphere","floor":30,"turns":4},{"damage":0,"enemies":"Snake Plant","floor":32,"turns":3},{"damage":0,"enemies":"Chosen and Byrds","floor":34,"turns":3},{"damage":88,"enemies":"IC_MUSHROOM_ARCHETYPE","floor":35,"turns":11}],"seed_played":"-7070765579113070405","potions_obtained":[{"floor":2,"key":"Adrenaline Potion"},{"floor":3,"key":"Block Potion"},{"floor":17,"key":"construct:ShiftPotion"},{"floor":18,"key":"SpeedPotion"},{"floor":23,"key":"BlessingOfTheForge"},{"floor":25,"key":"CultistPotion"}],"is_trial":false,"path_per_floor":["R_BF","M","M","?","?","R","T","M","PTL","PTL","R","M","?","$","T","?","M","B",null,"R","M","?","M","$","M","T","R","M","?","M","?","M","?","M","B"],"character_chosen":"SLIMEBOUND","items_purchased":["expansioncontent:QuickStudy","Slimebound:GoopSpray","Blue Doll"],"campfire_rested":0,"item_purchase_floors":[14,14,24],"current_hp_per_floor":[71,59,58,58,58,58,58,58,58,58,58,56,56,62,62,62,66,50,71,71,71,71,71,71,71,71,81,53,37,45,45,49,49,53,0,0,0],"gold":75,"neow_bonus":"TEN_PERCENT_HP_BONUS","is_daily":false,"chose_seed":false,"campfire_upgraded":3,"win_rate":0.0,"timestamp":1613344964,"path_taken":["R_BF","M","M","?","?","R","T","M","PTL","PTL","R","M","?","$","?","?","M","BOSS","R","M","?","M","$","M","T","R","?","?","M","?","?","?","M","BOSS"],"items_purchased_type":["Card","Card","Relic"],"build_version":"2020-12-22","purchased_purges":0,"victory":false,"max_hp_per_floor":[71,71,71,71,71,71,71,71,71,71,71,71,71,71,71,71,71,71,71,71,71,71,71,71,71,71,81,81,81,81,81,81,81,81,81,81,81],"card_choices":[{"not_picked":["Slimebound:RejuvenatingLick","Slimebound:ItLooksTasty"],"picked":"Slimebound:SplitAcid","floor":2},{"not_picked":["Slimebound:SplitLeeching","Slimebound:ComboTackle"],"picked":"Slimebound:LivingWall","floor":3},{"not_picked":["Slimebound:PressTheAttack","Slimebound:SplitBruiser"],"picked":"Slimebound:SplitAcid","floor":8},{"not_picked":["Slimebound:ItLooksTasty","Slimebound:SlimeSpikes"],"picked":"Slimebound:SplitBruiser","floor":12},{"not_picked":["Slimebound:GoopTackle","Slimebound:WasteNot"],"picked":"Slimebound:SplitAcid","floor":14},{"not_picked":["Slimebound:SlimeSpikes","Slimebound:FinishingTackle"],"picked":"Slimebound:Repurpose","floor":17},{"not_picked":["Slimebound:FirmFortitude","Slimebound:OneTwoCombo"],"picked":"Slimebound:LeechLife","floor":18},{"not_picked":["Slimebound:SlimeSpikes","Slimebound:HauntingLick"],"picked":"Slimebound:LivingWall","floor":21},{"not_picked":["Slimebound:Nibble+1","Slimebound:LeechEnergy"],"picked":"Slimebound:Schlurp","floor":23},{"not_picked":["Slimebound:Nibble","Slimebound:Chomp"],"picked":"Slimebound:FormOfPuddle+1","floor":24},{"not_picked":["Slimebound:ComboTackle","Slimebound:LeechEnergy+1"],"picked":"Slimebound:Repurpose","floor":25},{"not_picked":["Slimebound:FlameTackle","Slimebound:SplitAcid+1"],"picked":"Slimebound:ItLooksTasty","floor":28},{"not_picked":["Slimebound:Repurpose+1","Slimebound:DisruptingSlam+1"],"picked":"Slimebound:MegaLick","floor":30},{"not_picked":["Slimebound:SplitLeeching","Slimebound:GoopSpray+1"],"picked":"Slimebound:DouseInSlime","floor":32},{"not_picked":["Slimebound:LeechingTouch","Slimebound:SlimeSpikes"],"picked":"Slimebound:Schlurp","floor":34}],"player_experience":37419,"relics_obtained":[{"floor":7,"key":"Divine Protection"},{"floor":15,"key":"Blood Vial"},{"floor":29,"key":"Necronomicon"}],"event_choices":[{"damage_healed":0,"gold_gain":0,"cards_transformed":["Slimebound:Strike_Slimebound"],"player_choice":"Change","damage_taken":0,"max_hp_gain":0,"max_hp_loss":0,"event_name":"Living Wall","floor":13,"gold_loss":0,"cards_obtained":["Slimebound:SplitMire"]}],"is_beta":false,"boss_relics":[{"not_picked":["Replay:Drink Me","Velvet Choker"],"picked":"bronze:MakeshiftBattery"}],"items_purged_floors":[],"is_endless":false,"potions_floor_spawned":[2,3,17,18,21,23,25],"killed_by":"IC_MUSHROOM_ARCHETYPE","ascension_level":0}}