{"host":"630px4nyj50z5id8","time":1613302978,"event":{"mods":["BaseMod","Better Note","Colored Powertips","Good Game Mod","Minty Spire (QoL Compilation)","Quick Restart","Rare Cards Sparkle","Relic Filter Mod","Replay The Spire","StSLib","Waifu the Spire"],"gold_per_floor":[811,811,302,350,367,397,397,426,426,444,473,484,498,517,517,596,596,610,628,9,26,36,36,36,69,92,92,92,109,139,157,157,230,230,250,125,142,103,114,144,154,168,168,193,220,243,255,299,311,323],"floor_reached":51,"language":"ZHS","playtime":3188,"items_purged":["Strike_G","Expertise","Finisher"],"score":1506,"play_id":"afdb78fe-7537-49a6-8423-b572389422b5","local_time":"20210214194258","is_ascension_mode":true,"campfire_choices":[{"data":"Noxious Fumes","floor":23.0,"key":"SMITH"},{"data":"Poison Darts","floor":28.0,"key":"SMITH"},{"floor":32.0,"key":"DIG"},{"data":"All Out Attack","floor":49,"key":"PURGE"}],"circlet_count":1,"master_deck":["AscendersBane","Survivor+1","Neutralize","Poison Darts+1","Calculated Gamble+1","Neutralize","Noxious Fumes+1","Die Die Die","ReplayTheSpireMod:The Works","Escape Plan","Tools of the Trade+1","Draining Mist","Deflect","ReplayTheSpireMod:From All Sides","After Image+1","Dash","Burst","ReplayTheSpireMod:Tripwire","Die Die Die","Adrenaline","Prepared","Sadistic Nature+1","Concentrate","Catalyst","Escape Plan","Adrenaline","Acrobatics","Acrobatics+1","Blur","Replay:Bag of Tricks","Acrobatics","Madness","Madness","Night Terror"],"relics":["Ring of the Snake","REME:ComplimentaryCards","NeowsBlessing","Medical Kit","Frozen Egg 2","Replay:Baseball","Tough Bandages","Replay:Rubber Ducky","Meat on the Bone","Pantograph","Replay:Grab Bag","Coffee Dripper","Circlet","Pandora\u0027s Box","Bag of Preparation","Ancient Tea Set","MutagenicStrength","Garlic","Gremlin Food","Question Card","Onion Ring","Black Star","Byrd Skull","Mercury Hourglass","Replay:Accelerometer","MawBank","War Paint","Molten Egg 2","Letter Opener"],"acts_visited":["Exordium","TheCity","TheBeyond"],"potions_floor_usage":[50,50],"damage_taken":[{"damage":0.0,"enemies":"2 Louse","floor":1.0,"turns":1.0},{"damage":0.0,"enemies":"Cultist","floor":5.0,"turns":1.0},{"damage":0.0,"enemies":"3 Sentries","floor":6.0,"turns":2.0},{"damage":10.0,"enemies":"Lagavulin","floor":8.0,"turns":5.0},{"damage":1.0,"enemies":"Jaw Worm","floor":10.0,"turns":3.0},{"damage":3.0,"enemies":"Gremlin Nob","floor":11.0,"turns":3.0},{"damage":3.0,"enemies":"3 Louse","floor":12.0,"turns":3.0},{"damage":0.0,"enemies":"Blue Slaver","floor":13.0,"turns":4.0},{"damage":0.0,"enemies":"Exordium Wildlife","floor":14.0,"turns":2.0},{"damage":38.0,"enemies":"Slime Boss","floor":16.0,"turns":11.0},{"damage":0.0,"enemies":"Shell Parasite","floor":18.0,"turns":5.0},{"damage":8.0,"enemies":"2 Thieves","floor":19.0,"turns":3.0},{"damage":0.0,"enemies":"Sentry and Sphere","floor":21.0,"turns":3.0},{"damage":8.0,"enemies":"3 Cultists","floor":22.0,"turns":4.0},{"damage":2.0,"enemies":"Book of Stabbing","floor":25.0,"turns":4.0},{"damage":0.0,"enemies":"Centurion and Healer","floor":29.0,"turns":3.0},{"damage":0.0,"enemies":"Gremlin Leader","floor":30.0,"turns":3.0},{"damage":0.0,"enemies":"Snake Plant","floor":31.0,"turns":5.0},{"damage":1.0,"enemies":"Automaton","floor":33.0,"turns":6.0},{"damage":0.0,"enemies":"3 Shapes","floor":35.0,"turns":4.0},{"damage":0.0,"enemies":"3 Darklings","floor":37.0,"turns":2.0},{"damage":0.0,"enemies":"4 Shapes","floor":39.0,"turns":2.0},{"damage":0.0,"enemies":"R_Hoarder","floor":40.0,"turns":7.0},{"damage":0.0,"enemies":"Transient","floor":41.0,"turns":6.0},{"damage":0,"enemies":"Jaw Worm Horde","floor":42,"turns":2},{"damage":0,"enemies":"Nemesis","floor":44,"turns":1},{"damage":0,"enemies":"Sphere and 2 Shapes","floor":45,"turns":2},{"damage":0,"enemies":"Maw","floor":46,"turns":1},{"damage":0,"enemies":"Giant Head","floor":48,"turns":4},{"damage":17,"enemies":"Replay:Hell Engine","floor":50,"turns":10}],"seed_played":"-5694702288911014912","potions_obtained":[{"floor":1.0,"key":"Regen Potion"},{"floor":10.0,"key":"SteroidPotion"},{"floor":11.0,"key":"AttackPotion"},{"floor":12.0,"key":"PowerPotion"},{"floor":19.0,"key":"Swift Potion"},{"floor":25.0,"key":"Adrenaline Potion"},{"floor":31.0,"key":"Death Potion"},{"floor":33.0,"key":"Fire Potion"},{"floor":37.0,"key":"SkillPotion"},{"floor":39.0,"key":"Fruit Juice"},{"floor":41,"key":"Languid Potion"}],"is_trial":false,"path_per_floor":["M","?","$","T","M","E","?","E","T","M","E","M","M","M","R","B",null,"M","M","$","M","M","R","?","E","T","?","R","M","E","M","R","B",null,"M","$","M","$","M","E","M","M","T","E","M","M","?","E","R","B",null],"character_chosen":"THE_SILENT","items_purchased":["Medical Kit","Frozen Egg 2","Bag of Preparation","Ancient Tea Set","Sadistic Nature+1","Blur"],"campfire_rested":0,"item_purchase_floors":[3,3,20,20,20,38],"current_hp_per_floor":[59,59,59,59,59,59,59,62,62,61,58,55,55,55,55,40,60,60,52,52,52,44,44,44,42,42,38,38,38,38,38,38,62,65,65,65,65,65,70,70,70,70,70,70,70,70,57,57,57,54],"gold":335,"neow_bonus":"THREE_ENEMY_KILL","is_daily":false,"chose_seed":false,"campfire_upgraded":2,"win_rate":0.0,"timestamp":1613302978,"path_taken":["M","?","$","?","M","E","?","E","T","M","E","M","M","?","R","BOSS","M","M","$","M","M","R","?","E","T","?","R","M","E","M","R","BOSS","M","?","M","$","M","E","M","M","T","E","M","M","?","E","R","BOSS"],"items_purchased_type":["Relic","Relic","Relic","Relic","Card","Card"],"build_version":"2020-12-22","purchased_purges":3,"victory":true,"max_hp_per_floor":[66,66,66,66,66,66,66,66,66,66,66,66,66,66,66,66,66,66,66,66,66,66,66,66,66,66,66,66,66,66,66,66,66,66,66,66,66,66,71,71,71,71,71,71,71,71,71,71,71,71],"card_choices":[{"not_picked":["Cloak And Dagger","Dodge and Roll"],"picked":"Calculated Gamble","floor":1.0},{"not_picked":["Choke","Cloak And Dagger"],"picked":"ReplayTheSpireMod:The Works","floor":5.0},{"not_picked":["Dodge and Roll","Fluid Movement+1"],"picked":"Escape Plan","floor":6.0},{"not_picked":["Quick Slash","Predator","Underhanded Strike"],"picked":"SKIP","floor":8.0},{"not_picked":["Blade Dance","All Out Attack"],"picked":"Tools of the Trade+1","floor":10.0},{"not_picked":["Caltrops+1","Blur"],"picked":"Draining Mist","floor":11.0},{"not_picked":["Backflip","Flying Knee"],"picked":"Deflect","floor":12.0},{"not_picked":["Hidden Blade","Underhanded Strike","Blade Dance"],"picked":"SKIP","floor":13.0},{"not_picked":["All Out Attack","Outmaneuver","Skewer"],"picked":"SKIP","floor":14.0},{"not_picked":["Replay:Bag of Tricks","Poison Darts"],"picked":"After Image+1","floor":16.0},{"not_picked":["Quick Slash","Outmaneuver"],"picked":"Prepared","floor":18.0},{"not_picked":["Leg Sweep+1","Hidden Blade","Blade Dance"],"picked":"SKIP","floor":19.0},{"not_picked":["Flying Knee","Poisoned Stab","Endless Agony"],"picked":"SKIP","floor":21.0},{"not_picked":["Phantasmal Killer","Leg Sweep"],"picked":"Concentrate","floor":22.0},{"not_picked":["Leg Sweep","Dodge and Roll","Sucker Punch"],"picked":"SKIP","floor":25.0},{"not_picked":["Hidden Blade","Slice","Dagger Throw"],"picked":"SKIP","floor":29.0},{"not_picked":["Slice+1","Endless Agony"],"picked":"Catalyst","floor":30.0},{"not_picked":["Deadly Poison","Dagger Throw+1","Cloak And Dagger"],"picked":"Escape Plan","floor":31.0},{"not_picked":["ReplayTheSpireMod:From All Sides","Tools of the Trade+1","A Thousand Cuts+1"],"picked":"Adrenaline","floor":33.0},{"not_picked":["Blade Dance","Cloak And Dagger","Crippling Poison+1"],"picked":"Acrobatics","floor":35.0},{"not_picked":["Sucker Punch","Dodge and Roll","Eviscerate"],"picked":"Acrobatics","floor":37.0},{"not_picked":["Cloak And Dagger","Flechettes+1","Slice"],"picked":"Replay:Bag of Tricks","floor":39.0},{"not_picked":["All Out Attack+1","Backstab","Backflip+1","Underhanded Strike"],"picked":"SKIP","floor":40.0},{"not_picked":["Bane+1","PiercingWail+1","Dodge and Roll","Deadly Poison"],"picked":"SKIP","floor":41},{"not_picked":["Dodge and Roll+1","Dash","Quick Slash"],"picked":"Acrobatics","floor":42},{"not_picked":["Deflect","Replay:Poison Smokescreen","Endless Agony+1","Slice+1"],"picked":"SKIP","floor":44},{"not_picked":["Finisher+1","Replay:Bag of Tricks","Cloak And Dagger","Poisoned Stab"],"picked":"SKIP","floor":45},{"not_picked":["Deflect","Cloak And Dagger","Underhanded Strike","Accuracy+1"],"picked":"SKIP","floor":46},{"not_picked":["Deadly Poison+1","Dagger Throw+1","Toxin Wave"],"picked":"Night Terror","floor":48}],"player_experience":385205,"relics_obtained":[{"floor":4.0,"key":"Replay:Baseball"},{"floor":6.0,"key":"Tough Bandages"},{"floor":8.0,"key":"Replay:Rubber Ducky"},{"floor":9.0,"key":"Meat on the Bone"},{"floor":11.0,"key":"Pantograph"},{"floor":25.0,"key":"Garlic"},{"floor":26.0,"key":"Gremlin Food"},{"floor":30.0,"key":"Question Card"},{"floor":32.0,"key":"Onion Ring"},{"floor":40.0,"key":"Byrd Skull"},{"floor":40.0,"key":"Mercury Hourglass"},{"floor":43,"key":"Replay:Accelerometer"},{"floor":44,"key":"MawBank"},{"floor":44,"key":"War Paint"},{"floor":48,"key":"Molten Egg 2"},{"floor":48,"key":"Letter Opener"}],"event_choices":[{"damage_healed":0.0,"max_hp_gain":0.0,"max_hp_loss":0.0,"gold_gain":0.0,"event_name":"Match and Keep!","player_choice":"3 cards matched","floor":2.0,"gold_loss":0.0,"damage_taken":0.0,"cards_obtained":["Neutralize","Noxious Fumes","Die Die Die"]},{"damage_healed":0.0,"max_hp_gain":0.0,"max_hp_loss":0.0,"gold_gain":0.0,"event_name":"Drug Dealer","player_choice":"Inject Mutagens","floor":24.0,"gold_loss":0.0,"damage_taken":0.0,"relics_obtained":["MutagenicStrength"]},{"damage_healed":0.0,"max_hp_gain":0.0,"max_hp_loss":0.0,"gold_gain":0.0,"event_name":"The Woman in Blue","player_choice":"Bought 0 Potions","floor":27.0,"gold_loss":0.0,"damage_taken":0.0},{"damage_healed":0,"gold_gain":0,"player_choice":"Embrace Madness","damage_taken":13,"max_hp_gain":0,"max_hp_loss":0,"event_name":"Winding Halls","floor":47,"gold_loss":0,"cards_obtained":["Madness","Madness"]}],"is_beta":false,"boss_relics":[{"not_picked":["Velvet Choker","SacredBark"],"picked":"Replay:Grab Bag"},{"not_picked":["Sozu","Philosopher\u0027s Stone"],"picked":"Coffee Dripper"},{"not_picked":["Fusion Hammer","SlaversCollar"],"picked":"Circlet"},{"not_picked":["Empty Cage","Ring of the Serpent"],"picked":"Pandora\u0027s Box"},{"not_picked":["Calling Bell","Astrolabe"],"picked":"Black Star"}],"items_purged_floors":[3,20,36],"is_endless":false,"potions_floor_spawned":[1,10,11,12,19,25,31,33,37,39,41,46],"ascension_level":18}}