{"host":"f5gffvlv6a66yqkd","time":1613317660,"event":{"mods":["2.2 Compatiblity","BaseMod","Colored Map","Custom Start","DeckTracker","Keyboard Shortcuts","Minty Spire (QoL Compilation)","Permanent Neow","Quick Restart","Relic Stats","StSLib","SuperFastMode"],"gold_per_floor":[13,13,34,34,58,93,93,131,131,145,145,163,39,53,53,172,172,172,197,12,12,12,12,50,50,50,50,50,50,50],"floor_reached":29,"language":"KOR","playtime":616,"items_purged":["Strike_P"],"score":431,"play_id":"6ac0847b-acb4-4934-9535-3170fef5b9ba","local_time":"20210215004740","is_ascension_mode":true,"campfire_choices":[{"floor":7,"key":"REST"},{"data":"Eruption","floor":11,"key":"SMITH"},{"data":"Wallop","floor":15,"key":"SMITH"},{"data":"Adaptation","floor":23,"key":"SMITH"},{"data":"Ragnarok","floor":27,"key":"SMITH"}],"circlet_count":0,"master_deck":["Strike_P+1","Defend_P","Defend_P","Defend_P","Defend_P","Eruption+1","Vigilance+1","TalkToTheHand","CutThroughFate","Adaptation+1","Scrawl","FearNoEvil","Wallop+1","FlurryOfBlows","Ragnarok+1","Adaptation","EmptyFist+1"],"relics":["PureWater","WingedGreaves","Golden Idol","Singing Bowl","Pear","The Courier","Empty Cage","DollysMirror","Pantograph","White Beast Statue"],"acts_visited":["Exordium","TheCity"],"potions_floor_usage":[6,12,18],"damage_taken":[{"damage":4.0,"enemies":"2 Louse","floor":1.0,"turns":5.0},{"damage":7.0,"enemies":"Small Slimes","floor":3.0,"turns":4.0},{"damage":0.0,"enemies":"Cultist","floor":5.0,"turns":3.0},{"damage":4,"enemies":"Lagavulin","floor":6,"turns":5},{"damage":12,"enemies":"Gremlin Nob","floor":8,"turns":3},{"damage":6,"enemies":"Exordium Wildlife","floor":10,"turns":6},{"damage":11,"enemies":"Lots of Slimes","floor":12,"turns":3},{"damage":0,"enemies":"Large Slime","floor":14,"turns":3},{"damage":0,"enemies":"Slime Boss","floor":16,"turns":6},{"damage":0,"enemies":"2 Thieves","floor":18,"turns":1},{"damage":7,"enemies":"3 Byrds","floor":19,"turns":5},{"damage":56,"enemies":"Gremlin Leader","floor":24,"turns":6},{"damage":11,"enemies":"Centurion and Healer","floor":29,"turns":3}],"seed_played":"-4865078175189692761","potions_obtained":[{"floor":1.0,"key":"PowerPotion"},{"floor":10,"key":"GamblersBrew"},{"floor":12,"key":"SmokeBomb"},{"floor":16,"key":"SpeedPotion"},{"floor":28,"key":"Explosive Potion"},{"floor":28,"key":"Regen Potion"},{"floor":28,"key":"Strength Potion"}],"is_trial":false,"path_per_floor":["M","?","M","?","M","E","R","E","T","M","R","M","$","M","R","B",null,"M","M","$","?","?","R","E","$","T","R","?","M"],"character_chosen":"WATCHER","items_purchased":["FearNoEvil","Wallop","DollysMirror"],"campfire_rested":1,"item_purchase_floors":[13,13,20],"current_hp_per_floor":[61,43,36,22,22,20,42,40,40,36,36,27,27,27,27,27,73,73,68,68,68,68,68,12,12,12,12,12,1,1],"gold":50,"neow_bonus":"ONE_RARE_RELIC","is_daily":false,"chose_seed":false,"campfire_upgraded":4,"win_rate":0.0,"timestamp":1613317660,"path_taken":["M","?","M","?","M","E","R","E","T","M","R","M","$","M","R","BOSS","M","M","$","?","?","R","R","E","$","T","R","?","?"],"items_purchased_type":["Card","Card","Relic"],"build_version":"2020-12-22","purchased_purges":1,"victory":false,"max_hp_per_floor":[72,72,72,72,72,74,74,84,84,86,86,88,88,88,88,88,88,88,90,90,90,90,90,90,90,90,90,90,90,90],"relic_stats":{"Singing Bowl":8,"counters":[13,53],"Golden Idol":75,"Pantograph":0,"obtain_stats":[{"Pear":8,"Singing Bowl":6,"Golden Idol":2,"DollysMirror":20,"Pantograph":24,"WingedGreaves":0,"The Courier":9,"PureWater":0,"Empty Cage":17,"White Beast Statue":26},{"Pear":5,"Singing Bowl":4,"Golden Idol":1,"DollysMirror":11,"Pantograph":12,"WingedGreaves":0,"The Courier":5,"PureWater":0,"Empty Cage":9,"White Beast Statue":12},{"Pear":20,"Singing Bowl":17,"Golden Idol":5,"DollysMirror":44,"Pantograph":50,"WingedGreaves":0,"The Courier":20,"PureWater":0,"Empty Cage":38,"White Beast Statue":50}]},"card_choices":[{"not_picked":["Halt","BowlingBash"],"picked":"TalkToTheHand","floor":1.0},{"not_picked":["FollowUp","ForeignInfluence"],"picked":"CutThroughFate","floor":3.0},{"not_picked":["CrushJoints","Evaluate"],"picked":"Adaptation","floor":5.0},{"not_picked":["CutThroughFate","ConjureBlade","FlyingSleeves"],"picked":"Singing Bowl","floor":6},{"not_picked":["Fasting2","SashWhip"],"picked":"Scrawl","floor":8},{"not_picked":["CrushJoints","SashWhip","Meditate"],"picked":"Singing Bowl","floor":10},{"not_picked":["ReachHeaven","Crescendo","CrushJoints"],"picked":"Singing Bowl","floor":12},{"not_picked":["FlyingSleeves","Wallop"],"picked":"FlurryOfBlows","floor":14},{"not_picked":["DeusExMachina","Alpha"],"picked":"Ragnarok","floor":16},{"not_picked":["ClearTheMind+1","Sanctity","Consecrate"],"picked":"Singing Bowl","floor":19},{"not_picked":["Evaluate","ThirdEye"],"picked":"EmptyFist+1","floor":24}],"player_experience":1465906,"relics_obtained":[{"floor":6,"key":"Singing Bowl"},{"floor":8,"key":"Pear"},{"floor":9,"key":"The Courier"},{"floor":24,"key":"Pantograph"},{"floor":26,"key":"White Beast Statue"}],"event_choices":[{"damage_healed":0.0,"max_hp_gain":0.0,"max_hp_loss":0.0,"gold_gain":0.0,"event_name":"Golden Idol","player_choice":"Take Damage","floor":2.0,"gold_loss":0.0,"damage_taken":18.0,"relics_obtained":["Golden Idol"]},{"damage_healed":0.0,"max_hp_gain":0.0,"max_hp_loss":0.0,"gold_gain":0.0,"event_name":"Shining Light","player_choice":"Entered Light","floor":4.0,"gold_loss":0.0,"damage_taken":14.0,"cards_upgraded":["Strike_P","Vigilance"]},{"damage_healed":0,"gold_gain":0,"player_choice":"Ignored","damage_taken":0,"max_hp_gain":0,"max_hp_loss":0,"event_name":"Ghosts","floor":21,"gold_loss":0},{"damage_healed":0,"gold_gain":0,"player_choice":"Got Potions","damage_taken":0,"max_hp_gain":0,"max_hp_loss":0,"event_name":"Lab","floor":28,"gold_loss":0}],"is_beta":false,"boss_relics":[{"not_picked":["Runic Dome","SlaversCollar"],"picked":"Empty Cage"}],"items_purged_floors":[20],"is_endless":false,"potions_floor_spawned":[1,10,12,16,18],"killed_by":"Centurion and Healer","ascension_level":7}}