{"host":"jngeqill3bw7azzz","time":1613280694,"event":{"mods":["BaseMod","Highlight Path","Minty Spire (QoL Compilation)","Permanent Neow","Relic Stats"],"gold_per_floor":[119,136,148,248,266,266,295,295,369,380,380,410,420,15,15,86,86,96,96,21,32,51,51,78,90,102,148,180,225,237,249,261,346,358,387,232,244,244,77,77,103,103,103,103,133,150,150,180,180,180,180],"floor_reached":50,"language":"ENG","playtime":3692,"items_purged":["Defend_P"],"score":1692,"play_id":"64fba3d9-22b3-4c81-b62d-244386c17d2b","local_time":"20210214003134","is_ascension_mode":true,"campfire_choices":[{"data":"Eruption","floor":6.0,"key":"SMITH"},{"data":"EmptyFist","floor":8.0,"key":"SMITH"},{"data":"FlurryOfBlows","floor":11.0,"key":"SMITH"},{"data":"Adaptation","floor":15.0,"key":"SMITH"},{"data":"Strike_P","floor":23.0,"key":"PURGE"},{"data":"Defend_P","floor":25.0,"key":"PURGE"},{"data":"Strike_P","floor":30,"key":"PURGE"},{"data":"EmptyFist+1","floor":32,"key":"PURGE"},{"data":"Vault","floor":40,"key":"SMITH"},{"data":"TalkToTheHand","floor":44,"key":"SMITH"},{"floor":47,"key":"RECALL"},{"data":"Vigilance","floor":49,"key":"SMITH"}],"circlet_count":0,"master_deck":["AscendersBane","Eruption+1","Vigilance+1","FearNoEvil","TalkToTheHand+1","Adaptation+1","CutThroughFate","Ghostly","Ghostly","Ghostly","Vault+1"],"relics":["VioletLotus","Prayer Wheel","Sundial","Omamori","Peace Pipe","Empty Cage","MawBank","GoldenEye","Girya","Lantern","SacredBark","Bag of Preparation","Medical Kit","MealTicket","CaptainsWheel","Juzu Bracelet"],"acts_visited":["Exordium","TheCity","TheBeyond"],"potions_floor_usage":[29,29],"damage_taken":[{"damage":7.0,"enemies":"Jaw Worm","floor":1.0,"turns":4.0},{"damage":1.0,"enemies":"Cultist","floor":2.0,"turns":3.0},{"damage":3.0,"enemies":"Small Slimes","floor":3.0,"turns":3.0},{"damage":1.0,"enemies":"Looter","floor":5.0,"turns":4.0},{"damage":0.0,"enemies":"Gremlin Nob","floor":7.0,"turns":2.0},{"damage":4.0,"enemies":"2 Fungi Beasts","floor":10.0,"turns":3.0},{"damage":12.0,"enemies":"Lagavulin","floor":12.0,"turns":6.0},{"damage":5.0,"enemies":"Blue Slaver","floor":13.0,"turns":5.0},{"damage":0.0,"enemies":"Slime Boss","floor":16.0,"turns":2.0},{"damage":15.0,"enemies":"Shell Parasite","floor":18.0,"turns":4.0},{"damage":0.0,"enemies":"2 Thieves","floor":21.0,"turns":4.0},{"damage":1.0,"enemies":"Snake Plant","floor":22.0,"turns":4.0},{"damage":0.0,"enemies":"Slavers","floor":24.0,"turns":3.0},{"damage":1.0,"enemies":"Gremlin Leader","floor":27.0,"turns":5.0},{"damage":1.0,"enemies":"Cultist and Chosen","floor":28.0,"turns":5.0},{"damage":1,"enemies":"Slavers","floor":29,"turns":5},{"damage":0,"enemies":"Automaton","floor":33,"turns":4},{"damage":0,"enemies":"Orb Walker","floor":35,"turns":3},{"damage":1,"enemies":"3 Shapes","floor":37,"turns":3},{"damage":0,"enemies":"Reptomancer","floor":41,"turns":3},{"damage":0,"enemies":"Giant Head","floor":45,"turns":2},{"damage":2,"enemies":"3 Darklings","floor":46,"turns":3},{"damage":0,"enemies":"Nemesis","floor":48,"turns":2},{"damage":57,"enemies":"Time Eater","floor":50,"turns":10}],"seed_played":"-922728376053852144","potions_obtained":[{"floor":3.0,"key":"ColorlessPotion"},{"floor":7.0,"key":"SteroidPotion"},{"floor":12.0,"key":"Strength Potion"},{"floor":16.0,"key":"Swift Potion"},{"floor":21.0,"key":"AttackPotion"},{"floor":27.0,"key":"LiquidBronze"},{"floor":29,"key":"AttackPotion"},{"floor":41,"key":"Swift Potion"}],"is_trial":false,"path_per_floor":["M","M","M","?","M","R","E","R","T","M","R","E","M","$","R","B",null,"M","?","?","M","M","R","E","R","T","E","M","E","R","?","R","B",null,"M","$","M","?","$","R","E","?","T","R","E","M","R","E","R","B"],"character_chosen":"WATCHER","items_purchased":["Peace Pipe","Bag of Preparation","Medical Kit"],"campfire_rested":0,"item_purchase_floors":[14,36,39],"current_hp_per_floor":[54,53,50,50,49,49,49,49,49,45,45,33,28,28,28,28,58,43,34,34,34,33,33,33,33,33,32,31,30,30,30,30,30,33,33,33,32,32,32,32,32,32,32,32,32,30,30,30,30,0,0],"gold":180,"neow_bonus":"BOSS_RELIC","is_daily":false,"chose_seed":false,"campfire_upgraded":7,"win_rate":0.0,"timestamp":1613280694,"path_taken":["M","M","M","?","?","R","E","R","T","?","R","E","?","$","R","BOSS","M","?","?","M","M","R","E","R","T","E","M","E","R","?","R","BOSS","M","$","M","?","?","R","E","?","T","R","E","?","R","E","R","BOSS"],"items_purchased_type":["Relic","Relic","Relic"],"build_version":"2020-12-22","purchased_purges":1,"victory":false,"max_hp_per_floor":[68,68,68,68,68,68,68,68,68,68,68,68,68,68,68,68,68,68,34,34,34,34,34,34,34,34,34,34,34,34,34,34,34,34,34,34,34,34,34,34,34,34,34,34,34,34,34,34,34,34,34],"relic_stats":{"Peace Pipe":4,"counters":[24,92],"Sundial":[106],"Prayer Wheel":9,"MealTicket":0,"VioletLotus":[134],"Bag of Preparation":[12],"Juzu Bracelet":0,"MawBank":144,"GoldenEye":[14],"Medical Kit":[0],"obtain_stats":[{"Girya":27,"Lantern":29,"SacredBark":34,"Omamori":12,"Bag of Preparation":36,"Juzu Bracelet":48,"Empty Cage":17,"MawBank":24,"GoldenEye":26,"Medical Kit":39,"Peace Pipe":14,"CaptainsWheel":45,"Sundial":9,"Prayer Wheel":7,"MealTicket":41,"VioletLotus":0,"PureWater":0},{"Girya":14,"Lantern":16,"SacredBark":17,"Omamori":7,"Bag of Preparation":18,"Juzu Bracelet":23,"Empty Cage":9,"MawBank":13,"GoldenEye":13,"Medical Kit":19,"Peace Pipe":8,"CaptainsWheel":21,"Sundial":5,"Prayer Wheel":5,"MealTicket":20,"VioletLotus":0,"PureWater":0},{"Girya":52,"Lantern":62,"SacredBark":66,"Omamori":25,"Bag of Preparation":69,"Juzu Bracelet":82,"Empty Cage":32,"MawBank":47,"GoldenEye":47,"Medical Kit":72,"Peace Pipe":30,"CaptainsWheel":77,"Sundial":16,"Prayer Wheel":16,"MealTicket":75,"VioletLotus":0,"PureWater":0}]},"card_choices":[{"not_picked":["Protect","Consecrate"],"picked":"EmptyFist","floor":1.0},{"not_picked":["BowlingBash","EmptyFist","Perseverance"],"picked":"SKIP","floor":2.0},{"not_picked":["Prostrate","ThirdEye"],"picked":"FlurryOfBlows","floor":3.0},{"not_picked":["EmptyBody","EmptyFist"],"picked":"FearNoEvil","floor":5.0},{"not_picked":["JustLucky","Blasphemy"],"picked":"TalkToTheHand","floor":7.0},{"not_picked":["ClearTheMind","JustLucky"],"picked":"Adaptation","floor":10.0},{"not_picked":["Evaluate","Crescendo","WreathOfFlame"],"picked":"SKIP","floor":10.0},{"not_picked":["Collect","CrushJoints","DevaForm"],"picked":"SKIP","floor":12.0},{"not_picked":["WindmillStrike","Protect"],"picked":"CutThroughFate","floor":13.0},{"not_picked":["EmptyFist","Consecrate","Crescendo"],"picked":"SKIP","floor":13.0},{"not_picked":["CrushJoints+1","FollowUp+1","FlurryOfBlows"],"picked":"SKIP","floor":18.0},{"not_picked":["EmptyFist","EmptyBody","FlurryOfBlows"],"picked":"SKIP","floor":18.0},{"not_picked":["BowlingBash","MentalFortress"],"picked":"Vault","floor":21.0},{"not_picked":["Wallop","Evaluate","FlyingSleeves"],"picked":"SKIP","floor":21.0},{"not_picked":["Evaluate","ClearTheMind","EmptyBody"],"picked":"SKIP","floor":22.0},{"not_picked":["Prostrate","FollowUp","EmptyFist+1"],"picked":"SKIP","floor":22.0},{"not_picked":["DeceiveReality","SashWhip+1","Evaluate"],"picked":"SKIP","floor":24.0},{"not_picked":["DeceiveReality","SashWhip+1","Evaluate"],"picked":"SKIP","floor":24.0},{"not_picked":["FlyingSleeves","Vengeance","FlurryOfBlows"],"picked":"SKIP","floor":27.0},{"not_picked":["FlyingSleeves","Vengeance","FlurryOfBlows"],"picked":"SKIP","floor":27.0},{"not_picked":["WindmillStrike","Consecrate","Brilliance"],"picked":"SKIP","floor":28.0},{"not_picked":["Weave+1","Sanctity","EmptyFist+1"],"picked":"SKIP","floor":28.0},{"not_picked":["SandsOfTime","Perseverance","Consecrate"],"picked":"SKIP","floor":29},{"not_picked":["EmptyFist+1","EmptyMind","Evaluate"],"picked":"SKIP","floor":35},{"not_picked":["CutThroughFate","Collect","FlurryOfBlows"],"picked":"SKIP","floor":35},{"not_picked":["ReachHeaven","PathToVictory+1","Prostrate"],"picked":"SKIP","floor":37},{"not_picked":["ThirdEye+1","Consecrate","Halt+1"],"picked":"SKIP","floor":37},{"not_picked":["WindmillStrike","SashWhip","FlurryOfBlows"],"picked":"SKIP","floor":41},{"not_picked":["Prostrate","CarveReality","Ragnarok"],"picked":"SKIP","floor":45},{"not_picked":["Conclude","ClearTheMind+1","FollowUp"],"picked":"SKIP","floor":46},{"not_picked":["Prostrate","Protect","JustLucky"],"picked":"SKIP","floor":46},{"not_picked":["ClearTheMind","Fasting2+1","LessonLearned"],"picked":"SKIP","floor":48}],"player_experience":2640748,"relics_obtained":[{"floor":7.0,"key":"Prayer Wheel"},{"floor":9.0,"key":"Sundial"},{"floor":12.0,"key":"Omamori"},{"floor":24.0,"key":"MawBank"},{"floor":26.0,"key":"GoldenEye"},{"floor":27.0,"key":"Girya"},{"floor":29,"key":"Lantern"},{"floor":41,"key":"MealTicket"},{"floor":45,"key":"CaptainsWheel"},{"floor":48,"key":"Juzu Bracelet"}],"event_choices":[{"damage_healed":0.0,"max_hp_gain":0.0,"max_hp_loss":0.0,"gold_gain":100.0,"event_name":"Wheel of Change","player_choice":"Gold","floor":4.0,"gold_loss":0.0,"damage_taken":0.0},{"damage_healed":0.0,"max_hp_gain":0.0,"max_hp_loss":34.0,"gold_gain":0.0,"event_name":"Ghosts","player_choice":"Became a Ghost","floor":19.0,"gold_loss":0.0,"damage_taken":0.0,"cards_obtained":["Ghostly","Ghostly","Ghostly"]},{"cards_removed":["Strike_P"],"damage_healed":0.0,"max_hp_gain":0.0,"max_hp_loss":0.0,"gold_gain":0.0,"event_name":"Beggar","player_choice":"Gave Gold","floor":20.0,"gold_loss":75.0,"damage_taken":0.0},{"cards_removed":["Defend_P"],"damage_healed":0,"gold_gain":0,"player_choice":"Elegance","damage_taken":0,"max_hp_gain":0,"max_hp_loss":0,"event_name":"Back to Basics","floor":31,"gold_loss":0},{"damage_healed":0,"gold_gain":0,"player_choice":"Ignored","damage_taken":0,"max_hp_gain":0,"max_hp_loss":0,"event_name":"Tomb of Lord Red Mask","floor":38,"gold_loss":0},{"cards_removed":["FlurryOfBlows"],"damage_healed":0,"gold_gain":0,"player_choice":"Removed Attack","damage_taken":0,"max_hp_gain":0,"max_hp_loss":0,"event_name":"Falling","floor":42,"gold_loss":0}],"is_beta":false,"boss_relics":[{"not_picked":["Pandora\u0027s Box","Tiny House"],"picked":"Empty Cage"},{"not_picked":["Astrolabe","Velvet Choker"],"picked":"SacredBark"}],"items_purged_floors":[14],"is_endless":false,"potions_floor_spawned":[3,7,10,12,16,21,22,27,29,41,48],"killed_by":"Time Eater","ascension_level":20}}