{"host":"1n4zh8skucxnzijq","time":1613344125,"event":{"mods":["BaseMod","Minty Spire (QoL Compilation)","Quick Restart"],"gold_per_floor":[210,230,230,277,294,327,327,352,422,442,471,97,97,112,112,216,216,231,245,245,257,270,302,202,202,202,229,229,229],"floor_reached":28,"language":"ENG","playtime":1286,"items_purged":["Strike_R","Strike_R"],"score":419,"play_id":"9328b8f6-938f-44a6-87d0-04644aea6ccb","local_time":"20210214230845","is_ascension_mode":true,"campfire_choices":[{"data":"Bash","floor":7,"key":"SMITH"},{"data":"Body Slam","floor":15,"key":"SMITH"}],"circlet_count":0,"master_deck":["Strike_R","Strike_R","Strike_R","Defend_R","Defend_R","Defend_R","Bash+1","Body Slam+1","Ghostly Armor","Pommel Strike","Rage","Feed","Shrug It Off","Rampage","Dual Wield","Limit Break","Iron Wave+1","Armaments+1","Necronomicurse","Seeing Red","Offering","Body Slam+1","Warcry"],"relics":["Burning Blood","Ancient Tea Set","Letter Opener","Incense Burner","Pear","Mercury Hourglass","Vajra","Lee\u0027s Waffle","SlaversCollar","Necronomicon","Shovel","Bag of Preparation","Bag of Marbles"],"acts_visited":["Exordium","TheCity"],"potions_floor_usage":[11,11,11,23,23,27],"damage_taken":[{"damage":6,"enemies":"Jaw Worm","floor":1,"turns":4},{"damage":1,"enemies":"Cultist","floor":2,"turns":3},{"damage":4,"enemies":"2 Louse","floor":5,"turns":3},{"damage":32,"enemies":"Gremlin Nob","floor":6,"turns":4},{"damage":42,"enemies":"3 Sentries","floor":8,"turns":10},{"damage":13,"enemies":"Exordium Thugs","floor":10,"turns":5},{"damage":25,"enemies":"Lagavulin","floor":11,"turns":6},{"damage":0,"enemies":"Gremlin Gang","floor":14,"turns":3},{"damage":9,"enemies":"The Guardian","floor":16,"turns":13},{"damage":5,"enemies":"3 Byrds","floor":18,"turns":4},{"damage":12,"enemies":"Spheric Guardian","floor":19,"turns":6},{"damage":28,"enemies":"Snake Plant","floor":21,"turns":5},{"damage":36,"enemies":"Shelled Parasite and Fungi","floor":22,"turns":4},{"damage":19,"enemies":"Book of Stabbing","floor":23,"turns":5},{"damage":6,"enemies":"Slavers","floor":27,"turns":3},{"damage":28,"enemies":"Snecko","floor":28,"turns":3}],"seed_played":"-547740612491569063","potions_obtained":[{"floor":1,"key":"BloodPotion"},{"floor":2,"key":"ElixirPotion"},{"floor":8,"key":"Energy Potion"},{"floor":11,"key":"Swift Potion"},{"floor":21,"key":"SpeedPotion"},{"floor":23,"key":"GamblersBrew"}],"is_trial":false,"path_per_floor":["M","M","?","T","M","E","R","E","T","M","E","$","$","M","R","B",null,"M","M","?","M","M","E","$","?","T","E","M"],"character_chosen":"IRONCLAD","items_purchased":["Vajra","Lee\u0027s Waffle"],"campfire_rested":0,"item_purchase_floors":[12,12],"current_hp_per_floor":[72,77,70,70,72,46,46,10,20,16,15,100,100,103,103,100,102,103,97,81,59,32,19,19,19,19,22,0,0],"gold":229,"neow_bonus":"HUNDRED_GOLD","is_daily":false,"chose_seed":false,"campfire_upgraded":2,"win_rate":0.0,"timestamp":1613344125,"path_taken":["M","M","?","?","?","E","R","E","T","M","E","?","$","M","R","BOSS","M","M","?","M","M","E","$","?","T","E","M"],"items_purchased_type":["Relic","Relic"],"build_version":"2020-12-22","purchased_purges":2,"victory":false,"max_hp_per_floor":[80,80,80,80,80,80,80,80,90,93,93,100,100,103,103,103,103,103,103,103,103,106,106,106,106,106,109,109,109],"card_choices":[{"not_picked":["Blood for Blood","Anger"],"picked":"Body Slam","floor":1},{"not_picked":["Burning Pact","Second Wind"],"picked":"Ghostly Armor","floor":2},{"not_picked":["Whirlwind","Headbutt"],"picked":"Pommel Strike","floor":5},{"not_picked":["Wild Strike","Clothesline"],"picked":"Rage","floor":6},{"not_picked":["Body Slam","Seeing Red"],"picked":"Feed","floor":8},{"not_picked":["Combust","Havoc"],"picked":"Shrug It Off","floor":10},{"not_picked":["Second Wind","Shockwave"],"picked":"Rampage","floor":11},{"not_picked":["Headbutt","Uppercut"],"picked":"Dual Wield","floor":14},{"not_picked":["Fiend Fire","Bludgeon"],"picked":"Limit Break","floor":16},{"not_picked":["Carnage","Spot Weakness"],"picked":"Iron Wave+1","floor":18},{"not_picked":["Iron Wave+1","Clothesline"],"picked":"Armaments+1","floor":19},{"not_picked":["Anger","Sword Boomerang"],"picked":"Seeing Red","floor":21},{"not_picked":["Dark Embrace+1","Thunderclap+1","Flex"],"picked":"SKIP","floor":22},{"not_picked":["Clothesline","Dropkick"],"picked":"Offering","floor":23},{"not_picked":["Cleave","Sword Boomerang"],"picked":"Warcry","floor":27}],"player_experience":1054201,"relics_obtained":[{"floor":4,"key":"Ancient Tea Set"},{"floor":6,"key":"Letter Opener"},{"floor":8,"key":"Incense Burner"},{"floor":9,"key":"Pear"},{"floor":11,"key":"Mercury Hourglass"},{"floor":20,"key":"Necronomicon"},{"floor":23,"key":"Shovel"},{"floor":26,"key":"Bag of Preparation"},{"floor":27,"key":"Bag of Marbles"}],"event_choices":[{"cards_removed":["Defend_R"],"damage_healed":0,"gold_gain":0,"player_choice":"Card Removal","damage_taken":7,"max_hp_gain":0,"max_hp_loss":0,"event_name":"Golden Wing","floor":3,"gold_loss":0},{"damage_healed":0,"gold_gain":0,"player_choice":"Obtained Book","damage_taken":16,"max_hp_gain":0,"max_hp_loss":0,"event_name":"Cursed Tome","floor":20,"gold_loss":0},{"damage_healed":0,"gold_gain":0,"player_choice":"Copied","damage_taken":0,"max_hp_gain":0,"max_hp_loss":0,"event_name":"Duplicator","floor":25,"gold_loss":0,"cards_obtained":["Body Slam"]}],"is_beta":false,"boss_relics":[{"not_picked":["Astrolabe","Black Blood"],"picked":"SlaversCollar"}],"items_purged_floors":[12,24],"is_endless":false,"potions_floor_spawned":[1,2,8,10,11,21,23],"killed_by":"Snecko","ascension_level":6}}