{"host":"wbn3xdfsa5pc2kse","time":1613275888,"event":{"mods":["AchievementEnabler","BaseMod","Bestiary","Colored Map","Colored Powertips","Curses Come First","Highlight Path","Minty Spire (QoL Compilation)","Permanent Neow","Rare Cards Sparkle","Relic Stats","StSLib"],"gold_per_floor":[117,43,58,58,70,103,103,136,136,153,164,164,191,209,209,209,209],"floor_reached":16,"language":"ZHT","playtime":678,"items_purged":[],"score":220,"play_id":"1595d579-515d-4e94-81ce-7dd67e1411f0","local_time":"20210214121128","is_ascension_mode":true,"campfire_choices":[{"floor":7.0,"key":"REST"},{"data":"Clothesline","floor":15,"key":"SMITH"}],"circlet_count":0,"master_deck":["AscendersBane","Strike_R","Strike_R","Strike_R","Strike_R","Defend_R","Defend_R","Defend_R","Defend_R","Bash","Corruption","Infernal Blade","Feel No Pain","Clothesline+1","True Grit","Burning Pact","Bloodletting","Havoc+1","Feel No Pain","Evolve","Shrug It Off+1"],"relics":["Burning Blood","Magic Flower","Mummified Hand","Toxic Egg 2","Pantograph"],"acts_visited":["Exordium"],"potions_floor_usage":[10,13,16],"damage_taken":[{"damage":11.0,"enemies":"Cultist","floor":1.0,"turns":4.0},{"damage":0.0,"enemies":"Small Slimes","floor":3.0,"turns":4.0},{"damage":8.0,"enemies":"2 Louse","floor":5.0,"turns":3.0},{"damage":47.0,"enemies":"Gremlin Nob","floor":6.0,"turns":6.0},{"damage":33.0,"enemies":"Lagavulin","floor":8.0,"turns":9.0},{"damage":0,"enemies":"Exordium Thugs","floor":10,"turns":5},{"damage":7,"enemies":"Gremlin Gang","floor":11,"turns":5},{"damage":5,"enemies":"3 Sentries","floor":13,"turns":12},{"damage":9,"enemies":"Large Slime","floor":14,"turns":7},{"damage":73,"enemies":"Hexaghost","floor":16,"turns":12}],"seed_played":"-2046699591207115683","potions_obtained":[{"floor":1.0,"key":"Strength Potion"},{"floor":6.0,"key":"SpeedPotion"},{"floor":8.0,"key":"Dexterity Potion"},{"floor":13,"key":"SpeedPotion"}],"is_trial":false,"path_per_floor":["M","$","M","?","M","E","R","E","T","M","M","?","E","M","R","B"],"character_chosen":"IRONCLAD","items_purchased":["Feel No Pain"],"campfire_rested":1,"item_purchase_floors":[2],"current_hp_per_floor":[63,63,68,61,59,18,38,14,14,23,25,30,34,34,34,0,0],"gold":209,"neow_bonus":"THREE_RARE_CARDS","is_daily":false,"chose_seed":false,"campfire_upgraded":1,"win_rate":0.0,"timestamp":1613275888,"path_taken":["M","?","M","?","M","E","R","E","T","M","M","?","E","M","R","BOSS"],"items_purchased_type":["Card"],"build_version":"2020-12-22","purchased_purges":0,"victory":false,"max_hp_per_floor":[68,68,68,68,68,68,68,68,68,68,68,73,73,73,73,73,73],"relic_stats":{"counters":[10,67],"Mummified Hand":[19],"Pantograph":38,"Magic Flower":[28],"obtain_stats":[{"Mummified Hand":8,"Pantograph":13,"Magic Flower":6,"Toxic Egg 2":9,"Burning Blood":0},{"Mummified Hand":5,"Pantograph":8,"Magic Flower":4,"Toxic Egg 2":5,"Burning Blood":0},{"Mummified Hand":26,"Pantograph":48,"Magic Flower":17,"Toxic Egg 2":26,"Burning Blood":0}],"Burning Blood":68},"card_choices":[{"not_picked":["Impervious","Barricade"],"picked":"Corruption","floor":0.0},{"not_picked":["Thunderclap","Sword Boomerang"],"picked":"Infernal Blade","floor":1.0},{"not_picked":["Infernal Blade","Cleave"],"picked":"Clothesline","floor":3.0},{"not_picked":["Combust","Carnage"],"picked":"True Grit","floor":5.0},{"not_picked":["Power Through","Feel No Pain"],"picked":"Burning Pact","floor":6.0},{"not_picked":["Infernal Blade","Searing Blow"],"picked":"Bloodletting","floor":8.0},{"not_picked":["Dual Wield+1","Bloodletting+1"],"picked":"Havoc+1","floor":10},{"not_picked":["Headbutt","Sever Soul"],"picked":"Feel No Pain","floor":11},{"not_picked":["Thunderclap","Feel No Pain"],"picked":"Evolve","floor":13},{"not_picked":["Body Slam","Sword Boomerang"],"picked":"Shrug It Off+1","floor":14}],"player_experience":811105,"relics_obtained":[{"floor":6.0,"key":"Magic Flower"},{"floor":8.0,"key":"Mummified Hand"},{"floor":9.0,"key":"Toxic Egg 2"},{"floor":13,"key":"Pantograph"}],"event_choices":[{"cards_removed":["Strike_R"],"damage_healed":0.0,"max_hp_gain":0.0,"max_hp_loss":0.0,"gold_gain":0.0,"event_name":"Golden Wing","player_choice":"Card Removal","floor":4.0,"gold_loss":0.0,"damage_taken":7.0},{"damage_healed":0,"gold_gain":0,"player_choice":"Donut","damage_taken":0,"max_hp_gain":5,"max_hp_loss":0,"event_name":"Big Fish","floor":12,"gold_loss":0}],"is_beta":false,"boss_relics":[],"items_purged_floors":[],"is_endless":false,"potions_floor_spawned":[1,6,8,13],"killed_by":"Hexaghost","ascension_level":16}}