{"host":"1e3ivg30op4goso1","time":1613334313,"event":{"mods":["AchievementEnabler","Ascension Unlocker","BaseMod","Colored Map","Minty Spire (QoL Compilation)","Permanent Neow","Quick Restart","Relic Filter","StSLib","SuperFastMode"],"gold_per_floor":[119,119,119,269,285,285,311,311,311,0,12,12,12,32,32,32,32],"floor_reached":16,"language":"ENG","playtime":387,"items_purged":[],"score":246,"play_id":"1c1e549a-a9fd-4103-bdb9-eb1580ca4f44","local_time":"20210214152513","is_ascension_mode":true,"campfire_choices":[{"data":"1","floor":6,"key":"LIFT"},{"floor":13,"key":"REST"},{"data":"2","floor":15,"key":"LIFT"}],"circlet_count":0,"master_deck":["AscendersBane","Strike_B","Strike_B","Strike_B","Strike_B","Defend_B+1","Defend_B","Defend_B","Defend_B","Zap+1","Dualcast","CurseOfTheBell","FTL","Doubt","Gash","All For One","Bandage Up","Streamline","Go for the Eyes"],"relics":["Calling Bell","Boot","HornCleat","Girya","Bag of Preparation","Lantern","Shuriken"],"acts_visited":["Exordium"],"potions_floor_usage":[7,7],"damage_taken":[{"damage":19.0,"enemies":"Jaw Worm","floor":1.0,"turns":4.0},{"damage":0,"enemies":"2 Louse","floor":5,"turns":3},{"damage":0,"enemies":"Gremlin Nob","floor":7,"turns":3},{"damage":0,"enemies":"Cultist","floor":11,"turns":2},{"damage":9,"enemies":"Red Slaver","floor":14,"turns":3},{"damage":32,"enemies":"Slime Boss","floor":16,"turns":6}],"seed_played":"4674698136396473315","potions_obtained":[{"floor":1.0,"key":"FearPotion"},{"floor":5,"key":"ColorlessPotion"},{"floor":11,"key":"SpeedPotion"}],"is_trial":false,"path_per_floor":["M","?","$","?","M","R","E","?","T","$","M","$","R","M","R","B"],"character_chosen":"DEFECT","items_purchased":["All For One","Bandage Up","Streamline"],"campfire_rested":1,"item_purchase_floors":[10,10,10],"current_hp_per_floor":[45,24,24,24,24,24,24,13,13,13,17,17,38,33,33,5,5],"gold":32,"neow_bonus":"BOSS_RELIC","is_daily":false,"chose_seed":false,"campfire_upgraded":0,"win_rate":0.0,"timestamp":1613334313,"path_taken":["M","?","$","?","M","R","E","?","T","?","M","$","R","?","R","BOSS"],"items_purchased_type":["Card","Card","Card"],"build_version":"2020-12-22","purchased_purges":0,"victory":false,"max_hp_per_floor":[71,71,71,71,71,71,71,71,71,71,71,71,71,71,71,71,71],"card_choices":[{"not_picked":["Consume","Conserve Battery"],"picked":"FTL","floor":1.0},{"not_picked":["Rip and Tear","Stack"],"picked":"Gash","floor":5},{"not_picked":["Redo","Doom and Gloom","Static Discharge"],"picked":"SKIP","floor":7},{"not_picked":["Ball Lightning","Static Discharge","Barrage"],"picked":"SKIP","floor":11},{"not_picked":["Defragment","Leap"],"picked":"Go for the Eyes","floor":14}],"player_experience":3615,"relics_obtained":[{"floor":0.0,"key":"Boot"},{"floor":0.0,"key":"HornCleat"},{"floor":0.0,"key":"Girya"},{"floor":7,"key":"Bag of Preparation"},{"floor":9,"key":"Shuriken"}],"event_choices":[{"damage_healed":0.0,"max_hp_gain":0.0,"max_hp_loss":0.0,"gold_gain":0.0,"event_name":"Shining Light","player_choice":"Entered Light","floor":2.0,"gold_loss":0.0,"damage_taken":21.0,"cards_upgraded":["Zap","Defend_B"]},{"damage_healed":0,"gold_gain":150,"player_choice":"AGREE","damage_taken":0,"max_hp_gain":0,"max_hp_loss":0,"event_name":"Liars Game","floor":4,"gold_loss":0,"cards_obtained":["Doubt"]},{"damage_healed":0,"gold_gain":0,"player_choice":"Success","damage_taken":11,"relics_obtained":["Lantern"],"max_hp_gain":0,"max_hp_loss":0,"event_name":"Scrap Ooze","floor":8,"gold_loss":0}],"is_beta":false,"boss_relics":[],"items_purged_floors":[],"is_endless":false,"potions_floor_spawned":[1,5,11],"killed_by":"Slime Boss","ascension_level":20}}