{"host":"t7mx8yfj1no5p62f","time":1613329683,"event":{"mods":["BaseMod","Colored Map","Colored Powertips","Curses Come First","Minty Spire (QoL Compilation)","Relic Stats","StSLib"],"gold_per_floor":[367,380,530,47,12,12,40,40,63,95,111,123,150,47,47,121,121,133,33,46,60,60,60,73,102,125,140,140,15,31,47,47,47,47],"floor_reached":33,"language":"ENG","playtime":1315,"items_purged":["Doubt","Fire Breathing","Fire Breathing"],"score":624,"play_id":"fe450e3d-1c56-43cd-bad6-031a74336800","local_time":"20210214140803","is_ascension_mode":true,"campfire_choices":[{"data":"Body Slam","floor":6,"key":"SMITH"},{"data":"Entrench","floor":15,"key":"SMITH"},{"floor":23,"key":"REST"},{"floor":32,"key":"REST"}],"circlet_count":0,"master_deck":["AscendersBane","Bash","Body Slam+1","Headbutt","Rage+1","Juggernaut","Anger","Spot Weakness","Entrench+1","Shockwave","Armaments","Limit Break","Havoc","Demon Form","Ghostly Armor","Pommel Strike","Limit Break","Dropkick","Second Wind","Body Slam","Havoc+1","Intimidate+1","Reaper"],"relics":["Burning Blood","Sling","War Paint","Art of War","Lizard Tail","Anchor","Pandora\u0027s Box","WarpedTongs","Toxic Egg 2","Lantern"],"acts_visited":["Exordium","TheCity"],"potions_floor_usage":[12,12,13,16,21,27,27,27],"damage_taken":[{"damage":13,"enemies":"Cultist","floor":1,"turns":5},{"damage":6,"enemies":"2 Louse","floor":2,"turns":4},{"damage":31,"enemies":"Gremlin Nob","floor":7,"turns":4},{"damage":20,"enemies":"Lagavulin","floor":10,"turns":6},{"damage":0,"enemies":"Jaw Worm","floor":11,"turns":2},{"damage":1,"enemies":"Red Slaver","floor":12,"turns":3},{"damage":0,"enemies":"Gremlin Nob","floor":13,"turns":3},{"damage":30,"enemies":"Slime Boss","floor":16,"turns":9},{"damage":12,"enemies":"Chosen","floor":18,"turns":4},{"damage":41,"enemies":"Spheric Guardian","floor":20,"turns":6},{"damage":2,"enemies":"Centurion and Healer","floor":21,"turns":5},{"damage":27,"enemies":"Snecko","floor":24,"turns":5},{"damage":52,"enemies":"Gremlin Leader","floor":25,"turns":8},{"damage":28,"enemies":"Sentry and Sphere","floor":27,"turns":6},{"damage":13,"enemies":"Chosen and Byrds","floor":30,"turns":4},{"damage":15,"enemies":"Snake Plant","floor":31,"turns":5},{"damage":68,"enemies":"Automaton","floor":33,"turns":6}],"seed_played":"-6616226230970414896","potions_obtained":[{"floor":2,"key":"GamblersBrew"},{"floor":7,"key":"Energy Potion"},{"floor":12,"key":"AttackPotion"},{"floor":16,"key":"FairyPotion"},{"floor":20,"key":"Block Potion"},{"floor":24,"key":"EntropicBrew"},{"floor":30,"key":"HeartOfIron"}],"is_trial":false,"path_per_floor":["M","M","?","$","?","R","E","?","T","E","M","M","E","$","R","B",null,"M","$","M","M","?","R","M","E","T","M","?","$","M","M","R","B"],"character_chosen":"IRONCLAD","items_purchased":["Rage","Juggernaut","Sling","SkillPotion","Armaments"],"campfire_rested":2,"item_purchase_floors":[4,4,4,14,14],"current_hp_per_floor":[43,43,43,43,61,61,36,29,29,15,21,26,32,32,32,8,58,52,52,17,21,21,43,22,8,8,32,32,32,25,16,38,0,0],"gold":47,"neow_bonus":"TWO_FIFTY_GOLD","is_daily":false,"chose_seed":false,"campfire_upgraded":2,"win_rate":0.0,"timestamp":1613329683,"path_taken":["M","?","?","$","?","R","E","?","T","E","M","?","E","?","R","BOSS","M","$","M","M","?","R","M","E","T","?","?","$","M","?","R","BOSS"],"items_purchased_type":["Card","Card","Relic","Potion","Card"],"build_version":"2020-12-22","purchased_purges":3,"victory":false,"max_hp_per_floor":[75,75,75,75,75,75,75,75,75,75,75,75,75,75,75,75,75,75,75,75,75,75,75,75,75,75,75,75,75,75,75,75,75,75],"relic_stats":{"Lizard Tail":37,"counters":[17,85],"Pandora\u0027s Box":["Havoc","Demon Form","Fire Breathing","Fire Breathing","Ghostly Armor","Pommel Strike","Limit Break","Dropkick"],"Art of War":[14],"War Paint":["Defend_R","Rage"],"obtain_stats":[{"Lizard Tail":10,"Anchor":13,"Lantern":26,"Pandora\u0027s Box":17,"Art of War":9,"War Paint":7,"Toxic Egg 2":25,"Sling":4,"Burning Blood":0,"WarpedTongs":22},{"Lizard Tail":4,"Anchor":7,"Lantern":13,"Pandora\u0027s Box":8,"Art of War":3,"War Paint":3,"Toxic Egg 2":13,"Sling":2,"Burning Blood":0,"WarpedTongs":11},{"Lizard Tail":19,"Anchor":27,"Lantern":64,"Pandora\u0027s Box":36,"Art of War":13,"War Paint":13,"Toxic Egg 2":64,"Sling":9,"Burning Blood":0,"WarpedTongs":51}],"Burning Blood":96,"WarpedTongs":[34]},"card_choices":[{"not_picked":["Clash","Dual Wield"],"picked":"Body Slam","floor":1},{"not_picked":["Flex","Dark Embrace"],"picked":"Headbutt","floor":2},{"not_picked":["Body Slam","Twin Strike"],"picked":"Anger","floor":7},{"not_picked":["Rampage","Rupture","Warcry"],"picked":"SKIP","floor":10},{"not_picked":["Havoc","Entrench"],"picked":"Spot Weakness","floor":11},{"not_picked":["Dark Embrace","Warcry"],"picked":"Entrench","floor":12},{"not_picked":["Brutality","Inflame"],"picked":"Shockwave","floor":13},{"not_picked":["Bludgeon","Exhume"],"picked":"Limit Break","floor":16},{"not_picked":["Anger","Rampage","Clash"],"picked":"SKIP","floor":18},{"not_picked":["Anger","Headbutt+1"],"picked":"Second Wind","floor":20},{"not_picked":["Blood for Blood","Armaments","Pummel"],"picked":"SKIP","floor":21},{"not_picked":["True Grit","Armaments"],"picked":"Body Slam","floor":24},{"not_picked":["Dropkick+1","Blood for Blood"],"picked":"Havoc+1","floor":25},{"not_picked":["Thunderclap","Headbutt","Cleave"],"picked":"SKIP","floor":27},{"not_picked":["Cleave","Warcry+1"],"picked":"Intimidate+1","floor":30},{"not_picked":["Intimidate+1","Rupture"],"picked":"Reaper","floor":31}],"player_experience":1965084,"relics_obtained":[{"floor":7,"key":"War Paint"},{"floor":9,"key":"Art of War"},{"floor":10,"key":"Lizard Tail"},{"floor":13,"key":"Anchor"},{"floor":25,"key":"Toxic Egg 2"},{"floor":26,"key":"Lantern"}],"event_choices":[{"damage_healed":0,"gold_gain":150,"player_choice":"AGREE","damage_taken":0,"max_hp_gain":0,"max_hp_loss":0,"event_name":"Liars Game","floor":3,"gold_loss":0,"cards_obtained":["Doubt"]},{"damage_healed":18,"gold_gain":0,"player_choice":"Healed","damage_taken":0,"max_hp_gain":0,"max_hp_loss":0,"event_name":"The Cleric","floor":5,"gold_loss":35},{"cards_removed":["Strike_R"],"damage_healed":0,"gold_gain":0,"player_choice":"Card Removal","damage_taken":7,"max_hp_gain":0,"max_hp_loss":0,"event_name":"Golden Wing","floor":8,"gold_loss":0},{"damage_healed":0,"gold_gain":0,"player_choice":"Rummage","damage_taken":0,"relics_obtained":["WarpedTongs"],"max_hp_gain":0,"max_hp_loss":0,"event_name":"Accursed Blacksmith","floor":22,"gold_loss":0,"cards_obtained":["Pain"]},{"cards_removed":["Pain"],"damage_healed":0,"gold_gain":0,"player_choice":"Removed Curses","damage_taken":0,"max_hp_gain":0,"max_hp_loss":0,"event_name":"Fountain of Cleansing","floor":28,"gold_loss":0}],"is_beta":false,"boss_relics":[{"not_picked":["Velvet Choker","Empty Cage"],"picked":"Pandora\u0027s Box"}],"items_purged_floors":[4,19,29],"is_endless":false,"potions_floor_spawned":[2,7,10,12,16,20,24,30],"killed_by":"Automaton","ascension_level":20}}