{"host":"4gkev1dtxxhiue3x","time":1613303068,"event":{"mods":["AchievementEnabler","BaseMod","Colored Powertips","Minty Spire (QoL Compilation)","Relic Stats","Robot Space Explorer","StSLib"],"gold_per_floor":[116,133,208,208,53,53,53,31,31,50,86,86,106,56,56,176,176,190,190,205,205,221,221,264,289,312,312,336,336,163,183,183,314,314,327,341,281,299,324,324,339,374,374,39,372,372,386,399,399,399,399,399,137,169,169],"floor_reached":56,"language":"ENG","playtime":5278,"items_purged":["RobotSpaceExplorer:Strike","Doubt","RobotSpaceExplorer:Defend","Shame"],"score":1172,"play_id":"f96c2320-c195-4709-9994-d73da8476907","local_time":"20210214124428","is_ascension_mode":false,"campfire_choices":[{"floor":6,"key":"REST"},{"data":"RobotSpaceExplorer:MiniLasers","floor":12,"key":"SMITH"},{"data":"RobotSpaceExplorer:PowerGlove","floor":15,"key":"SMITH"},{"data":"RobotSpaceExplorer:DroneSwarm","floor":23,"key":"SMITH"},{"data":"RobotSpaceExplorer:ImprovisedAttack","floor":29,"key":"SMITH"},{"data":"RobotSpaceExplorer:StarLightning","floor":32,"key":"SMITH"},{"floor":40,"key":"RECALL"},{"data":"RobotSpaceExplorer:BigMissile","floor":49,"key":"SMITH"},{"data":"RobotSpaceExplorer:StarDust","floor":52,"key":"SMITH"}],"circlet_count":0,"master_deck":["RobotSpaceExplorer:Defend","RobotSpaceExplorer:Defend","RobotSpaceExplorer:Scan","RobotSpaceExplorer:MiniLasers+1","RobotSpaceExplorer:SurgingStrike","RobotSpaceExplorer:PowerGlove+1","RobotSpaceExplorer:StunGrenade","RobotSpaceExplorer:ScrapMissile","RobotSpaceExplorer:Pulsar","RobotSpaceExplorer:DroneSwarm+1","RobotSpaceExplorer:ImprovisedAttack+1","RobotSpaceExplorer:StarLightning+1","RobotSpaceExplorer:BigMissile+1","RobotSpaceExplorer:SelfCleaning+1","RobotSpaceExplorer:RigExplosive+1","Clumsy","RobotSpaceExplorer:FreezeRay","RobotSpaceExplorer:DroneSwarm","CurseOfTheBell","RobotSpaceExplorer:PowerGlove+1","RobotSpaceExplorer:Calculate","RobotSpaceExplorer:StunGrenade","RobotSpaceExplorer:PowerCollector","RobotSpaceExplorer:StarDust+1","Madness","Madness","Parasite","RobotSpaceExplorer:Accelerator"],"relics":["RobotSpaceExplorer:RoboCore","NeowsBlessing","RobotSpaceExplorer:PlasmaHourglass","Unceasing Top","Bird Faced Urn","Cursed Key","RobotSpaceExplorer:RingOfTheNewt","Pen Nib","Centennial Puzzle","Calling Bell","Smiling Mask","Pantograph","TungstenRod","Vajra","Du-Vu Doll","RobotSpaceExplorer:ClockworkSextant"],"acts_visited":["Exordium","TheCity","TheBeyond","TheEnding"],"potions_floor_usage":[16,20,33,33,39,39,41,41,42,42,47,47,50,54,54,55,55,55,55],"damage_taken":[{"damage":0,"enemies":"Small Slimes","floor":1,"turns":1},{"damage":0,"enemies":"2 Louse","floor":2,"turns":1},{"damage":0,"enemies":"Jaw Worm","floor":10,"turns":1},{"damage":11,"enemies":"Gremlin Nob","floor":11,"turns":3},{"damage":0,"enemies":"2 Fungi Beasts","floor":13,"turns":2},{"damage":11,"enemies":"Hexaghost","floor":16,"turns":8},{"damage":0,"enemies":"3 Byrds","floor":18,"turns":4},{"damage":0,"enemies":"Chosen","floor":20,"turns":4},{"damage":18,"enemies":"Shelled Parasite and Fungi","floor":22,"turns":4},{"damage":3,"enemies":"Gremlin Leader","floor":24,"turns":5},{"damage":7,"enemies":"Chosen and Byrds","floor":25,"turns":4},{"damage":2,"enemies":"Cultist and Chosen","floor":31,"turns":3},{"damage":23,"enemies":"Champ","floor":33,"turns":9},{"damage":1,"enemies":"Orb Walker","floor":35,"turns":2},{"damage":0,"enemies":"3 Shapes","floor":36,"turns":4},{"damage":8,"enemies":"Sphere and 2 Shapes","floor":38,"turns":3},{"damage":7,"enemies":"Transient","floor":39,"turns":5},{"damage":11,"enemies":"Jaw Worm Horde","floor":41,"turns":3},{"damage":16,"enemies":"Giant Head","floor":42,"turns":7},{"damage":3,"enemies":"Writhing Mass","floor":47,"turns":5},{"damage":12,"enemies":"Transient","floor":48,"turns":5},{"damage":60,"enemies":"Time Eater","floor":50,"turns":10},{"damage":41,"enemies":"Shield and Spear","floor":54,"turns":6},{"damage":61,"enemies":"The Heart","floor":55,"turns":8}],"seed_played":"1589394909551494093","potions_obtained":[{"floor":1,"key":"Weak Potion"},{"floor":10,"key":"LiquidMemories"},{"floor":13,"key":"AttackPotion"},{"floor":22,"key":"DuplicationPotion"},{"floor":24,"key":"RobotSpaceExplorer:PlasmaFlask"},{"floor":33,"key":"Strength Potion"},{"floor":39,"key":"AttackPotion"},{"floor":41,"key":"Energy Potion"},{"floor":47,"key":"Ancient Potion"},{"floor":54,"key":"Strength Potion"}],"is_trial":false,"path_per_floor":["M","M","?","?","$","R","?","$","T","M","E","R","M","?","R","B",null,"M","?","M","?","M","R","E","M","T","?","T","R","$","M","R","B",null,"M","M","?","M","M","R","M","E","T","$","?","?","M","M","R","B",null,"R","$","E","B",null],"character_chosen":"RobotSpaceExplorer","items_purchased":["RobotSpaceExplorer:PowerGlove","RobotSpaceExplorer:StunGrenade","RobotSpaceExplorer:FreezeRay","Du-Vu Doll","RobotSpaceExplorer:Accelerator","Energy Potion"],"campfire_rested":1,"item_purchase_floors":[5,8,30,44,53,53],"current_hp_per_floor":[75,75,64,46,46,68,65,65,65,65,54,54,54,54,54,47,75,75,75,75,75,61,61,62,59,59,59,59,59,59,63,63,46,75,75,75,75,69,68,68,65,63,63,63,63,55,66,62,62,27,75,75,75,40,20],"gold":169,"neow_bonus":"THREE_ENEMY_KILL","is_daily":false,"chose_seed":false,"campfire_upgraded":7,"win_rate":0.0,"timestamp":1613303068,"path_taken":["M","M","?","?","$","R","?","?","T","M","E","R","M","?","R","BOSS","M","?","?","?","?","R","E","M","T","?","?","R","$","?","R","BOSS","M","?","?","?","?","R","?","E","T","$","?","?","M","M","R","BOSS","R","$","E","BOSS"],"items_purchased_type":["Card","Card","Card","Relic","Card","Potion"],"build_version":"2020-12-22","purchased_purges":4,"victory":true,"max_hp_per_floor":[75,75,75,75,75,75,75,75,75,75,75,75,75,75,75,75,75,75,75,75,75,75,75,75,75,75,75,75,75,75,75,75,75,75,75,75,75,75,75,75,75,75,75,75,75,75,75,75,75,75,75,75,75,75,75],"relic_stats":{"Centennial Puzzle":[36],"counters":[24,107],"Bird Faced Urn":[115],"Pantograph":38,"Pen Nib":[10],"Cursed Key":3,"Smiling Mask":175,"obtain_stats":[{"RobotSpaceExplorer:ClockworkSextant":54,"NeowsBlessing":0,"Golden Idol":4,"RobotSpaceExplorer:PlasmaHourglass":7,"Vajra":42,"RobotSpaceExplorer:RoboCore":0,"RobotSpaceExplorer:RingOfTheNewt":24,"Pen Nib":26,"Cursed Key":17,"Smiling Mask":34,"Calling Bell":34,"Du-Vu Doll":44,"Centennial Puzzle":28,"Bird Faced Urn":11,"Pantograph":34,"Unceasing Top":9,"TungstenRod":34},{"RobotSpaceExplorer:ClockworkSextant":23,"NeowsBlessing":0,"Golden Idol":2,"RobotSpaceExplorer:PlasmaHourglass":2,"Vajra":19,"RobotSpaceExplorer:RoboCore":0,"RobotSpaceExplorer:RingOfTheNewt":10,"Pen Nib":11,"Cursed Key":6,"Smiling Mask":13,"Calling Bell":13,"Du-Vu Doll":19,"Centennial Puzzle":11,"Bird Faced Urn":4,"Pantograph":13,"Unceasing Top":2,"TungstenRod":13},{"RobotSpaceExplorer:ClockworkSextant":99,"NeowsBlessing":0,"Golden Idol":2,"RobotSpaceExplorer:PlasmaHourglass":2,"Vajra":73,"RobotSpaceExplorer:RoboCore":0,"RobotSpaceExplorer:RingOfTheNewt":33,"Pen Nib":37,"Cursed Key":16,"Smiling Mask":49,"Calling Bell":49,"Du-Vu Doll":73,"Centennial Puzzle":37,"Bird Faced Urn":6,"Pantograph":49,"Unceasing Top":2,"TungstenRod":49}],"Unceasing Top":[4],"TungstenRod":55},"card_choices":[{"not_picked":["RobotSpaceExplorer:ImprovisedAttack","RobotSpaceExplorer:Ammunition","RobotSpaceExplorer:SwiftStep"],"picked":"SKIP","floor":1},{"not_picked":["RobotSpaceExplorer:Probe","RobotSpaceExplorer:Reload"],"picked":"RobotSpaceExplorer:SurgingStrike","floor":2},{"not_picked":["RobotSpaceExplorer:Ammunition","RobotSpaceExplorer:GlueShot"],"picked":"RobotSpaceExplorer:ScrapMissile","floor":10},{"not_picked":["RobotSpaceExplorer:Explosion","RobotSpaceExplorer:ShockKick"],"picked":"RobotSpaceExplorer:Discharger","floor":11},{"not_picked":["RobotSpaceExplorer:FranticSearch","RobotSpaceExplorer:GlueShot"],"picked":"RobotSpaceExplorer:Pulsar","floor":13},{"not_picked":["RobotSpaceExplorer:Multitool","RobotSpaceExplorer:Comet"],"picked":"RobotSpaceExplorer:DroneSwarm","floor":16},{"not_picked":["RobotSpaceExplorer:GlueShot","RobotSpaceExplorer:MetalStrike+1"],"picked":"RobotSpaceExplorer:ImprovisedAttack","floor":18},{"not_picked":["RobotSpaceExplorer:FranticSearch","RobotSpaceExplorer:StunGrenade+1"],"picked":"RobotSpaceExplorer:BigMissile","floor":20},{"not_picked":["RobotSpaceExplorer:SwiftStep","RobotSpaceExplorer:Pulsar","RobotSpaceExplorer:SurgingStrike+1"],"picked":"SKIP","floor":22},{"not_picked":["RobotSpaceExplorer:Electroshield","RobotSpaceExplorer:FrostMissile"],"picked":"RobotSpaceExplorer:SelfCleaning+1","floor":24},{"not_picked":["RobotSpaceExplorer:Electroshield","RobotSpaceExplorer:MetalStrike"],"picked":"RobotSpaceExplorer:RigExplosive+1","floor":25},{"not_picked":["RobotSpaceExplorer:SlimeMissile","RobotSpaceExplorer:Counterblock","RobotSpaceExplorer:GlueShot"],"picked":"SKIP","floor":31},{"not_picked":["RobotSpaceExplorer:Comet","RobotSpaceExplorer:Scanner"],"picked":"RobotSpaceExplorer:DroneSwarm","floor":33},{"not_picked":["RobotSpaceExplorer:ScrapToss","RobotSpaceExplorer:ScrapMissile","RobotSpaceExplorer:StarLightning+1"],"picked":"SKIP","floor":35},{"not_picked":["RobotSpaceExplorer:FrostMissile+1","RobotSpaceExplorer:SlimeMissile+1"],"picked":"RobotSpaceExplorer:PowerGlove+1","floor":36},{"not_picked":["RobotSpaceExplorer:Ammunition","RobotSpaceExplorer:Jetpack+1","RobotSpaceExplorer:Probe"],"picked":"SKIP","floor":38},{"not_picked":["RobotSpaceExplorer:FranticSearch","RobotSpaceExplorer:Jetpack"],"picked":"RobotSpaceExplorer:PowerCollector","floor":39},{"not_picked":["RobotSpaceExplorer:FranticSearch","RobotSpaceExplorer:MetalStrike"],"picked":"RobotSpaceExplorer:StarDust","floor":41},{"not_picked":["RobotSpaceExplorer:SurgingStrike+1","RobotSpaceExplorer:SlimeMissile","RobotSpaceExplorer:MetalStrike"],"picked":"SKIP","floor":42},{"not_picked":["RobotSpaceExplorer:DoubleBlock","RobotSpaceExplorer:GlueShot","RobotSpaceExplorer:Jetpack"],"picked":"SKIP","floor":47},{"not_picked":["RobotSpaceExplorer:Blitz","RobotSpaceExplorer:SurgingStrike","RobotSpaceExplorer:ScrapMissile"],"picked":"SKIP","floor":48},{"not_picked":["RobotSpaceExplorer:FrostMissile","RobotSpaceExplorer:ImprovisedAttack","RobotSpaceExplorer:DoubleFind+1"],"picked":"SKIP","floor":54}],"player_experience":148333,"relics_obtained":[{"floor":9,"key":"Unceasing Top"},{"floor":11,"key":"Bird Faced Urn"},{"floor":24,"key":"RobotSpaceExplorer:RingOfTheNewt"},{"floor":26,"key":"Pen Nib"},{"floor":28,"key":"Centennial Puzzle"},{"floor":34,"key":"Smiling Mask"},{"floor":34,"key":"Pantograph"},{"floor":34,"key":"TungstenRod"},{"floor":42,"key":"Vajra"},{"floor":54,"key":"RobotSpaceExplorer:ClockworkSextant"}],"event_choices":[{"damage_healed":0,"gold_gain":75,"player_choice":"Gather Gold","damage_taken":11,"max_hp_gain":0,"max_hp_loss":0,"event_name":"World of Goop","floor":3,"gold_loss":0},{"damage_healed":0,"gold_gain":0,"player_choice":"Take Damage","damage_taken":18,"relics_obtained":["Golden Idol"],"max_hp_gain":0,"max_hp_loss":0,"event_name":"Golden Idol","floor":4,"gold_loss":0},{"damage_healed":0,"gold_gain":0,"player_choice":"Success","damage_taken":3,"relics_obtained":["RobotSpaceExplorer:PlasmaHourglass"],"max_hp_gain":0,"max_hp_loss":0,"event_name":"Scrap Ooze","floor":7,"gold_loss":0},{"cards_removed":["RobotSpaceExplorer:Strike"],"damage_healed":0,"gold_gain":0,"player_choice":"Card Removal","damage_taken":0,"max_hp_gain":0,"max_hp_loss":0,"event_name":"The Cleric","floor":14,"gold_loss":50},{"damage_healed":0,"gold_gain":0,"cards_transformed":["RobotSpaceExplorer:Strike"],"player_choice":"Transformed","damage_taken":0,"max_hp_gain":0,"max_hp_loss":0,"event_name":"Transmorgrifier","floor":19,"gold_loss":0,"cards_obtained":["RobotSpaceExplorer:StarLightning"]},{"cards_removed":["RobotSpaceExplorer:Discharger"],"damage_healed":0,"gold_gain":0,"player_choice":"Offered Uncommon","damage_taken":0,"max_hp_gain":0,"max_hp_loss":0,"event_name":"Bonfire Elementals","floor":21,"gold_loss":0},{"damage_healed":0,"gold_gain":0,"player_choice":"Ignored","damage_taken":0,"max_hp_gain":0,"max_hp_loss":0,"event_name":"Ghosts","floor":27,"gold_loss":0},{"damage_healed":0,"gold_gain":0,"cards_transformed":["RobotSpaceExplorer:Strike","RobotSpaceExplorer:Defend"],"player_choice":"Transformed Cards","damage_taken":0,"max_hp_gain":0,"max_hp_loss":0,"event_name":"Designer","floor":37,"gold_loss":60,"cards_obtained":["RobotSpaceExplorer:Calculate","RobotSpaceExplorer:StunGrenade"]},{"damage_healed":0,"gold_gain":333,"player_choice":"Gave Idol","damage_taken":0,"max_hp_gain":0,"max_hp_loss":0,"event_name":"The Moai Head","floor":45,"relics_lost":["Golden Idol"],"gold_loss":0},{"damage_healed":0,"gold_gain":0,"player_choice":"Embrace Madness","damage_taken":9,"max_hp_gain":0,"max_hp_loss":0,"event_name":"Winding Halls","floor":46,"gold_loss":0,"cards_obtained":["Madness","Madness"]}],"is_beta":false,"boss_relics":[{"not_picked":["SacredBark","RobotSpaceExplorer:Reprocessor"],"picked":"Cursed Key"},{"not_picked":["Astrolabe","Empty Cage"],"picked":"Calling Bell"}],"items_purged_floors":[5,30,44,53],"is_endless":false,"potions_floor_spawned":[1,10,13,22,24,33,39,41,47,48,54],"ascension_level":0}}