{"host":"bvp2uifzy1c463d9","time":1613274276,"event":{"mods":["AchievementEnabler","BaseMod","Better Note","Block Reminder","Bossed Relics","ChefMod","Colored Map","Colored Powertips","Energized Spire","Hermit","Highlight Path","Hubris","Infinite Spire","Minty Spire (QoL Compilation)","Random Character Button","Relic Sorter","Relic Stats","Reliquary","Replay The Spire","Robot Space Explorer","StSLib","The Blue Laboratory","The Jungle","The Servant 0.9.4","Wandering Minibosses"],"gold_per_floor":[112,131,144,23,23,23,61,84,84,84,103,120,134,148,148,257,257,267,286,305,230,254,254,287,287,287,287,305,111,126,143,143,252,252,267,284,284,300,320,325,325],"floor_reached":40,"language":"ENG","playtime":2104,"items_purged":["hermit:Strike_Hermit"],"score":468,"play_id":"ef95b56f-4137-4093-9dc3-6a059adb4233","local_time":"20210213214436","is_ascension_mode":false,"campfire_choices":[{"data":"hermit:GoldenBullet","floor":6,"key":"SMITH"},{"data":"hermit:Deadeye","floor":10,"key":"SMITH"},{"data":"hermit:BigShot","floor":15,"key":"SMITH"},{"floor":23,"key":"REST"},{"floor":32,"key":"REST"}],"circlet_count":0,"master_deck":["hermit:Strike_Hermit","hermit:Strike_Hermit+1","hermit:Strike_Hermit","hermit:Defend_Hermit+1","hermit:Defend_Hermit","hermit:Defend_Hermit+1","hermit:Defend_Hermit","hermit:Snapshot","hermit:Covet","hermit:Vantage+1","hermit:CalledShot","hermit:LowProfile","hermit:Scavenge","hermit:GoldenBullet+1","hermit:Deadeye+1","hermit:Snipe","hermit:DeadMansHand","hermit:BigShot+1","hermit:ItchyTrigger+1","hermit:OverwhelmingPower","hermit:Dive+1","hermit:Quickdraw","hermit:Headshot","infinitespire:Menacing","hermit:Horror","hermit:HoleUp","hermit:TakeAim","hermit:Dive","hermit:Roughhouse","hermit:Desperado","hermit:TrackingShot+1","Parasite","hermit:HoleUp+1"],"relics":["ReplayTheSpireMod:DimensionalGlitch","Durian","War Paint","Sozu","Bottled Tornado","Pen Nib","Whetstone","Replay:Rubber Ducky","SlaversCollar","hubris:Towel"],"acts_visited":["Exordium","TheCity","TheBeyond"],"potions_floor_usage":[12,31,40],"damage_taken":[{"damage":2,"enemies":"2 Louse","floor":1,"turns":2},{"damage":0,"enemies":"Cultist","floor":2,"turns":4},{"damage":0,"enemies":"Small Slimes","floor":3,"turns":3},{"damage":16,"enemies":"3 Sentries","floor":7,"turns":10},{"damage":5,"enemies":"Blue Slaver","floor":8,"turns":5},{"damage":0,"enemies":"Large Slime","floor":11,"turns":3},{"damage":0,"enemies":"3 Louse","floor":12,"turns":3},{"damage":0,"enemies":"Looter","floor":13,"turns":1},{"damage":0,"enemies":"Blue Slaver","floor":14,"turns":1},{"damage":29,"enemies":"Fading Forest","floor":16,"turns":11},{"damage":18,"enemies":"Shell Parasite","floor":18,"turns":3},{"damage":21,"enemies":"Chosen","floor":19,"turns":5},{"damage":13,"enemies":"Snecko","floor":20,"turns":4},{"damage":0,"enemies":"Shelled Parasite and Fungi","floor":22,"turns":6},{"damage":16,"enemies":"Nightmare","floor":24,"turns":5},{"damage":13,"enemies":"Chosen and Byrds","floor":28,"turns":4},{"damage":9,"enemies":"Centurion and Healer","floor":30,"turns":6},{"damage":6,"enemies":"Snake Plant","floor":31,"turns":3},{"damage":10,"enemies":"Champ","floor":33,"turns":11},{"damage":3,"enemies":"Orb Walker","floor":35,"turns":2},{"damage":21,"enemies":"3 Darklings","floor":36,"turns":6},{"damage":12,"enemies":"Writhing Mass","floor":38,"turns":5},{"damage":10,"enemies":"Transient","floor":39,"turns":5},{"damage":51,"enemies":"Reptomancer","floor":40,"turns":3}],"seed_played":"6582233748390185458","potions_obtained":[{"floor":7,"key":"EssenceOfSteel"},{"floor":8,"key":"ColorlessPotion"},{"floor":11,"key":"EssenceOfSteel"},{"floor":13,"key":"Explosive Potion"}],"is_trial":false,"path_per_floor":["M","M","M","$","?","R","E","M","T","R","M","M","M","M","R","B",null,"M","M","M","$","M","R","NM","?","T","?","M","$","M","M","R","B",null,"M","M","?","M","M","E"],"character_chosen":"HERMIT","items_purchased":["hermit:Scavenge","hermit:GoldenBullet","hermit:TakeAim","Replay:Rubber Ducky"],"campfire_rested":2,"item_purchase_floors":[4,4,29,29],"current_hp_per_floor":[73,73,73,73,73,73,62,57,57,57,57,57,57,57,57,32,80,62,41,28,28,28,52,36,36,36,36,23,23,14,8,32,22,80,77,56,56,44,34,0,0],"gold":325,"neow_bonus":"BOSS_RELIC","is_daily":false,"chose_seed":false,"campfire_upgraded":3,"win_rate":0.0,"timestamp":1613274276,"path_taken":["M","M","M","$","?","R","E","M","T","R","M","M","M","M","R","BOSS","M","M","M","$","?","R","NM","?","T","?","M","$","M","M","R","BOSS","M","M","?","M","M","E"],"items_purchased_type":["Card","Card","Card","Relic"],"build_version":"2020-12-22","purchased_purges":1,"victory":false,"max_hp_per_floor":[75,75,75,75,75,75,80,80,80,80,80,80,80,80,80,80,80,80,80,80,80,80,80,80,80,80,80,80,80,80,80,80,80,80,80,80,80,80,80,80,80],"relic_stats":{"Sozu":6,"counters":[24,111],"Pen Nib":[11],"Whetstone":["hermit:Strike_Hermit","hermit:ItchyTrigger"],"War Paint":["hermit:Defend_Hermit","hermit:Defend_Hermit"],"obtain_stats":[{"Sozu":17,"SlaversCollar":34,"Pen Nib":25,"Durian":7,"Whetstone":26,"War Paint":9,"Bottled Tornado":24,"hubris:Towel":37,"ReplayTheSpireMod:DimensionalGlitch":0,"hermit:Momento":0,"Replay:Rubber Ducky":29},{"Sozu":10,"SlaversCollar":19,"Pen Nib":15,"Durian":4,"Whetstone":15,"War Paint":5,"Bottled Tornado":15,"hubris:Towel":21,"ReplayTheSpireMod:DimensionalGlitch":0,"hermit:Momento":0,"Replay:Rubber Ducky":16},{"Sozu":43,"SlaversCollar":90,"Pen Nib":66,"Durian":19,"Whetstone":66,"War Paint":24,"Bottled Tornado":66,"hubris:Towel":98,"ReplayTheSpireMod:DimensionalGlitch":0,"hermit:Momento":0,"Replay:Rubber Ducky":70}]},"card_choices":[{"not_picked":["hermit:Quickdraw","hermit:Headshot"],"picked":"hermit:Vantage","floor":1},{"not_picked":["hermit:TakeCover","hermit:Maintenance"],"picked":"hermit:CalledShot","floor":2},{"not_picked":["hermit:DeadMansHand","hermit:Desperado"],"picked":"hermit:LowProfile","floor":3},{"not_picked":["hermit:ShadowCloak","hermit:OverwhelmingPower"],"picked":"hermit:Deadeye","floor":7},{"not_picked":["hermit:HoleUp","hermit:Cheat","hermit:Misfire"],"picked":"SKIP","floor":8},{"not_picked":["hermit:Vantage","hermit:Scavenge"],"picked":"hermit:Snipe","floor":11},{"not_picked":["hermit:Desperado","hermit:Showdown"],"picked":"hermit:DeadMansHand","floor":12},{"not_picked":["hermit:WideOpen","hermit:EternalForm"],"picked":"hermit:BigShot","floor":13},{"not_picked":["hermit:HighCaliber","hermit:Horror"],"picked":"hermit:ItchyTrigger","floor":14},{"not_picked":["hermit:FatalDesire","hermit:Reprieve"],"picked":"hermit:OverwhelmingPower","floor":16},{"not_picked":["hermit:SprayPray","hermit:PistolWhip"],"picked":"hermit:Dive+1","floor":18},{"not_picked":["hermit:ItchyTrigger","hermit:HighCaliber","hermit:WideOpen+1"],"picked":"SKIP","floor":19},{"not_picked":["hermit:GoldenBullet","hermit:DeadMansHand"],"picked":"hermit:Quickdraw","floor":20},{"not_picked":["hermit:Feint","hermit:SprayPray"],"picked":"hermit:Headshot","floor":22},{"not_picked":["ReplayTheSpireMod:Echoes of Time","infinitespire:Punishment"],"picked":"infinitespire:Menacing","floor":24},{"not_picked":["hermit:CursedWeapon+1","hermit:Quickdraw+1"],"picked":"hermit:Horror","floor":24},{"not_picked":["hermit:BigShot+1","hermit:CursedWeapon"],"picked":"hermit:HoleUp","floor":28},{"not_picked":["hermit:CalledShot","hermit:HighCaliber","hermit:Glare"],"picked":"SKIP","floor":30},{"not_picked":["hermit:Showdown","hermit:Maintenance+1"],"picked":"hermit:Dive","floor":31},{"not_picked":["hermit:FinalCanter","hermit:HeroicBravado"],"picked":"hermit:Roughhouse","floor":33},{"not_picked":["hermit:Midnight","hermit:NoHoldsBarred"],"picked":"hermit:Desperado","floor":35},{"not_picked":["hermit:Midnight+1","hermit:SprayPray"],"picked":"hermit:TrackingShot+1","floor":36},{"not_picked":["hermit:Cheat","hermit:Misfire+1"],"picked":"hermit:HoleUp+1","floor":38},{"not_picked":["hermit:Shortfuse+1","hermit:Quickdraw+1","hermit:Showdown"],"picked":"SKIP","floor":39}],"player_experience":346411,"relics_obtained":[{"floor":7,"key":"Durian"},{"floor":9,"key":"War Paint"},{"floor":24,"key":"Bottled Tornado"},{"floor":26,"key":"Whetstone"}],"event_choices":[{"damage_healed":0,"gold_gain":0,"player_choice":"Forge","damage_taken":0,"max_hp_gain":0,"max_hp_loss":0,"event_name":"Accursed Blacksmith","floor":5,"gold_loss":0,"cards_upgraded":["hermit:Vantage"]},{"damage_healed":0,"gold_gain":0,"player_choice":"Gave Potion","damage_taken":0,"relics_obtained":["Pen Nib"],"max_hp_gain":0,"max_hp_loss":0,"event_name":"WeMeetAgain","floor":25,"gold_loss":0},{"cards_removed":["infinitespire:Menacing"],"damage_healed":0,"gold_gain":0,"player_choice":"Give","damage_taken":0,"max_hp_gain":0,"max_hp_loss":0,"event_name":"betterNote:BetterNote","floor":27,"gold_loss":0,"cards_obtained":["None"]}],"is_beta":false,"boss_relics":[{"not_picked":["energizedSpire:CursedPentagram","Replay:Bronze Core"],"picked":"Sozu"},{"not_picked":["Coffee Dripper","Replay:Wanted Poster"],"picked":"SlaversCollar"}],"items_purged_floors":[21],"is_endless":true,"potions_floor_spawned":[7,8,11,13,14,19,22,24,30,35,36],"killed_by":"Reptomancer","ascension_level":0}}