{"host":"k1qq3tnzhl68zvao","time":1613335082,"event":{"mods":["ATMod(阿瑾Mod)","AchievementEnabler","BaseMod","Colored Powertips","Conspire","DeckTracker","Downfall","Energized Spire","GifTheSpireLib","Minty Spire (QoL Compilation)","Quick Restart","Relic Filter Mod","Replay The Spire","Spicy Shops","StSLib","【遗物卡牌】REMEMod"],"gold_per_floor":[113,126,139,150,225,252,263,188,211,238,238,256,181,209,209,286,286,305,230,242,592,518,518,528,557,557,577,577,577],"floor_reached":28,"language":"ZHS","playtime":1241,"items_purged":["Defend_R"],"score":703,"play_id":"50d44de8-efba-4d4a-ae94-200cc3870deb","local_time":"20210215043802","is_ascension_mode":true,"campfire_choices":[{"data":"AT_BreakingExtremeWeapon","floor":11.0,"key":"SMITH"},{"data":"True Grit","floor":15.0,"key":"SMITH"},{"floor":23.0,"key":"RECALL"}],"circlet_count":0,"master_deck":["AscendersBane","Strike_R","Strike_R","Strike_R","Defend_R","Defend_R","Bash","AT_BreakingExtremeWeapon+1","Replay:Many Hands","Battle Trance","True Grit+1","Offering","Reaper","Dual Wield","AbeCurse","Injury","ReplayTheSpireMod:Muscle Training","REME_SingleHolding","Flex+1","Sickly","Languid","Spreading Infection","Writhe"],"relics":["Burning Blood","AT_ATBox","REME_ComplimentaryCards","Ornamental Fan","Replay:Baseball","Replay:Rubber Ducky","REME_HandOfSuture","Abe\u0027s Treasure","Ring of Greed","MealTicket","Old Coin","Replay:PocketPolymizer","conspire:DecoderRing","Mummified Hand"],"acts_visited":["Exordium","TheCity"],"potions_floor_usage":[25],"damage_taken":[{"damage":7.0,"enemies":"Jaw Worm","floor":1.0,"turns":3.0},{"damage":3.0,"enemies":"2 Louse","floor":2.0,"turns":3.0},{"damage":5.0,"enemies":"Small Slimes","floor":3.0,"turns":4.0},{"damage":6.0,"enemies":"Exordium Thugs","floor":4.0,"turns":3.0},{"damage":33.0,"enemies":"Lagavulin","floor":6.0,"turns":5.0},{"damage":7.0,"enemies":"Gremlin Gang","floor":7.0,"turns":4.0},{"damage":12.0,"enemies":"3 Sentries","floor":10.0,"turns":5.0},{"damage":7.0,"enemies":"Looter","floor":12.0,"turns":2.0},{"damage":6.0,"enemies":"Lagavulin","floor":14.0,"turns":3.0},{"damage":6.0,"enemies":"Slime Boss","floor":16.0,"turns":2.0},{"damage":5.0,"enemies":"Chosen","floor":18.0,"turns":2.0},{"damage":12.0,"enemies":"2 Thieves","floor":20.0,"turns":3.0},{"damage":31.0,"enemies":"conspire:MimicChest","floor":22.0,"turns":4.0},{"damage":0.0,"enemies":"Centurion and Healer","floor":24.0,"turns":2.0},{"damage":68,"enemies":"Slavers","floor":25,"turns":6},{"damage":0,"enemies":"Snake Plant","floor":27,"turns":2},{"damage":6,"enemies":"Sentry and Sphere","floor":28,"turns":3}],"seed_played":"4212777274087917838","potions_obtained":[{"floor":6.0,"key":"AttackPotion"},{"floor":10.0,"key":"BlessingOfTheForge"},{"floor":12.0,"key":"Regen Potion"},{"floor":16.0,"key":"EssenceOfSteel"},{"floor":24.0,"key":"REME_GoldPotion"}],"is_trial":false,"path_per_floor":["M","M","M","M","?","E","M","?","T","E","R","M","$","E","R","B",null,"M","?","M","?","?","R","M","E","T","M","M"],"character_chosen":"IRONCLAD","items_purchased":[],"campfire_rested":0,"item_purchase_floors":[],"current_hp_per_floor":[74,77,78,78,67,40,39,39,39,33,33,32,32,59,59,59,76,77,77,82,82,63,63,81,20,20,26,23,23],"gold":577,"neow_bonus":"TEN_PERCENT_HP_BONUS","is_daily":false,"chose_seed":false,"campfire_upgraded":2,"win_rate":0.0,"timestamp":1613335082,"path_taken":["M","M","M","M","?","E","M","?","T","E","R","M","$","E","R","BOSS","M","?","M","?","?","R","M","E","T","?","M"],"items_purchased_type":[],"build_version":"2020-12-22","purchased_purges":1,"victory":false,"max_hp_per_floor":[82,82,82,82,82,82,82,82,82,82,82,82,82,82,82,82,82,82,82,82,82,82,82,82,82,82,82,82,82],"card_choices":[{"not_picked":["AT_IchimonjiDouble","Uppercut"],"picked":"Battle Trance","floor":1.0},{"not_picked":["Reckless Charge","Wild Strike","Power Through"],"picked":"SKIP","floor":2.0},{"not_picked":["Thunderclap","Clash"],"picked":"True Grit","floor":3.0},{"not_picked":["AT_BodySlamDance","ReplayTheSpireMod:Stacked","Pommel Strike"],"picked":"SKIP","floor":4.0},{"not_picked":["conspire:HitWhereItHurts","Inflame"],"picked":"Offering","floor":6.0},{"not_picked":["Wild Strike","ReplayTheSpireMod:Stacked","Hemokinesis"],"picked":"SKIP","floor":7.0},{"not_picked":["AT_IchimonjiDouble","Flex"],"picked":"Reaper","floor":10.0},{"not_picked":["Disarm","Spot Weakness"],"picked":"Dual Wield","floor":12.0},{"not_picked":["Cleave","REME_FearOfPain","Fiend Fire"],"picked":"SKIP","floor":14.0},{"not_picked":["Entrench","AT_BodySlamDance","Havoc"],"picked":"SKIP","floor":18.0},{"not_picked":["Clash","Rampage","Armaments"],"picked":"SKIP","floor":20.0},{"not_picked":["Dual Wield","ReplayTheSpireMod:Corrosion Curse"],"picked":"ReplayTheSpireMod:Muscle Training","floor":22.0},{"not_picked":["Warcry","Anger"],"picked":"Flex+1","floor":24.0},{"not_picked":["Reckless Charge+1","Dual Wield","Barricade"],"picked":"SKIP","floor":25},{"not_picked":["Heavy Blade","Fire Breathing","Spot Weakness"],"picked":"SKIP","floor":27}],"player_experience":587762,"relics_obtained":[{"floor":6.0,"key":"Ornamental Fan"},{"floor":9.0,"key":"Replay:Baseball"},{"floor":10.0,"key":"Replay:Rubber Ducky"},{"floor":14.0,"key":"REME_HandOfSuture"},{"floor":21.0,"key":"Ring of Greed"},{"floor":21.0,"key":"MealTicket"},{"floor":21.0,"key":"Old Coin"},{"floor":22.0,"key":"Replay:PocketPolymizer"},{"floor":25,"key":"conspire:DecoderRing"},{"floor":26,"key":"Mummified Hand"}],"event_choices":[{"damage_healed":0.0,"max_hp_gain":0.0,"max_hp_loss":0.0,"gold_gain":75.0,"event_name":"World of Goop","player_choice":"Gather Gold","floor":5.0,"gold_loss":0.0,"damage_taken":11.0},{"cards_removed":["Defend_R"],"damage_healed":0.0,"max_hp_gain":0.0,"max_hp_loss":0.0,"gold_gain":0.0,"event_name":"The Cleric","player_choice":"Card Removal","floor":8.0,"gold_loss":75.0,"damage_taken":0.0},{"cards_removed":["Strike_R"],"damage_healed":0.0,"max_hp_gain":0.0,"max_hp_loss":0.0,"gold_gain":0.0,"event_name":"Beggar","player_choice":"Gave Gold","floor":19.0,"gold_loss":75.0,"damage_taken":0.0}],"is_beta":false,"boss_relics":[{"not_picked":["Sozu","energizedSpire:DeadBattery"],"picked":"Abe\u0027s Treasure"}],"items_purged_floors":[13],"is_endless":false,"potions_floor_spawned":[6,10,12,16,20,24],"killed_by":"Sentry and Sphere","ascension_level":16}}