{"host":"7qoz5gmva6til3yp","time":1613312685,"event":{"mods":["2.2 Compatiblity","Astrologer","BaseMod","Minty Spire (QoL Compilation)","StSLib","SuperFastMode"],"gold_per_floor":[109,109,109,120,137,137,147,147,147,147,167,178,207,218,218,218,218],"floor_reached":16,"language":"KOR","playtime":306,"items_purged":[],"score":258,"play_id":"8f70f6c4-751f-4e7c-a555-85fea37ab054","local_time":"20210214232445","is_ascension_mode":true,"campfire_choices":[{"data":"Pommel Strike","floor":6.0,"key":"SMITH"},{"data":"Bash","floor":8.0,"key":"SMITH"},{"data":"Evolve","floor":10.0,"key":"SMITH"},{"floor":15,"key":"REST"}],"circlet_count":0,"master_deck":["AscendersBane","Strike_R","Strike_R","Strike_R","Strike_R","Strike_R","Defend_R","Defend_R","Defend_R","Defend_R","Bash+1","Pommel Strike+1","Evolve+1","Corruption","Shrug It Off","Seeing Red"],"relics":["Burning Blood","Lantern","Paper Frog","The Courier","Vajra"],"acts_visited":["Exordium"],"potions_floor_usage":[13,16],"damage_taken":[{"damage":7.0,"enemies":"Small Slimes","floor":1.0,"turns":3.0},{"damage":7.0,"enemies":"Jaw Worm","floor":4.0,"turns":3.0},{"damage":2.0,"enemies":"2 Louse","floor":5.0,"turns":2.0},{"damage":10.0,"enemies":"Gremlin Gang","floor":7.0,"turns":3.0},{"damage":0.0,"enemies":"Lots of Slimes","floor":11.0,"turns":1.0},{"damage":6,"enemies":"Blue Slaver","floor":12,"turns":3},{"damage":25,"enemies":"Lagavulin","floor":13,"turns":7},{"damage":1,"enemies":"2 Fungi Beasts","floor":14,"turns":3},{"damage":68,"enemies":"The Guardian","floor":16,"turns":10}],"seed_played":"-41739105699456069","potions_obtained":[{"floor":4.0,"key":"FearPotion"},{"floor":5.0,"key":"LiquidBronze"}],"is_trial":false,"path_per_floor":["M","?","?","M","M","R","M","R","T","R","M","M","E","M","R","B"],"character_chosen":"IRONCLAD","items_purchased":[],"campfire_rested":1,"item_purchase_floors":[],"current_hp_per_floor":[67,41,46,45,49,49,45,45,45,45,51,51,32,37,61,0,0],"gold":218,"neow_bonus":"RANDOM_COMMON_RELIC","is_daily":false,"chose_seed":false,"campfire_upgraded":3,"win_rate":0.0,"timestamp":1613312685,"path_taken":["M","?","?","M","M","R","M","R","T","R","M","M","E","M","R","BOSS"],"items_purchased_type":[],"build_version":"2020-12-22","purchased_purges":0,"victory":false,"max_hp_per_floor":[75,75,80,80,80,80,80,80,80,80,80,80,80,80,80,80,80],"card_choices":[{"not_picked":["Sword Boomerang","Rampage"],"picked":"Pommel Strike","floor":1.0},{"not_picked":["Clothesline","Sword Boomerang"],"picked":"Evolve","floor":4.0},{"not_picked":["Inflame","Anger","Twin Strike"],"picked":"SKIP","floor":5.0},{"not_picked":["Combust","Fire Breathing","Reckless Charge"],"picked":"SKIP","floor":7.0},{"not_picked":["Headbutt","True Grit"],"picked":"Corruption","floor":11.0},{"not_picked":["Thunderclap","Anger","Wild Strike"],"picked":"SKIP","floor":12},{"not_picked":["Sever Soul","Clothesline"],"picked":"Shrug It Off","floor":13},{"not_picked":["Armaments","Cleave"],"picked":"Seeing Red","floor":14}],"player_experience":502554,"relics_obtained":[{"floor":9.0,"key":"The Courier"},{"floor":13,"key":"Vajra"}],"event_choices":[{"damage_healed":0.0,"max_hp_gain":0.0,"max_hp_loss":0.0,"gold_gain":0.0,"event_name":"Scrap Ooze","player_choice":"Success","floor":2.0,"gold_loss":0.0,"damage_taken":26.0,"relics_obtained":["Paper Frog"]},{"damage_healed":0.0,"max_hp_gain":5.0,"max_hp_loss":0.0,"gold_gain":0.0,"event_name":"Big Fish","player_choice":"Donut","floor":3.0,"gold_loss":0.0,"damage_taken":0.0}],"is_beta":false,"boss_relics":[],"items_purged_floors":[],"is_endless":false,"potions_floor_spawned":[4,5,11,12],"killed_by":"The Guardian","ascension_level":20}}