{"host":"lzz","time":1613303034,"event":{"mods":["BaseMod","Minty Spire (QoL Compilation)","StSLib"],"gold_per_floor":[114,114,114,134,151,181,181,196,219,253,272,292,292,11,11,84,84,101,376,386,116,116,148,148,183,258,278,304,320,320,39,39,116,116,130,0,0,18,18,35,60,60,60,72,84,84,102,112,112,112],"floor_reached":51,"language":"ZHS","playtime":2054,"items_purged":["Strike_B","Regret"],"score":1559,"play_id":"0d4ee7b2-640f-484b-b4ad-6d62f3024137","local_time":"20210214194354","is_ascension_mode":true,"campfire_choices":[{"data":"Coolheaded","floor":7.0,"key":"SMITH"},{"floor":13.0,"key":"REST"},{"floor":15.0,"key":"REST"},{"floor":24.0,"key":"REST"},{"data":"Scrape","floor":30.0,"key":"SMITH"},{"floor":32.0,"key":"REST"},{"data":"Apotheosis","floor":42.0,"key":"SMITH"},{"data":"Reboot","floor":46.0,"key":"SMITH"},{"floor":49.0,"key":"REST"}],"circlet_count":0,"master_deck":["AscendersBane","Strike_B","Defend_B+1","Defend_B","Defend_B","Defend_B","Zap","Dualcast+1","Gash","Undo","Gash","Coolheaded+1","Scrape+1","Sweeping Beam","Reboot+1","Go for the Eyes","Beam Cell","Decay","Gash","Machine Learning","Go for the Eyes","Apotheosis+1","Scrape","Seek","Core Surge","Beam Cell+1","Coolheaded+1"],"relics":["Cracked Core","Pocketwatch","War Paint","Bag of Marbles","Akabeko","Membership Card","Regal Pillow","SacredBark","White Beast Statue","ClockworkSouvenir","Meat on the Bone","Kunai","Bottled Tornado","Strawberry","Sling","Nunchaku","Philosopher\u0027s Stone","Red Mask","Boot","Gremlin Horn"],"acts_visited":["Exordium","TheCity","TheBeyond"],"potions_floor_usage":[50,50],"damage_taken":[{"damage":6.0,"enemies":"2 Louse","floor":1.0,"turns":2.0},{"damage":2.0,"enemies":"Jaw Worm","floor":4.0,"turns":3.0},{"damage":1.0,"enemies":"Cultist","floor":5.0,"turns":3.0},{"damage":6.0,"enemies":"Lagavulin","floor":6.0,"turns":7.0},{"damage":8.0,"enemies":"Gremlin Gang","floor":8.0,"turns":6.0},{"damage":23.0,"enemies":"3 Sentries","floor":10.0,"turns":8.0},{"damage":5.0,"enemies":"Red Slaver","floor":11.0,"turns":2.0},{"damage":0.0,"enemies":"3 Louse","floor":12.0,"turns":2.0},{"damage":14.0,"enemies":"The Guardian","floor":16.0,"turns":10.0},{"damage":0.0,"enemies":"Spheric Guardian","floor":18.0,"turns":3.0},{"damage":16.0,"enemies":"Chosen","floor":20.0,"turns":4.0},{"damage":39.0,"enemies":"Book of Stabbing","floor":23.0,"turns":5.0},{"damage":0.0,"enemies":"Slavers","floor":25.0,"turns":3.0},{"damage":8.0,"enemies":"Snecko","floor":27.0,"turns":4.0},{"damage":23.0,"enemies":"Gremlin Leader","floor":28.0,"turns":5.0},{"damage":0.0,"enemies":"Snake Plant","floor":29.0,"turns":4.0},{"damage":7.0,"enemies":"Automaton","floor":33.0,"turns":8.0},{"damage":43.0,"enemies":"3 Darklings","floor":35.0,"turns":4.0},{"damage":15.0,"enemies":"3 Shapes","floor":38.0,"turns":4.0},{"damage":2.0,"enemies":"Sphere and 2 Shapes","floor":40.0,"turns":6.0},{"damage":0.0,"enemies":"Giant Head","floor":41.0,"turns":4.0},{"damage":0.0,"enemies":"3 Darklings","floor":44.0,"turns":3.0},{"damage":0.0,"enemies":"Jaw Worm Horde","floor":45.0,"turns":4.0},{"damage":0.0,"enemies":"Sphere and 2 Shapes","floor":47.0,"turns":4.0},{"damage":17.0,"enemies":"Transient","floor":48.0,"turns":6.0},{"damage":53,"enemies":"Donu and Deca","floor":50,"turns":6}],"seed_played":"-1316161778141968727","potions_obtained":[{"floor":8.0,"key":"SkillPotion"},{"floor":11.0,"key":"BlessingOfTheForge"},{"floor":12.0,"key":"LiquidBronze"},{"floor":23.0,"key":"DistilledChaos"},{"floor":25.0,"key":"FocusPotion"},{"floor":27.0,"key":"SpeedPotion"},{"floor":28.0,"key":"EntropicBrew"},{"floor":29.0,"key":"Dexterity Potion"},{"floor":33.0,"key":"SpeedPotion"},{"floor":38.0,"key":"Block Potion"},{"floor":40.0,"key":"GamblersBrew"},{"floor":41.0,"key":"Weak Potion"},{"floor":45.0,"key":"ColorlessPotion"}],"is_trial":false,"path_per_floor":["M","?","?","M","M","E","R","M","T","E","M","M","R","$","R","B",null,"M","?","M","$","?","E","R","E","T","M","E","M","R","$","R","B",null,"M","?","?","M","?","M","E","R","T","M","M","R","M","M","R","B",null],"character_chosen":"DEFECT","items_purchased":["Membership Card","Regal Pillow","White Beast Statue","ClockworkSouvenir","Apotheosis","Sling","Nunchaku","Scrape"],"campfire_rested":5,"item_purchase_floors":[14,14,21,21,31,31,31,31],"current_hp_per_floor":[58,63,63,61,60,54,54,46,46,23,18,18,38,38,69,55,66,66,66,50,50,50,11,46,46,46,38,34,46,46,46,76,69,74,43,43,43,40,40,50,50,50,50,50,50,50,50,45,76,35],"gold":112,"neow_bonus":"ONE_RARE_RELIC","is_daily":false,"chose_seed":false,"campfire_upgraded":4,"win_rate":0.0,"timestamp":1613303034,"path_taken":["M","?","?","?","M","E","R","?","T","E","M","M","R","$","R","BOSS","M","?","?","$","?","E","R","E","T","M","E","?","R","$","R","BOSS","M","?","?","M","?","M","E","R","T","M","M","R","M","M","R","BOSS"],"items_purchased_type":["Relic","Relic","Relic","Relic","Card","Relic","Relic","Card"],"build_version":"2020-12-18","purchased_purges":2,"victory":true,"max_hp_per_floor":[64,69,69,69,69,69,69,69,69,69,69,69,69,69,69,69,69,69,69,69,69,69,69,69,69,69,69,76,76,76,76,76,76,76,76,76,76,76,76,76,76,76,76,76,76,76,76,76,76,76],"card_choices":[{"not_picked":["Coolheaded","Tempest"],"picked":"Gash","floor":1.0},{"not_picked":["Lockon","Double Energy"],"picked":"Gash","floor":4.0},{"not_picked":["Rebound","Skim"],"picked":"Coolheaded","floor":5.0},{"not_picked":["Ball Lightning","Compile Driver","Heatsinks"],"picked":"SKIP","floor":6.0},{"not_picked":["Compile Driver","Hello World","Meteor Strike"],"picked":"SKIP","floor":8.0},{"not_picked":["Rip and Tear","Steam"],"picked":"Scrape","floor":10.0},{"not_picked":["Redo","Double Energy","Turbo"],"picked":"SKIP","floor":11.0},{"not_picked":["Reinforced Body","Coolheaded"],"picked":"Sweeping Beam","floor":12.0},{"not_picked":["Seek","Buffer"],"picked":"Reboot","floor":16.0},{"not_picked":["Hologram","Chaos"],"picked":"Go for the Eyes","floor":18.0},{"not_picked":["Compile Driver","Double Energy"],"picked":"Beam Cell","floor":20.0},{"not_picked":["Hyperbeam","Redo"],"picked":"Gash","floor":23.0},{"not_picked":["Tempest+1","Lockon"],"picked":"Machine Learning","floor":25.0},{"not_picked":["Conserve Battery","White Noise"],"picked":"Go for the Eyes","floor":27.0},{"not_picked":["Sweeping Beam","Aggregate","Recycle+1"],"picked":"SKIP","floor":28.0},{"not_picked":["Cold Snap","Heatsinks","Conserve Battery"],"picked":"SKIP","floor":29.0},{"not_picked":["Echo Form","Biased Cognition"],"picked":"Seek","floor":33.0},{"not_picked":["Hello World","Defragment+1","Ball Lightning"],"picked":"SKIP","floor":35.0},{"not_picked":["Redo","Double Energy","Go for the Eyes"],"picked":"SKIP","floor":38.0},{"not_picked":["Cold Snap+1","Defragment","Loop+1"],"picked":"SKIP","floor":40.0},{"not_picked":["Coolheaded","Turbo","Cold Snap"],"picked":"SKIP","floor":41.0},{"not_picked":["Beam Cell","Stack+1"],"picked":"Core Surge","floor":44.0},{"not_picked":["Barrage","Cold Snap"],"picked":"Beam Cell+1","floor":45.0},{"not_picked":["Streamline","Redo"],"picked":"Coolheaded+1","floor":47.0},{"not_picked":["White Noise","Streamline","Leap"],"picked":"SKIP","floor":48.0}],"player_experience":677671,"relics_obtained":[{"floor":6.0,"key":"War Paint"},{"floor":9.0,"key":"Bag of Marbles"},{"floor":10.0,"key":"Akabeko"},{"floor":23.0,"key":"Meat on the Bone"},{"floor":25.0,"key":"Kunai"},{"floor":26.0,"key":"Bottled Tornado"},{"floor":28.0,"key":"Strawberry"},{"floor":41.0,"key":"Boot"},{"floor":43.0,"key":"Gremlin Horn"}],"event_choices":[{"damage_healed":0.0,"max_hp_gain":5.0,"max_hp_loss":0.0,"gold_gain":0.0,"event_name":"Big Fish","player_choice":"Donut","floor":2.0,"gold_loss":0.0,"damage_taken":0.0},{"damage_healed":0.0,"max_hp_gain":0.0,"max_hp_loss":0.0,"gold_gain":0.0,"cards_transformed":["Strike_B"],"event_name":"Transmorgrifier","player_choice":"Transformed","floor":3.0,"gold_loss":0.0,"damage_taken":0.0,"cards_obtained":["Undo"]},{"damage_healed":0.0,"max_hp_gain":0.0,"max_hp_loss":0.0,"gold_gain":275.0,"event_name":"Golden Shrine","player_choice":"Desecrate","floor":19.0,"gold_loss":0.0,"damage_taken":0.0,"cards_obtained":["Regret"]},{"damage_healed":0.0,"max_hp_gain":0.0,"max_hp_loss":0.0,"gold_gain":0.0,"event_name":"Wheel of Change","player_choice":"Cursed","floor":22.0,"gold_loss":0.0,"damage_taken":0.0,"cards_obtained":["Decay"]},{"damage_healed":0.0,"max_hp_gain":0.0,"max_hp_loss":0.0,"gold_gain":0.0,"event_name":"Tomb of Lord Red Mask","player_choice":"Paid","floor":36.0,"gold_loss":130.0,"damage_taken":0.0,"relics_obtained":["Red Mask"]},{"damage_healed":0.0,"max_hp_gain":0.0,"max_hp_loss":0.0,"gold_gain":0.0,"event_name":"Mysterious Sphere","player_choice":"Ignored","floor":37.0,"gold_loss":0.0,"damage_taken":0.0},{"cards_removed":["Strike_B"],"damage_healed":0.0,"max_hp_gain":0.0,"max_hp_loss":0.0,"gold_gain":0.0,"event_name":"Falling","player_choice":"Removed Attack","floor":39.0,"gold_loss":0.0,"damage_taken":0.0}],"is_beta":true,"boss_relics":[{"not_picked":["Velvet Choker","Sozu"],"picked":"SacredBark"},{"not_picked":["Coffee Dripper","FrozenCore"],"picked":"Philosopher\u0027s Stone"}],"items_purged_floors":[14,21],"is_endless":false,"potions_floor_spawned":[8,11,12,23,25,27,28,29,33,35,38,40,41,44,45,47,48],"ascension_level":19}}