{"host":"y080dcqw8fj32q7d","time":1613328710,"event":{"mods":["AchievementEnabler","BaseMod","Colored Map","Colored Powertips","DeckTracker","Minty Spire (QoL Compilation)","Relic Sorter"],"gold_per_floor":[111,131,56,75,89,118,218,234,259,277,8,8,8,37,37,142,142,157,157,177,86,86,113,132,184,184,204,204,215,232,252,252,352,352,367,367,383,162,175,175,188,206,206,206,206,224,240,275,275,275,275],"floor_reached":50,"language":"ENG","playtime":5168,"items_purged":["Strike_R","Defend_R","Dual Wield"],"score":536,"play_id":"c64202b9-fbf8-407b-ba29-50e03556c680","local_time":"20210214215150","is_ascension_mode":true,"campfire_choices":[{"floor":12,"key":"RECALL"},{"data":"Magnetism","floor":15,"key":"SMITH"},{"data":"Bludgeon","floor":28,"key":"SMITH"},{"floor":32,"key":"REST"},{"data":"Enlightenment","floor":40,"key":"SMITH"},{"data":"Double Tap","floor":45,"key":"SMITH"},{"data":"Double Tap","floor":49,"key":"SMITH"}],"circlet_count":0,"master_deck":["Bash","Magnetism+1","Headbutt","Armaments","Shrug It Off","Shrug It Off","Metallicize","The Bomb","Headbutt","Impervious","Sever Soul","Clash","Anger","Pummel","Power Through","Perfected Strike","Corruption","Dramatic Entrance+1","Bludgeon+1","Metallicize+1","Headbutt","Flex+1","Double Tap+1","Shrug It Off+1","Flex+1","Enlightenment+1","Armaments","Rampage+1","Rage+1","Double Tap+1"],"relics":["Burning Blood","Pantograph","Pen Nib","Art of War","Pandora\u0027s Box","Boot","Mummified Hand","Cursed Key","Pear","Bottled Lightning"],"acts_visited":["Exordium","TheCity","TheBeyond"],"potions_floor_usage":[6,29,29,29,33,33,48,48,50],"damage_taken":[{"damage":0,"enemies":"Small Slimes","floor":1,"turns":5},{"damage":1,"enemies":"Cultist","floor":2,"turns":3},{"damage":6,"enemies":"Jaw Worm","floor":4,"turns":5},{"damage":4,"enemies":"Large Slime","floor":5,"turns":10},{"damage":24,"enemies":"3 Sentries","floor":6,"turns":9},{"damage":8,"enemies":"Lots of Slimes","floor":8,"turns":10},{"damage":9,"enemies":"Exordium Thugs","floor":10,"turns":8},{"damage":20,"enemies":"Lagavulin","floor":14,"turns":5},{"damage":27,"enemies":"Hexaghost","floor":16,"turns":11},{"damage":12,"enemies":"2 Thieves","floor":18,"turns":4},{"damage":0,"enemies":"Chosen","floor":20,"turns":4},{"damage":27,"enemies":"Slavers","floor":23,"turns":3},{"damage":4,"enemies":"Snecko","floor":24,"turns":4},{"damage":7,"enemies":"Cultist and Chosen","floor":27,"turns":6},{"damage":18,"enemies":"Snake Plant","floor":29,"turns":6},{"damage":5,"enemies":"Chosen and Byrds","floor":30,"turns":5},{"damage":0,"enemies":"Snecko","floor":31,"turns":3},{"damage":56,"enemies":"Automaton","floor":33,"turns":11},{"damage":10,"enemies":"Orb Walker","floor":35,"turns":2},{"damage":9,"enemies":"3 Darklings","floor":37,"turns":7},{"damage":5,"enemies":"Jaw Worm Horde","floor":39,"turns":4},{"damage":0,"enemies":"4 Shapes","floor":41,"turns":4},{"damage":15,"enemies":"Writhing Mass","floor":42,"turns":4},{"damage":0,"enemies":"3 Darklings","floor":46,"turns":3},{"damage":27,"enemies":"Spire Growth","floor":47,"turns":4},{"damage":3,"enemies":"Nemesis","floor":48,"turns":7},{"damage":83,"enemies":"Donu and Deca","floor":50,"turns":8}],"seed_played":"-6952630291946372135","potions_obtained":[{"floor":2,"key":"SmokeBomb"},{"floor":5,"key":"Swift Potion"},{"floor":6,"key":"ElixirPotion"},{"floor":16,"key":"SpeedPotion"},{"floor":27,"key":"GamblersBrew"},{"floor":29,"key":"Explosive Potion"},{"floor":30,"key":"Energy Potion"},{"floor":39,"key":"SkillPotion"},{"floor":41,"key":"Energy Potion"},{"floor":42,"key":"Swift Potion"}],"is_trial":false,"path_per_floor":["M","M","$","M","M","E","?","M","T","M","$","R","$","E","R","B",null,"M","?","M","$","?","E","M","T","T","M","R","M","M","M","R","B",null,"M","?","M","$","M","R","M","M","T","?","R","M","M","E","R","B"],"character_chosen":"IRONCLAD","items_purchased":["The Bomb","Dramatic Entrance","Enlightenment"],"campfire_rested":1,"item_purchase_floors":[11,21,38],"current_hp_per_floor":[72,72,72,72,72,54,54,52,52,49,49,49,49,35,35,39,72,66,66,72,72,72,51,53,53,53,52,52,40,41,47,68,22,72,68,68,65,65,66,66,72,63,73,73,73,79,58,61,61,0,0],"gold":275,"neow_bonus":"RANDOM_COLORLESS_2","is_daily":false,"chose_seed":false,"campfire_upgraded":5,"win_rate":0.0,"timestamp":1613328710,"path_taken":["M","M","$","M","M","E","?","M","T","M","?","R","$","E","R","BOSS","M","?","M","$","?","E","?","?","T","M","R","M","M","M","R","BOSS","M","?","?","$","M","R","M","M","T","?","R","?","M","E","R","BOSS"],"items_purchased_type":["Card","Card","Card"],"build_version":"2020-12-22","purchased_purges":3,"victory":false,"max_hp_per_floor":[72,72,72,72,72,72,72,72,72,72,72,72,72,72,72,72,72,72,72,72,72,72,72,72,72,72,72,72,72,72,72,72,72,72,72,72,72,72,72,72,72,72,82,82,82,82,82,82,82,82,82],"card_choices":[{"not_picked":["Violence","Panache"],"picked":"Magnetism","floor":0},{"not_picked":["Heavy Blade","Havoc"],"picked":"Headbutt","floor":1},{"not_picked":["Warcry","Flame Barrier"],"picked":"Armaments","floor":2},{"not_picked":["Pummel","Wild Strike"],"picked":"Shrug It Off","floor":4},{"not_picked":["Anger","Blood for Blood"],"picked":"Shrug It Off","floor":5},{"not_picked":["Searing Blow","Perfected Strike"],"picked":"Metallicize","floor":6},{"not_picked":["Wild Strike","Perfected Strike","Warcry"],"picked":"SKIP","floor":8},{"not_picked":["Fiend Fire","Perfected Strike","Pummel"],"picked":"SKIP","floor":10},{"not_picked":["Clash","Evolve"],"picked":"Headbutt","floor":14},{"not_picked":["Exhume","Brutality"],"picked":"Impervious","floor":16},{"not_picked":["Heavy Blade","Havoc"],"picked":"Dual Wield","floor":18},{"not_picked":["Iron Wave","Sword Boomerang","Pommel Strike"],"picked":"SKIP","floor":20},{"not_picked":["Berserk","Wild Strike"],"picked":"Bludgeon","floor":23},{"not_picked":["Body Slam","Havoc","True Grit"],"picked":"SKIP","floor":24},{"not_picked":["Heavy Blade","Body Slam","Sever Soul"],"picked":"SKIP","floor":27},{"not_picked":["Second Wind","Havoc"],"picked":"Metallicize+1","floor":29},{"not_picked":["Pommel Strike+1","Shockwave+1"],"picked":"Headbutt","floor":30},{"not_picked":["Combust","Seeing Red"],"picked":"Flex+1","floor":31},{"not_picked":["Barricade","Exhume"],"picked":"Double Tap","floor":33},{"not_picked":["Anger+1","Perfected Strike"],"picked":"Shrug It Off+1","floor":35},{"not_picked":["Dual Wield","Rupture"],"picked":"Flex+1","floor":37},{"not_picked":["Clothesline","Reckless Charge+1"],"picked":"Armaments","floor":39},{"not_picked":["Clothesline","Pommel Strike","Intimidate"],"picked":"SKIP","floor":41},{"not_picked":["Headbutt","Iron Wave"],"picked":"Rampage+1","floor":42},{"not_picked":["Brutality","Rupture","Armaments"],"picked":"SKIP","floor":46},{"not_picked":["Rampage","Clash"],"picked":"Rage+1","floor":47},{"not_picked":["Thunderclap+1","Evolve+1"],"picked":"Double Tap","floor":48}],"player_experience":303305,"relics_obtained":[{"floor":6,"key":"Pantograph"},{"floor":9,"key":"Pen Nib"},{"floor":14,"key":"Art of War"},{"floor":23,"key":"Boot"},{"floor":26,"key":"Mummified Hand"},{"floor":43,"key":"Pear"},{"floor":48,"key":"Bottled Lightning"}],"event_choices":[{"damage_healed":0,"gold_gain":100,"player_choice":"Pray","damage_taken":0,"max_hp_gain":0,"max_hp_loss":0,"event_name":"Golden Shrine","floor":7,"gold_loss":0},{"damage_healed":0,"gold_gain":0,"cards_transformed":["Rupture","Reaper"],"player_choice":"Became Test Subject","damage_taken":0,"max_hp_gain":0,"max_hp_loss":0,"event_name":"Drug Dealer","floor":19,"gold_loss":0,"cards_obtained":["Perfected Strike","Corruption"]},{"damage_healed":0,"gold_gain":0,"player_choice":"Upgraded","damage_taken":0,"max_hp_gain":0,"max_hp_loss":0,"event_name":"Upgrade Shrine","floor":22,"gold_loss":0,"cards_upgraded":["Dramatic Entrance"]},{"damage_healed":0,"gold_gain":0,"player_choice":"Ignored","damage_taken":0,"max_hp_gain":0,"max_hp_loss":0,"event_name":"SecretPortal","floor":36,"gold_loss":0},{"cards_removed":["Doubt"],"damage_healed":0,"gold_gain":0,"player_choice":"Purged","damage_taken":0,"max_hp_gain":0,"max_hp_loss":0,"event_name":"Purifier","floor":44,"gold_loss":0}],"is_beta":false,"boss_relics":[{"not_picked":["Empty Cage","Calling Bell"],"picked":"Pandora\u0027s Box"},{"not_picked":["Runic Pyramid","Mark of Pain"],"picked":"Cursed Key"}],"items_purged_floors":[3,11,38],"is_endless":false,"potions_floor_spawned":[2,5,6,16,27,29,30,39,41,42],"killed_by":"Donu and Deca","ascension_level":1}}