{"host":"sav7uxregyirlf69","time":1613296966,"event":{"mods":["AchievementEnabler","BaseMod","Colored Map","DeckTracker","Keyboard Shortcuts","Minty Spire (QoL Compilation)","READ ME - Guardian Mod","StSLib","SuperFastMode"],"gold_per_floor":[144,189,189,189,189,189,279,279,279,369,414,459,504,549,549,849,849,849],"floor_reached":17,"language":"KOR","playtime":485,"items_purged":[],"score":192,"play_id":"7f5116e9-9c47-4c62-81bd-6ed5d7564295","local_time":"20210214190246","daily_mods":["Draft","Diverse","Midas"],"is_ascension_mode":false,"campfire_choices":[{"floor":6,"key":"REST"},{"floor":8,"key":"REST"},{"floor":15,"key":"REST"}],"circlet_count":0,"master_deck":["Consecrate","Shrug It Off","Ball Lightning","Dodge and Roll","Cold Snap","Capacitor","Halt","BattleHymn","CrushJoints+1","Escape Plan","ForeignInfluence","Turbo","BowlingBash","Havoc","Reflex+1","Hologram","Prostrate","Scrawl","Hemokinesis","Feed"],"relics":["Burning Blood","Red Skull","Pear","Bottled Tornado","Philosopher\u0027s Stone"],"acts_visited":["Exordium","TheCity"],"potions_floor_usage":[],"damage_taken":[{"damage":2,"enemies":"Jaw Worm","floor":1,"turns":3},{"damage":0,"enemies":"Cultist","floor":2,"turns":2},{"damage":20,"enemies":"Lagavulin","floor":7,"turns":6},{"damage":10,"enemies":"3 Sentries","floor":10,"turns":5},{"damage":0,"enemies":"2 Louse","floor":11,"turns":2},{"damage":0,"enemies":"Red Slaver","floor":12,"turns":3},{"damage":9,"enemies":"Large Slime","floor":13,"turns":5},{"damage":23,"enemies":"Exordium Wildlife","floor":14,"turns":3},{"damage":37,"enemies":"Hexaghost","floor":16,"turns":8}],"seed_played":"-463004689936713651","potions_obtained":[{"floor":1,"key":"Ancient Potion"},{"floor":2,"key":"Weak Potion"},{"floor":10,"key":"PowerPotion"}],"is_trial":false,"path_per_floor":["M","M","?","?","?","R","E","R","T","E","M","M","M","M","R","B",null],"character_chosen":"IRONCLAD","items_purchased":[],"campfire_rested":3,"item_purchase_floors":[],"current_hp_per_floor":[80,80,80,64,69,85,71,85,95,91,95,95,92,75,95,64,95,95],"gold":849,"neow_bonus":"","is_daily":true,"chose_seed":false,"campfire_upgraded":0,"win_rate":0.0,"timestamp":1613296966,"path_taken":["M","M","?","?","?","R","E","R","T","E","M","M","?","M","R","BOSS"],"items_purchased_type":[],"build_version":"2020-12-22","purchased_purges":0,"victory":false,"max_hp_per_floor":[80,80,80,80,85,85,85,85,95,95,95,95,95,95,95,95,95,95],"card_choices":[{"not_picked":["Recycle","Go for the Eyes"],"picked":"Consecrate","floor":0},{"not_picked":["Terror","Conserve Battery"],"picked":"Shrug It Off","floor":0},{"not_picked":["Accuracy","SashWhip"],"picked":"Ball Lightning","floor":0},{"not_picked":["WindmillStrike","Collect"],"picked":"Dodge and Roll","floor":0},{"not_picked":["White Noise","Calculated Gamble"],"picked":"Cold Snap","floor":0},{"not_picked":["Study","Acrobatics"],"picked":"Capacitor","floor":0},{"not_picked":["Stack","CrushJoints"],"picked":"Halt","floor":0},{"not_picked":["Redo","Stack"],"picked":"BattleHymn","floor":0},{"not_picked":["Leap","Clash"],"picked":"CrushJoints","floor":0},{"not_picked":["Slice","Stack"],"picked":"Escape Plan","floor":0},{"not_picked":["Clothesline","Dodge and Roll"],"picked":"ForeignInfluence","floor":0},{"not_picked":["Hologram","Searing Blow"],"picked":"Turbo","floor":0},{"not_picked":["Cloak And Dagger","Searing Blow"],"picked":"BowlingBash","floor":0},{"not_picked":["CutThroughFate","Thunderclap"],"picked":"Havoc","floor":0},{"not_picked":["Warcry","SashWhip"],"picked":"Reflex","floor":0},{"not_picked":["ThirdEye","Protect","Deflect"],"picked":"SKIP","floor":1},{"not_picked":["Bane","Prepared"],"picked":"Hologram","floor":2},{"not_picked":["FTL","Shrug It Off"],"picked":"Prostrate","floor":7},{"not_picked":["Noxious Fumes","Escape Plan"],"picked":"Scrawl","floor":10},{"not_picked":["Sweeping Beam","JustLucky","Deadly Poison"],"picked":"SKIP","floor":11},{"not_picked":["Outmaneuver","Protect","Gash"],"picked":"SKIP","floor":12},{"not_picked":["Dagger Throw","Barrage"],"picked":"Hemokinesis","floor":13},{"not_picked":["Body Slam","Heavy Blade","Thunderclap"],"picked":"SKIP","floor":14},{"not_picked":["Meteor Strike","Judgement"],"picked":"Feed","floor":16}],"player_experience":1568340,"relics_obtained":[{"floor":7,"key":"Red Skull"},{"floor":9,"key":"Pear"},{"floor":10,"key":"Bottled Tornado"}],"event_choices":[{"damage_healed":0,"gold_gain":0,"player_choice":"Ignored","damage_taken":0,"max_hp_gain":0,"max_hp_loss":0,"event_name":"Liars Game","floor":3,"gold_loss":0},{"damage_healed":0,"gold_gain":0,"player_choice":"Entered Light","damage_taken":16,"max_hp_gain":0,"max_hp_loss":0,"event_name":"Shining Light","floor":4,"gold_loss":0,"cards_upgraded":["CrushJoints","Reflex"]},{"damage_healed":0,"gold_gain":0,"player_choice":"Donut","damage_taken":0,"max_hp_gain":5,"max_hp_loss":0,"event_name":"Big Fish","floor":5,"gold_loss":0}],"is_beta":false,"boss_relics":[{"not_picked":["Calling Bell","Empty Cage"],"picked":"Philosopher\u0027s Stone"}],"items_purged_floors":[],"is_endless":false,"potions_floor_spawned":[1,2,10,14],"ascension_level":0}}