{"host":"eglukmwb6rueyn6u","time":1613328371,"event":{"mods":["BaseMod","Colored Map","Minty Spire (QoL Compilation)"],"gold_per_floor":[213,238,252,427,527,527,542,606,606,637,637,602,633,246,246,347,347,359,371,118,153,78,103,103,133,133,52,32,43,55,68,68,167,167,179,199,126,126,144,177,177,212,238,288,302,35,35,51,51,51,51,51,24,57,57,57],"floor_reached":55,"language":"ENG","playtime":4569,"items_purged":["Strike_G","Doubt"],"score":860,"play_id":"5bfb90e0-6222-4f01-83ff-d88e395094a4","local_time":"20210214204611","is_ascension_mode":true,"campfire_choices":[{"data":"Terror","floor":6.0,"key":"SMITH"},{"floor":11.0,"key":"REST"},{"floor":15.0,"key":"REST"},{"data":"Footwork","floor":24.0,"key":"SMITH"},{"data":"Footwork","floor":32.0,"key":"SMITH"},{"floor":41.0,"key":"RECALL"},{"data":"After Image","floor":47.0,"key":"SMITH"},{"data":"Well Laid Plans","floor":49.0,"key":"SMITH"},{"data":"Blade Dance","floor":52.0,"key":"SMITH"}],"circlet_count":0,"master_deck":["Strike_G+1","Strike_G","Strike_G","Defend_G","Defend_G","Defend_G","Defend_G","Defend_G","Survivor","Neutralize","Blade Dance","Terror+1","Footwork+1","Corpse Explosion","Blade Dance","Leg Sweep+1","Dodge and Roll+1","Blade Dance+1","Footwork+1","Deflect","Infinite Blades","After Image+1","Well Laid Plans+1","Thinking Ahead","Finisher+1","Finisher+1","Blade Dance","Burst"],"relics":["Ring of the Snake","Blood Vial","Snake Skull","Happy Flower","Boot","Ornamental Fan","PreservedInsect","Pen Nib","WristBlade","Anchor","Red Mask","Omamori","Question Card","StoneCalendar","Calling Bell","Dream Catcher","Letter Opener","Gambling Chip","Vajra","MealTicket","Ginger","Membership Card","Shuriken","Whetstone"],"acts_visited":["Exordium","TheCity","TheBeyond","TheEnding"],"potions_floor_usage":[55,55,55],"damage_taken":[{"damage":1.0,"enemies":"Cultist","floor":1.0,"turns":4.0},{"damage":0.0,"enemies":"Jaw Worm","floor":3.0,"turns":3.0},{"damage":0.0,"enemies":"2 Louse","floor":7.0,"turns":2.0},{"damage":24.0,"enemies":"Gremlin Nob","floor":8.0,"turns":4.0},{"damage":43.0,"enemies":"Gremlin Nob","floor":10.0,"turns":5.0},{"damage":18.0,"enemies":"3 Sentries","floor":13.0,"turns":3.0},{"damage":27.0,"enemies":"Hexaghost","floor":16.0,"turns":12.0},{"damage":0.0,"enemies":"Shell Parasite","floor":18.0,"turns":2.0},{"damage":18.0,"enemies":"2 Thieves","floor":19.0,"turns":3.0},{"damage":0.0,"enemies":"Masked Bandits","floor":21.0,"turns":2.0},{"damage":0.0,"enemies":"Slavers","floor":23.0,"turns":1.0},{"damage":0.0,"enemies":"Gremlin Leader","floor":25.0,"turns":5.0},{"damage":6.0,"enemies":"Snake Plant","floor":29.0,"turns":3.0},{"damage":0.0,"enemies":"Centurion and Healer","floor":30.0,"turns":3.0},{"damage":0.0,"enemies":"Shelled Parasite and Fungi","floor":31.0,"turns":3.0},{"damage":5.0,"enemies":"Champ","floor":33.0,"turns":7.0},{"damage":0.0,"enemies":"Orb Walker","floor":35.0,"turns":3.0},{"damage":1.0,"enemies":"3 Shapes","floor":36.0,"turns":2.0},{"damage":5.0,"enemies":"Sphere and 2 Shapes","floor":39.0,"turns":4.0},{"damage":3.0,"enemies":"Reptomancer","floor":40.0,"turns":4.0},{"damage":1.0,"enemies":"Giant Head","floor":42.0,"turns":7.0},{"damage":8.0,"enemies":"2 Orb Walkers","floor":44.0,"turns":6.0},{"damage":0.0,"enemies":"Jaw Worm Horde","floor":45.0,"turns":3.0},{"damage":0.0,"enemies":"Maw","floor":48.0,"turns":6.0},{"damage":14.0,"enemies":"Awakened One","floor":50.0,"turns":10.0},{"damage":1.0,"enemies":"Shield and Spear","floor":54.0,"turns":4.0},{"damage":70,"enemies":"The Heart","floor":55,"turns":9}],"seed_played":"-3844471439904102793","potions_obtained":[{"floor":3.0,"key":"SteroidPotion"},{"floor":7.0,"key":"SkillPotion"},{"floor":8.0,"key":"Block Potion"},{"floor":19.0,"key":"DuplicationPotion"},{"floor":25.0,"key":"SkillPotion"},{"floor":28.0,"key":"Ancient Potion"},{"floor":30.0,"key":"Strength Potion"},{"floor":35.0,"key":"EssenceOfSteel"},{"floor":42.0,"key":"GhostInAJar"}],"is_trial":false,"path_per_floor":["M","T","M","?","?","R","M","?","T","E","R","?","E","$","R","B",null,"M","M","$","?","?","E","R","E","T","$","?","M","M","M","R","B",null,"M","M","$","?","M","E","R","E","T","?","M","$","R","M","R","B",null,"R","$","E","B"],"character_chosen":"THE_SILENT","items_purchased":["PreservedInsect","Pen Nib","Anchor","Footwork","Well Laid Plans","Membership Card","Shuriken","Blade Dance"],"campfire_rested":2,"item_purchase_floors":[14,14,20,27,37,46,46,53],"current_hp_per_floor":[69,69,70,70,70,70,70,46,46,5,26,43,27,27,48,23,70,70,52,52,54,54,56,56,58,58,58,58,54,56,58,58,55,70,70,69,69,69,65,64,64,65,65,59,61,70,70,70,70,56,70,70,70,69,0,0],"gold":57,"neow_bonus":"HUNDRED_GOLD","is_daily":false,"chose_seed":false,"campfire_upgraded":6,"win_rate":0.0,"timestamp":1613328371,"path_taken":["M","?","?","?","?","R","?","?","T","E","R","?","E","$","R","BOSS","M","M","$","?","?","E","R","E","T","$","?","M","M","M","R","BOSS","M","M","?","?","M","E","R","E","T","?","M","$","R","M","R","BOSS","R","$","E","BOSS"],"items_purchased_type":["Relic","Relic","Relic","Card","Card","Relic","Relic","Card"],"build_version":"2020-12-22","purchased_purges":2,"victory":false,"max_hp_per_floor":[70,70,70,70,70,70,70,70,70,70,70,70,70,70,70,70,70,70,70,70,70,70,70,70,70,70,70,70,70,70,70,70,70,70,70,70,70,70,70,70,70,70,70,70,70,70,70,70,70,70,70,70,70,70,70,70],"card_choices":[{"not_picked":["Bane","Noxious Fumes"],"picked":"Blade Dance","floor":1.0},{"not_picked":["Deflect","Dagger Throw"],"picked":"Terror","floor":3.0},{"not_picked":["Skewer","Adrenaline"],"picked":"Footwork","floor":7.0},{"not_picked":["Endless Agony","Dagger Throw"],"picked":"Corpse Explosion","floor":10.0},{"not_picked":["Distraction","Poisoned Stab"],"picked":"Blade Dance","floor":13.0},{"not_picked":["Distraction","Quick Slash","Slice"],"picked":"SKIP","floor":18.0},{"not_picked":["Tactician","Dagger Throw"],"picked":"Leg Sweep+1","floor":19.0},{"not_picked":["Prepared","Slice"],"picked":"Dodge and Roll+1","floor":21.0},{"not_picked":["Footwork","Bane"],"picked":"Blade Dance","floor":23.0},{"not_picked":["Poisoned Stab+1","Dagger Spray","Bouncing Flask"],"picked":"SKIP","floor":25.0},{"not_picked":["Bouncing Flask","Dagger Spray","Masterful Stab+1"],"picked":"Deflect","floor":29.0},{"not_picked":["Poisoned Stab","Leg Sweep","Blur"],"picked":"Infinite Blades","floor":30.0},{"not_picked":["Dash","Crippling Poison","PiercingWail","Leg Sweep"],"picked":"SKIP","floor":31.0},{"not_picked":["Adrenaline","Malaise","Unload"],"picked":"After Image","floor":33.0},{"not_picked":["Bouncing Flask","Dagger Throw+1","Slice+1","Crippling Poison"],"picked":"SKIP","floor":35.0},{"not_picked":["Riddle With Holes+1","Slice+1","Quick Slash","Choke"],"picked":"SKIP","floor":36.0},{"not_picked":["Magnetism","HandOfGreed","Secret Technique"],"picked":"Thinking Ahead","floor":38.0},{"not_picked":["Bouncing Flask","Backstab","Dash+1","Dodge and Roll"],"picked":"SKIP","floor":39.0},{"not_picked":["Outmaneuver+1","Quick Slash+1","Backstab","Dagger Spray"],"picked":"SKIP","floor":40.0},{"not_picked":["Sucker Punch","Slice","Tactician"],"picked":"Finisher","floor":42.0},{"not_picked":["Dagger Spray+1","Acrobatics","Deadly Poison"],"picked":"Finisher+1","floor":45.0},{"not_picked":["Sucker Punch","Choke+1","Prepared+1","Flying Knee"],"picked":"SKIP","floor":48.0},{"not_picked":["Poisoned Stab","Underhanded Strike","Bane+1"],"picked":"Burst","floor":54.0}],"player_experience":26128,"relics_obtained":[{"floor":2.0,"key":"Blood Vial"},{"floor":8.0,"key":"Snake Skull"},{"floor":9.0,"key":"Happy Flower"},{"floor":10.0,"key":"Boot"},{"floor":13.0,"key":"Ornamental Fan"},{"floor":21.0,"key":"Red Mask"},{"floor":23.0,"key":"Omamori"},{"floor":25.0,"key":"Question Card"},{"floor":26.0,"key":"StoneCalendar"},{"floor":34.0,"key":"Dream Catcher"},{"floor":34.0,"key":"Letter Opener"},{"floor":34.0,"key":"Gambling Chip"},{"floor":40.0,"key":"Vajra"},{"floor":42.0,"key":"MealTicket"},{"floor":44.0,"key":"Ginger"},{"floor":54.0,"key":"Whetstone"}],"event_choices":[{"damage_healed":0.0,"max_hp_gain":0.0,"max_hp_loss":0.0,"gold_gain":175.0,"event_name":"Liars Game","player_choice":"AGREE","floor":4.0,"gold_loss":0.0,"damage_taken":0.0,"cards_obtained":["Doubt"]},{"damage_healed":0.0,"max_hp_gain":0.0,"max_hp_loss":0.0,"gold_gain":100.0,"event_name":"Golden Shrine","player_choice":"Pray","floor":5.0,"gold_loss":0.0,"damage_taken":0.0},{"damage_healed":0.0,"max_hp_gain":0.0,"max_hp_loss":0.0,"gold_gain":0.0,"event_name":"Dead Adventurer","player_choice":"Searched \u00272\u0027 times","floor":8.0,"gold_loss":0.0,"damage_taken":0.0},{"damage_healed":17.0,"max_hp_gain":0.0,"max_hp_loss":0.0,"gold_gain":0.0,"event_name":"The Cleric","player_choice":"Healed","floor":12.0,"gold_loss":35.0,"damage_taken":0.0},{"damage_healed":0.0,"max_hp_gain":0.0,"max_hp_loss":0.0,"gold_gain":0.0,"event_name":"Masked Bandits","player_choice":"Fought Bandits","floor":21.0,"gold_loss":0.0,"damage_taken":0.0},{"cards_removed":["Strike_G"],"damage_healed":0.0,"max_hp_gain":0.0,"max_hp_loss":0.0,"gold_gain":0.0,"event_name":"Beggar","player_choice":"Gave Gold","floor":22.0,"gold_loss":75.0,"damage_taken":0.0},{"damage_healed":0.0,"max_hp_gain":0.0,"max_hp_loss":0.0,"gold_gain":0.0,"event_name":"The Woman in Blue","player_choice":"Bought 1 Potion","floor":28.0,"gold_loss":0.0,"damage_taken":0.0},{"damage_healed":0.0,"max_hp_gain":0.0,"max_hp_loss":0.0,"gold_gain":0.0,"event_name":"SensoryStone","player_choice":"Memory 1","floor":38.0,"gold_loss":0.0,"damage_taken":0.0},{"damage_healed":0.0,"max_hp_gain":0.0,"max_hp_loss":0.0,"gold_gain":0.0,"event_name":"Mysterious Sphere","player_choice":"Fight","floor":44.0,"gold_loss":0.0,"damage_taken":0.0}],"is_beta":false,"boss_relics":[{"not_picked":["Runic Pyramid","Velvet Choker"],"picked":"WristBlade"},{"not_picked":["SlaversCollar","Ring of the Serpent"],"picked":"Calling Bell"}],"items_purged_floors":[14,20],"is_endless":false,"potions_floor_spawned":[3,7,8,19,25,30,31,35,40,42,44,54],"killed_by":"The Heart","ascension_level":1}}