{"host":"0kwl2uefibxd2nsv","time":1613299419,"event":{"mods":["Act Like it!","Aspiration","BaseMod","Better Note","BetterRewards","DeckTracker","Googly Eyes","Hubris","Jedi Mod","Minty Spire (QoL Compilation)","Reliquary","Shop Mod","StS++","StSLib"],"gold_per_floor":[118,134,84,98,111,131,131,163,163,43,56,73,99,99,99,200,200,217,229,229,48,65,95,114,114,163,180,215,235,246,258,258,331,331,349,365,382,382,401,401,431,431,431,464,464,481,481,62,62,62,62],"floor_reached":50,"language":"ENG","playtime":3228,"items_purged":["Strike_G","Strike_G","Strike_G"],"score":915,"play_id":"e1819ca6-4ff2-4cce-8646-669ee7d3f1bb","local_time":"20210214114339","is_ascension_mode":true,"campfire_choices":[{"data":"Cloak And Dagger","floor":7,"key":"SMITH"},{"floor":15,"key":"REST"},{"floor":32,"key":"REST"},{"floor":40,"key":"REST"},{"data":"Blade Dance","floor":42,"key":"SMITH"},{"floor":45,"key":"REST"},{"data":"Footwork","floor":49,"key":"SMITH"}],"circlet_count":0,"master_deck":["AscendersBane","Strike_G","Defend_G","Defend_G","Defend_G","Defend_G","Defend_G","Survivor","Neutralize+1","Cloak And Dagger+1","Backflip","Sucker Punch","Dagger Spray","Accuracy","Flying Knee","Cloak And Dagger+1","PiercingWail","Glass Knife","Deflect","Deflect","Cloak And Dagger+1","StSpp:Throw","Backflip","After Image","Blade Dance","Venomology+1","Blade Dance+1","Infinite Blades","Deflect+1","Blade Dance+1","Footwork+1"],"relics":["Ring of the Snake","PreservedInsect","jedi:Pinwheel","reliquary:PrincelyHelmet","hubris:TerracottaHorce","Strawberry","Potion Belt","jedi:sprinkler","Black Star","The Courier","Bird Faced Urn","StSpp:WoodenPendulum","reliquary:RoseTintedGlasses","reliquary:PorcupineQuills","hubris:Icosahedron","ClockworkSouvenir","Bronze Scales"],"acts_visited":["Exordium","TheCity","TheBeyond"],"potions_floor_usage":[6,6,8,8,18,24,28,30,30,31,33,33,33,33,35,36,37,39,41,41,41,41,41,41,44,46,46,46,50,50,50,50,50,50],"damage_taken":[{"damage":0,"enemies":"2 Louse","floor":1,"turns":5},{"damage":4,"enemies":"Jaw Worm","floor":2,"turns":6},{"damage":2,"enemies":"Cultist","floor":4,"turns":5},{"damage":1,"enemies":"Blue Slaver","floor":5,"turns":6},{"damage":5,"enemies":"Large Slime","floor":6,"turns":5},{"damage":11,"enemies":"3 Sentries","floor":8,"turns":10},{"damage":0,"enemies":"2 Fungi Beasts","floor":11,"turns":3},{"damage":8,"enemies":"Exordium Thugs","floor":12,"turns":5},{"damage":5,"enemies":"Lagavulin","floor":13,"turns":6},{"damage":34,"enemies":"The Guardian","floor":16,"turns":14},{"damage":0,"enemies":"2 Thieves","floor":18,"turns":5},{"damage":0,"enemies":"3 Byrds","floor":19,"turns":5},{"damage":0,"enemies":"Centurion and Healer","floor":22,"turns":8},{"damage":8,"enemies":"Book of Stabbing","floor":23,"turns":5},{"damage":12,"enemies":"Cultist and Chosen","floor":24,"turns":9},{"damage":7,"enemies":"Snake Plant","floor":27,"turns":6},{"damage":0,"enemies":"Slavers","floor":28,"turns":7},{"damage":8,"enemies":"Centurion and Healer","floor":29,"turns":5},{"damage":2,"enemies":"Sentry and Sphere","floor":30,"turns":4},{"damage":6,"enemies":"Shelled Parasite and Fungi","floor":31,"turns":5},{"damage":32,"enemies":"hubris:MusketHawk","floor":33,"turns":8},{"damage":7,"enemies":"3 Shapes","floor":35,"turns":8},{"damage":8,"enemies":"Orb Walker","floor":36,"turns":4},{"damage":13,"enemies":"Transient","floor":37,"turns":5},{"damage":17,"enemies":"Sphere and 2 Shapes","floor":39,"turns":9},{"damage":2,"enemies":"Giant Head","floor":41,"turns":6},{"damage":0,"enemies":"Nemesis","floor":44,"turns":5},{"damage":5,"enemies":"Jaw Worm Horde","floor":46,"turns":7},{"damage":74,"enemies":"hubris:GrandSnecko","floor":50,"turns":29}],"seed_played":"-322801187163316072","potions_obtained":[{"floor":1,"key":"AttackPotion"},{"floor":5,"key":"StSpp:ScatteredPotion"},{"floor":6,"key":"SneckoOil"},{"floor":16,"key":"Swift Potion"},{"floor":18,"key":"LiquidMemories"},{"floor":22,"key":"LiquidBronze"},{"floor":27,"key":"Swift Potion"},{"floor":30,"key":"Strength Potion"},{"floor":31,"key":"Dexterity Potion"},{"floor":35,"key":"FearPotion"},{"floor":36,"key":"GamblersBrew"},{"floor":39,"key":"EssenceOfSteel"},{"floor":41,"key":"StSpp:ScatteredWeakPotion"}],"is_trial":false,"path_per_floor":["M","M","?","M","M","M","R","E","T","$","M","M","E","?","R","B",null,"M","M","?","$","M","E","M","?","T","M","E","M","M","M","R","B",null,"M","M","M","?","M","R","E","R","T","E","R","M","?","$","R","B"],"character_chosen":"THE_SILENT","items_purchased":["Cloak And Dagger","StSpp:Throw","Strength Potion","Block Potion","ClockworkSouvenir","Bronze Scales"],"campfire_rested":4,"item_purchase_floors":[10,21,48,48,48,48],"current_hp_per_floor":[63,59,59,57,56,51,51,40,40,40,40,32,27,27,48,14,56,56,56,56,56,56,55,43,43,43,36,36,28,26,20,43,11,61,54,46,33,33,16,39,37,37,37,43,66,65,65,65,65,0,0],"gold":62,"neow_bonus":"RANDOM_COLORLESS","is_daily":false,"chose_seed":false,"campfire_upgraded":3,"win_rate":0.0,"timestamp":1613299419,"path_taken":["M","M","?","M","M","M","R","E","T","$","M","M","E","?","R","BOSS","M","?","?","$","M","E","M","?","T","?","E","M","?","M","R","BOSS","M","M","?","?","M","R","E","R","T","E","R","M","?","$","R","BOSS"],"items_purchased_type":["Card","Card","Potion","Potion","Relic","Relic"],"build_version":"2020-12-22","purchased_purges":3,"victory":false,"max_hp_per_floor":[70,70,70,70,70,70,70,70,70,70,70,70,70,70,70,70,70,70,70,70,70,70,77,77,77,77,77,77,77,77,77,77,77,77,77,77,77,77,77,77,77,77,77,77,77,77,77,77,77,77,77],"card_choices":[{"not_picked":["Dash","StSpp:PoisonousPunch"],"picked":"Cloak And Dagger","floor":1},{"not_picked":["PiercingWail","Dagger Throw"],"picked":"Backflip","floor":2},{"not_picked":["StSpp:AbandonFlesh","Acrobatics"],"picked":"Sucker Punch","floor":4},{"not_picked":["StSpp:TimeParadox","Outmaneuver"],"picked":"Dagger Spray","floor":5},{"not_picked":["Wraith Form v2","Prepared"],"picked":"Accuracy","floor":6},{"not_picked":["Sucker Punch","StSpp:Dive"],"picked":"Flying Knee","floor":8},{"not_picked":["Deadly Poison","Blade Dance"],"picked":"PiercingWail","floor":11},{"not_picked":["Slice","Bouncing Flask","Corpse Explosion"],"picked":"SKIP","floor":12},{"not_picked":["Dagger Spray","StSpp:Dive","Underhanded Strike"],"picked":"SKIP","floor":13},{"not_picked":["Burst","Tools of the Trade"],"picked":"Glass Knife","floor":16},{"not_picked":["Expertise","Distraction"],"picked":"Deflect","floor":18},{"not_picked":["StSpp:Anticipation","Setup"],"picked":"Deflect","floor":19},{"not_picked":["Choke","hubris:SlightOfHand"],"picked":"Backflip","floor":22},{"not_picked":["StSpp:Anticipation","Prepared"],"picked":"After Image","floor":23},{"not_picked":["Eviscerate","Prepared"],"picked":"Blade Dance","floor":24},{"not_picked":["Flying Knee","Quick Slash","Underhanded Strike"],"picked":"SKIP","floor":27},{"not_picked":["Blade Dance","Bane","Dodge and Roll"],"picked":"SKIP","floor":28},{"not_picked":["Caltrops","Quick Slash","Underhanded Strike"],"picked":"SKIP","floor":29},{"not_picked":["Endless Agony","Riddle With Holes"],"picked":"Blade Dance","floor":30},{"not_picked":["Escape Plan","Sucker Punch","Outmaneuver"],"picked":"SKIP","floor":31},{"not_picked":["Dodge and Roll","Deadly Poison"],"picked":"Infinite Blades","floor":35},{"not_picked":["Acrobatics","Underhanded Strike"],"picked":"Deflect+1","floor":36},{"not_picked":["Bane+1","Flying Knee","Predator"],"picked":"SKIP","floor":37},{"not_picked":["StSpp:Anticipation+1","StSpp:PoisonousPunch+1","Tactician"],"picked":"SKIP","floor":39},{"not_picked":["StSpp:FiercePoison","Quick Slash","Reflex"],"picked":"SKIP","floor":41},{"not_picked":["Setup","Bane+1","Dagger Spray","Catalyst"],"picked":"Blade Dance+1","floor":44},{"not_picked":["Dagger Spray","Prepared+1","StSpp:TimeParadox+1","jedi:pocketpoison"],"picked":"Footwork","floor":46}],"player_experience":2030603,"relics_obtained":[{"floor":8,"key":"PreservedInsect"},{"floor":9,"key":"jedi:Pinwheel"},{"floor":13,"key":"reliquary:PrincelyHelmet"},{"floor":23,"key":"Strawberry"},{"floor":26,"key":"Potion Belt"},{"floor":28,"key":"jedi:sprinkler"},{"floor":41,"key":"The Courier"},{"floor":41,"key":"Bird Faced Urn"},{"floor":43,"key":"StSpp:WoodenPendulum"},{"floor":44,"key":"reliquary:RoseTintedGlasses"},{"floor":44,"key":"reliquary:PorcupineQuills"}],"event_choices":[{"cards_removed":["Strike_G"],"damage_healed":0,"gold_gain":0,"player_choice":"Card Removal","damage_taken":0,"max_hp_gain":0,"max_hp_loss":0,"event_name":"The Cleric","floor":3,"gold_loss":50},{"damage_healed":0,"gold_gain":0,"player_choice":"Upgraded","damage_taken":0,"max_hp_gain":0,"max_hp_loss":0,"event_name":"Upgrade Shrine","floor":14,"gold_loss":0,"cards_upgraded":["Cloak And Dagger"]},{"damage_healed":0,"gold_gain":0,"player_choice":"Copied","damage_taken":0,"max_hp_gain":0,"max_hp_loss":0,"event_name":"Duplicator","floor":20,"gold_loss":0,"cards_obtained":["Cloak And Dagger"]},{"cards_removed":["Cloak And Dagger"],"damage_healed":0,"gold_gain":0,"player_choice":"Take \u0026 Give","damage_taken":0,"max_hp_gain":0,"max_hp_loss":0,"event_name":"betterNote:BetterNote","floor":25,"gold_loss":0,"cards_obtained":["Venomology"]}],"is_beta":false,"boss_relics":[{"not_picked":["reliquary:Craggleroot","Pandora\u0027s Box"],"picked":"hubris:TerracottaHorce"},{"not_picked":["HoveringKite","hubris:Stopwatch"],"picked":"Black Star"}],"items_purged_floors":[10,21,48],"is_endless":false,"potions_floor_spawned":[1,5,6,16,18,22,27,30,31,35,36,39,41],"killed_by":"hubris:GrandSnecko","ascension_level":10}}