{"host":"htqwg582tjjtn9p7","time":1609784446,"event":{"mods":["2.2 Compatiblity","AchievementEnabler","Act Like it!","Aspiration","BaseMod","Better Third Choice","Colored Map","Conspire","Curses Come First","Displayed Cursed Tome","Energized Spire","Force Act Four","GifTheSpireLib","Hermit","Highlight Path","JesterMod","Mad Scientist","Minty Spire (QoL Compilation)","Pale of the Ancients","Permanent Neow","Random Character Button","Relic Stats","Replay The Spire","Robot Space Explorer","Somnambulant","Spicy Shops","Spikes Relics","StSLib","Stuff the Spire","The Blue Laboratory","The Disciple","The Dragon Tamer","The Forsaken","The Gatherer","The Judge","The Jungle","The Marked","The Runesmith","The Servant 0.9.4","Uncapped"],"gold_per_floor":[109,109,126,136,136,164,181,181,181,181,213,213,213,241,241,315,315,332,332,342,377,302,302,329,346,346,44,44,54,54,71,71,143,143,157,379,395,73,89,89,89],"floor_reached":40,"playtime":3026,"items_purged":["conspire:GhostlyStrike","conspire:GhostlyStrike"],"score":767,"play_id":"f6f56e94-a5b6-47dd-af9c-7c9d545a0c68","local_time":"20210104192046","is_ascension_mode":true,"campfire_choices":[{"data":"theForsaken:Smite","floor":8.0,"key":"SMITH"},{"data":"Spot Weakness","floor":10.0,"key":"SMITH"},{"floor":15.0,"key":"REST"},{"data":"Demon Form","floor":23.0,"key":"SMITH"},{"data":"Offering","floor":28.0,"key":"SMITH"},{"floor":30.0,"key":"REST"}],"circlet_count":0,"master_deck":["AscendersBane","conspire:GhostlyDefend","conspire:GhostlyDefend+1","conspire:GhostlyDefend+1","conspire:GhostlyDefend","Bash","conspire:GhostlyStrike","theForsaken:Smite+1","Shockwave","Perfected Strike","Spot Weakness+1","StuffTheSpire:Slingshot","Demon Form+1","Pummel","Offering+1","Dark Shackles","Secret Technique","ReplayTheSpireMod:Uncanny Aura","Sentinel","True Grit","Battle Trance","Run Through","Brutality","Disarm"],"relics":["Burning Blood","Meat on the Bone","Bronze Scales","Replay:Bottled Snecko","ReplayTheSpireMod:Ninjato","aspiration:BabyByrd","StuffTheSpire:NeowsTribute","Runic Cube","Red Mask","ReplayTheSpireMod:Lightbulb","StuffTheSpire:OldFever","aspiration:SeaSaltIceCream","Shuriken","aspiration:MobileForge","Simple Rune"],"acts_visited":["Exordium","TheCity","TheBeyond"],"potions_floor_usage":[],"damage_taken":[{"damage":6.0,"enemies":"Cultist","floor":1.0,"turns":4.0},{"damage":12.0,"enemies":"2 Louse","floor":3.0,"turns":3.0},{"damage":10.0,"enemies":"Small Slimes","floor":4.0,"turns":2.0},{"damage":80.0,"enemies":"Lagavulin","floor":6.0,"turns":10.0},{"damage":5.0,"enemies":"3 Louse","floor":7.0,"turns":4.0},{"damage":37.0,"enemies":"3 Sentries","floor":11.0,"turns":6.0},{"damage":13.0,"enemies":"Gremlin Nob","floor":14.0,"turns":4.0},{"damage":61.0,"enemies":"Hexaghost","floor":16.0,"turns":7.0},{"damage":9.0,"enemies":"Chosen","floor":18.0,"turns":4.0},{"damage":22.0,"enemies":"conspire:FuzzyDice","floor":20.0,"turns":7.0},{"damage":39.0,"enemies":"Masked Bandits","floor":21.0,"turns":5.0},{"damage":35.0,"enemies":"Slavers","floor":24.0,"turns":4.0},{"damage":30.0,"enemies":"3 Cultists","floor":25.0,"turns":5.0},{"damage":8.0,"enemies":"Snecko","floor":29.0,"turns":3.0},{"damage":30.0,"enemies":"Snake Plant","floor":31.0,"turns":3.0},{"damage":53.0,"enemies":"Champ","floor":33.0,"turns":9.0},{"damage":75,"enemies":"3 Darklings","floor":35,"turns":7},{"damage":15,"enemies":"3 Shapes","floor":37,"turns":9},{"damage":49,"enemies":"Transient","floor":39,"turns":5},{"damage":58,"enemies":"Reptomancer","floor":40,"turns":2}],"seed_played":"-6703085967689734481","potions_obtained":[{"floor":1.0,"key":"blueLaboratory:BubblePotion"},{"floor":7.0,"key":"Languid Potion"},{"floor":16.0,"key":"Elixir"},{"floor":18.0,"key":"blueLaboratory:BubblePotion"},{"floor":25.0,"key":"blueLaboratory:TrueEctoplasm"}],"is_trial":false,"path_per_floor":["M","T","M","M","?","E","M","R","T","R","E","?","?","E","R","B",null,"M","?","M","?","?","R","E","M","T","$","R","M","R","M","R_BF","B",null,"M","?","M","$","M","E"],"character_chosen":"IRONCLAD","items_purchased":["aspiration:SeaSaltIceCream","Twin Strike","Simple Rune"],"campfire_rested":2,"item_purchase_floors":[27,27,38],"current_hp_per_floor":[85,85,79,75,75,38,53,53,53,53,39,39,39,44,70,39,77,79,79,78,54,54,54,49,49,49,49,49,52,78,62,62,57,81,48,48,63,63,41,0,0],"gold":89,"neow_bonus":"TWENTY_PERCENT_HP_BONUS","is_daily":false,"chose_seed":false,"campfire_upgraded":4,"win_rate":0.0,"timestamp":1609784446,"path_taken":["M","?","M","M","?","E","M","R","T","R","E","?","?","E","R","BOSS","M","?","M","?","?","R","E","M","T","$","R","?","R","M","R_BF","BOSS","M","?","M","$","M","E"],"items_purchased_type":["Relic","Card","Relic"],"build_version":"2020-12-22","purchased_purges":2,"victory":false,"max_hp_per_floor":[89,89,89,89,89,89,89,89,89,89,89,89,89,89,89,89,89,89,89,89,89,89,89,89,89,89,89,89,89,89,89,89,89,89,89,89,89,89,89,89,89],"relic_stats":{"counters":[20,103],"Shuriken":[2],"Bronze Scales":[223],"obtain_stats":[{"ReplayTheSpireMod:Ninjato":11,"aspiration:SeaSaltIceCream":27,"Burning Blood":0,"aspiration:BabyByrd":12,"Shuriken":27,"aspiration:MobileForge":34,"Bronze Scales":6,"Simple Rune":38,"Red Mask":21,"Replay:Bottled Snecko":9,"ReplayTheSpireMod:Lightbulb":24,"StuffTheSpire:NeowsTribute":14,"StuffTheSpire:OldFever":26,"Meat on the Bone":2,"Runic Cube":17},{"ReplayTheSpireMod:Ninjato":6,"aspiration:SeaSaltIceCream":13,"Burning Blood":0,"aspiration:BabyByrd":6,"Shuriken":13,"aspiration:MobileForge":16,"Bronze Scales":4,"Simple Rune":18,"Red Mask":11,"Replay:Bottled Snecko":5,"ReplayTheSpireMod:Lightbulb":12,"StuffTheSpire:NeowsTribute":7,"StuffTheSpire:OldFever":13,"Meat on the Bone":1,"Runic Cube":8},{"ReplayTheSpireMod:Ninjato":29,"aspiration:SeaSaltIceCream":65,"Burning Blood":0,"aspiration:BabyByrd":29,"Shuriken":65,"aspiration:MobileForge":80,"Bronze Scales":19,"Simple Rune":96,"Red Mask":56,"Replay:Bottled Snecko":23,"ReplayTheSpireMod:Lightbulb":60,"StuffTheSpire:NeowsTribute":33,"StuffTheSpire:OldFever":65,"Meat on the Bone":4,"Runic Cube":40}],"Burning Blood":114,"Meat on the Bone":120,"Runic Cube":[64]},"card_choices":[{"not_picked":["Clash","Perfected Strike"],"picked":"Shockwave","floor":1.0},{"not_picked":["Shrug It Off","Sword Boomerang"],"picked":"Perfected Strike","floor":3.0},{"not_picked":["StuffTheSpire:RockThrow","Burning Pact"],"picked":"Spot Weakness","floor":4.0},{"not_picked":["StuffTheSpire:Incineration","Twin Strike"],"picked":"StuffTheSpire:Slingshot","floor":6.0},{"not_picked":["Iron Wave","StuffTheSpire:Pyroclast","StuffTheSpire:Slingshot"],"picked":"SKIP","floor":7.0},{"not_picked":["Iron Wave","Run Through"],"picked":"Demon Form","floor":11.0},{"not_picked":["Clothesline","StuffTheSpire:RagingBull"],"picked":"Pummel","floor":14.0},{"not_picked":["Exhume","Replay:Many Hands"],"picked":"Offering","floor":16.0},{"not_picked":["Twin Strike","Headbutt","ReplayTheSpireMod:LeadingStrike"],"picked":"SKIP","floor":18.0},{"not_picked":["Sever Soul+1","Rage","Power Through"],"picked":"SKIP","floor":20.0},{"not_picked":["Spot Weakness","StuffTheSpire:RockThrow"],"picked":"Sentinel","floor":24.0},{"not_picked":["StuffTheSpire:Resist","StuffTheSpire:Slingshot","Clothesline"],"picked":"SKIP","floor":25.0},{"not_picked":["Exhume","Thunderclap"],"picked":"True Grit","floor":29.0},{"not_picked":["True Grit","Flame Barrier"],"picked":"Battle Trance","floor":31.0},{"not_picked":["Replay:Many Hands","Eclipse"],"picked":"Brutality","floor":33.0},{"not_picked":["Cleave","Clash+1","Evolve"],"picked":"SKIP","floor":35},{"not_picked":["Wild Strike","Life Link","Run Through"],"picked":"SKIP","floor":37},{"not_picked":["Rage+1","Sword Boomerang"],"picked":"Disarm","floor":39}],"player_experience":1883326,"relics_obtained":[{"floor":2.0,"key":"Meat on the Bone"},{"floor":6.0,"key":"Bronze Scales"},{"floor":9.0,"key":"Replay:Bottled Snecko"},{"floor":11.0,"key":"ReplayTheSpireMod:Ninjato"},{"floor":14.0,"key":"StuffTheSpire:NeowsTribute"},{"floor":21.0,"key":"Red Mask"},{"floor":24.0,"key":"ReplayTheSpireMod:Lightbulb"},{"floor":26.0,"key":"StuffTheSpire:OldFever"}],"event_choices":[{"damage_healed":0.0,"max_hp_gain":0.0,"max_hp_loss":0.0,"gold_gain":0.0,"event_name":"conspire:LoneGhost","player_choice":"Agree","floor":5.0,"gold_loss":0.0,"damage_taken":0.0},{"damage_healed":0.0,"max_hp_gain":0.0,"max_hp_loss":0.0,"gold_gain":0.0,"event_name":"Match and Keep!","player_choice":"0 cards matched","floor":13.0,"gold_loss":0.0,"damage_taken":0.0,"cards_obtained":[]},{"damage_healed":0.0,"max_hp_gain":0.0,"max_hp_loss":0.0,"gold_gain":0.0,"cards_transformed":["conspire:GhostlyStrike","conspire:GhostlyStrike"],"event_name":"Drug Dealer","player_choice":"Became Test Subject","floor":19.0,"gold_loss":0.0,"damage_taken":0.0,"cards_obtained":["Purity","Dark Shackles"]},{"damage_healed":0.0,"max_hp_gain":0.0,"max_hp_loss":0.0,"gold_gain":0.0,"event_name":"Masked Bandits","player_choice":"Fought Bandits","floor":21.0,"gold_loss":0.0,"damage_taken":0.0},{"damage_healed":0.0,"max_hp_gain":0.0,"max_hp_loss":0.0,"gold_gain":0.0,"cards_transformed":["Purity","conspire:GhostlyStrike"],"event_name":"Designer","player_choice":"Transformed Cards","floor":22.0,"gold_loss":75.0,"damage_taken":0.0,"cards_obtained":["Secret Technique","ReplayTheSpireMod:Uncanny Aura"]},{"damage_healed":0,"gold_gain":222,"player_choice":"Wore Mask","damage_taken":0,"max_hp_gain":0,"max_hp_loss":0,"event_name":"Tomb of Lord Red Mask","floor":36,"gold_loss":0}],"is_beta":false,"boss_relics":[{"not_picked":["energizedSpire:MagnifyingGlass","energizedSpire:TabascoSauce"],"picked":"Runic Cube"},{"not_picked":["Sozu","Cursed Key"],"picked":"aspiration:MobileForge"}],"items_purged_floors":[38,38],"is_endless":false,"potions_floor_spawned":[1,7,11,16,18,25,37],"killed_by":"Reptomancer","ascension_level":15}}