{"host":"v1sr5h8q0mijnzs9","time":1609766810,"event":{"mods":["AchievementEnabler","Arknights The Spire","BaseMod","Bestiary","Better Altar","Better Match","Better Note","Better Sensory Stone","Better Skull","Better Third Choice","BetterRewards","Colored Map","Colored Powertips","Downfall","Duelist Mod","Evolution","Friendly Minions","GifTheSpireLib","Googly Eyes","Hero for Fun","Highlight Path","Hubris","Infinite Spire","Jorbs\u0027s Wanderer Trilogy","Marisa????????","Minty Spire (QoL Compilation)","READ ME - Snecko Mod","Replay The Spire","Shop Mod","StSLib","SuperFastMode","The Bug Knight","The Construct","The Cursed","The Death Knight","The Disciple","The Forsaken","The Jungle","The Necromancer","The Saiyan","The Servant 0.9.4","[IsaacMod]????"],"gold_per_floor":[118,118,137,222,222,249,267,3,3,3,3,3,22,38,38,257,257,271,282,282,282,59,79,79,90,90,35,51,51,70,70,70,190,290,320,420,190,190,190,190],"floor_reached":39,"playtime":3392,"items_purged":[],"score":654,"play_id":"54e7d621-3175-42e8-922f-c5c64bf7be4a","local_time":"20210104142650","is_ascension_mode":false,"campfire_choices":[{"floor":10.0,"key":"REST"},{"data":"Fire Breathing","floor":12.0,"key":"SMITH"},{"data":"Flex","floor":15.0,"key":"SMITH"},{"floor":24.0,"key":"REST"},{"floor":29.0,"key":"REST"},{"data":"Brutality","floor":32.0,"key":"SMITH"}],"circlet_count":0,"master_deck":["Strike_R","Strike_R","Strike_R","Defend_R","Defend_R","Defend_R+1","Bash","BettingIsNotGood","hubris:CleavingFinish+1","Bloodletting+1","ReplayTheSpireMod:Muscle Training+1","Iron Wave","Burn","Replay:Undeath\u0027s Touch","Reaper","Fire Breathing+1","Flex+1","Headbutt","Sword Boomerang","hexamod:ThirdSeal","Brutality+1","Metallicize+1","Iron Wave","hexamod:ThirdSeal","hubris:Fate","ReplayTheSpireMod:Book of Names","Thunderclap","Sword Boomerang","Flex","The Bomb","Replay:SS_fish_3","Inflame","Replay:Many Hands","ReplayTheSpireMod:Limb From Limb","Combust+1","Flame Barrier+1","Rupture","Flex+1","Dark Embrace","hubris:CleavingFinish","Heavy Blade+1","hubris:Fate","hexamod:SixthSeal","Double Tap","Feed","hexamod:FirstSeal","Heavy Blade+1","Sword Boomerang+1","infinitespire:UltimateForm","Flame Barrier","Armaments","Massacre+1","Rupture","Wraith"],"relics":["EVO:Axolotl","HushsDoor","TheBean","Astrolabe","hubris:DisguiseKit","SteamSale","Orichalcum","hubris:Reverence","hubris:Icosahedron","Mark of Pain","Lizard Tail","BargainBundle","Replay:Ringing Soul","Mercury Hourglass","infinitespire:EvilPickle","Replay:Wanted Poster","Replay:Towering Pillar of Hats","YumHeart"],"acts_visited":["Exordium","TheCity","TheBeyond"],"potions_floor_usage":[],"damage_taken":[{"damage":1.0,"enemies":"2 Louse","floor":1.0,"turns":1.0},{"damage":0.0,"enemies":"Small Slimes","floor":3.0,"turns":2.0},{"damage":29.0,"enemies":"Lagavulin","floor":6.0,"turns":6.0},{"damage":24.0,"enemies":"infinitespire:Voidling","floor":7.0,"turns":4.0},{"damage":0.0,"enemies":"3 Louse","floor":13.0,"turns":1.0},{"damage":6.0,"enemies":"Lots of Slimes","floor":14.0,"turns":3.0},{"damage":54.0,"enemies":"Hexaghost","floor":16.0,"turns":10.0},{"damage":24.0,"enemies":"Spheric Guardian","floor":18.0,"turns":4.0},{"damage":34.0,"enemies":"Centurion and Healer","floor":19.0,"turns":6.0},{"damage":7.0,"enemies":"Shelled Parasite and Fungi","floor":23.0,"turns":2.0},{"damage":14.0,"enemies":"Cultist and Chosen","floor":25.0,"turns":5.0},{"damage":16.0,"enemies":"Snake Plant","floor":28.0,"turns":3.0},{"damage":17.0,"enemies":"Chosen and Byrds","floor":30.0,"turns":4.0},{"damage":24.0,"enemies":"Pondfish","floor":33.0,"turns":8.0},{"damage":15.0,"enemies":"Orb Walker","floor":35.0,"turns":4.0},{"damage":20.0,"enemies":"infinitespire:Three Voidlings","floor":36.0,"turns":3.0},{"damage":70.0,"enemies":"Nightmare_Alpha","floor":36.0,"turns":8.0}],"seed_played":"4089080413013916026","potions_obtained":[{"floor":3.0,"key":"Explosive Potion"},{"floor":6.0,"key":"Reflective Coating"},{"floor":14.0,"key":"Guardian:BlockOnCardUsePotion"}],"is_trial":false,"path_per_floor":["M","?","M","?","?","E","M","$","T","R","?","R","M","M","R","B",null,"M","M","AVR","?","$","M","R","M","T","$","M","R","M","?","R","B",null,"M","?","$","?","M"],"character_chosen":"IRONCLAD","items_purchased":["SteamSale","Orichalcum","Flex","Headbutt","BargainBundle","Thunderclap","Sword Boomerang","Flex","The Bomb","Replay:SS_fish_3","Inflame","Replay:Many Hands","DeathKnight:BottledBloodEchoes","Replay:Ringing Soul","Rupture","Flex+1","YumHeart","Rupture","Fruit Juice"],"campfire_rested":3,"item_purchase_floors":[8,8,8,8,22,22,22,22,22,22,22,22,22,22,27,27,37,37,37],"current_hp_per_floor":[79,79,80,65,65,36,26,26,26,50,50,50,57,51,51,7,80,56,35,35,35,35,31,55,44,44,47,34,61,56,59,59,67,101,89,16,49,52,60,60],"gold":190,"neow_bonus":"BOSS_RELIC","is_daily":false,"chose_seed":false,"campfire_upgraded":3,"win_rate":0.0,"timestamp":1609766810,"path_taken":["M","?","?","?","?","E","?","$","T","R","?","R","M","M","R","BOSS","M","M","AVR","?","$","M","R","M","T","?","M","R","M","?","R","BOSS","M","?","$","?","?"],"items_purchased_type":["Relic","Relic","Card","Card","Relic","Card","Card","Card","Card","Card","Card","Card","Potion","Relic","Card","Card","Relic","Card","Potion"],"build_version":"2020-12-22","purchased_purges":0,"victory":false,"max_hp_per_floor":[80,80,80,80,80,80,80,80,80,80,80,80,80,80,80,80,80,80,80,80,80,80,83,83,86,86,89,92,92,95,98,98,101,101,104,110,118,121,121,121],"card_choices":[{"not_picked":[],"picked":"BettingIsNotGood","floor":0.0},{"not_picked":["Wild Strike","Body Slam"],"picked":"Iron Wave","floor":1.0},{"not_picked":["Offering","Body Slam"],"picked":"Replay:Undeath\u0027s Touch","floor":3.0},{"not_picked":["Flex","Pummel"],"picked":"Reaper","floor":6.0},{"not_picked":["Headbutt","Shockwave","hexamod:HeatMetal"],"picked":"Fire Breathing","floor":7.0},{"not_picked":["Twin Strike","Shockwave","hexamod:FourthSeal"],"picked":"Sword Boomerang","floor":13.0},{"not_picked":["Headbutt","Blood for Blood","Wild Strike"],"picked":"hexamod:ThirdSeal","floor":14.0},{"not_picked":["Replay:Many Hands","hubris:StunningStrike","hexamod:SearingWound"],"picked":"Brutality","floor":16.0},{"not_picked":["True Grit","Perfected Strike+1","hexamod:ThermalTransfer"],"picked":"Metallicize","floor":18.0},{"not_picked":["Perfected Strike","Clothesline","hexamod:BacktrackSmack"],"picked":"Iron Wave","floor":19.0},{"not_picked":["Headbutt","Pommel Strike","ReplayTheSpireMod:Strike From Hell+1"],"picked":"hexamod:ThirdSeal","floor":19.0},{"not_picked":["Burning Pact","Pummel","hexamod:ShieldOfDarkness"],"picked":"ReplayTheSpireMod:Limb From Limb","floor":23.0},{"not_picked":["ReplayTheSpireMod:Muscle Training","Sword Boomerang","hexamod:PhantomCloak"],"picked":"Combust","floor":25.0},{"not_picked":["Twin Strike","ReplayTheSpireMod:Strike From Hell","hexamod:SwordOfDarkness"],"picked":"Flame Barrier+1","floor":25.0},{"not_picked":["Replay:Undeath\u0027s Touch","Anger+1","hexamod:ThermalTransfer"],"picked":"Dark Embrace","floor":28.0},{"not_picked":["Reckless Charge","Headbutt+1","hexamod:SwordOfDarkness"],"picked":"hubris:CleavingFinish","floor":30.0},{"not_picked":["Hemokinesis+1","infinitespire:OneForAll","hexamod:ThermalTransfer"],"picked":"Heavy Blade+1","floor":30.0},{"not_picked":["Replay:Many Hands","Berserk","Eclipse"],"picked":"hexamod:SixthSeal","floor":33.0},{"not_picked":["Bludgeon","hubris:StunningStrike","hexamod:WildfireWeapon"],"picked":"Double Tap","floor":33.0},{"not_picked":["Bludgeon","hubris:StunningStrike","hexamod:TurnItUp"],"picked":"Feed","floor":33.0},{"not_picked":["Flex+1","Combust+1","Heavy Blade"],"picked":"hexamod:FirstSeal","floor":35.0},{"not_picked":["True Grit+1","Shrug It Off","hexamod:InspiringFlames"],"picked":"Heavy Blade+1","floor":35.0},{"not_picked":["Wild Strike","Defy Death+1","hexamod:FastForward"],"picked":"Sword Boomerang+1","floor":35.0},{"not_picked":["Replay:Fractal Strike","ReplayTheSpireMod:Chaos Vortex"],"picked":"infinitespire:UltimateForm","floor":36.0},{"not_picked":["Body Slam","Run Through","hexamod:SwordOfDarkness"],"picked":"Flame Barrier","floor":36.0},{"not_picked":["Clothesline","Clash","hexamod:TimeWarp"],"picked":"Armaments","floor":36.0},{"not_picked":["Bludgeon","Warcry","hexamod:RetreatToShadows"],"picked":"Massacre+1","floor":36.0}],"player_experience":128006,"relics_obtained":[{"floor":6.0,"key":"hubris:DisguiseKit"},{"floor":9.0,"key":"hubris:Reverence"},{"floor":26.0,"key":"Mercury Hourglass"},{"floor":36.0,"key":"Replay:Towering Pillar of Hats"}],"event_choices":[{"damage_healed":79.0,"max_hp_gain":0.0,"max_hp_loss":80.0,"gold_gain":0.0,"event_name":"betterThird:BetterShining","player_choice":"Embrace Burn","floor":2.0,"gold_loss":0.0,"damage_taken":0.0},{"damage_healed":0.0,"max_hp_gain":0.0,"max_hp_loss":0.0,"gold_gain":0.0,"event_name":"The Woman in Blue","player_choice":"Bought 0 Potions","floor":21.0,"gold_loss":0.0,"damage_taken":0.0},{"damage_healed":0.0,"max_hp_gain":0.0,"max_hp_loss":0.0,"gold_gain":0.0,"event_name":"Duplicator","player_choice":"Copied","floor":31.0,"gold_loss":0.0,"damage_taken":0.0,"cards_obtained":["hubris:Fate"]},{"damage_healed":0.0,"max_hp_gain":0.0,"max_hp_loss":0.0,"gold_gain":0.0,"event_name":"OrinTheCat","player_choice":"Ignored","floor":38.0,"gold_loss":0.0,"damage_taken":0.0}],"is_beta":false,"boss_relics":[{"not_picked":["Coffee Dripper","Painkiller Herb"],"picked":"Mark of Pain"},{"not_picked":[]},{"not_picked":["Tiny House","theForsaken:PaleLantern"],"picked":"Replay:Wanted Poster"},{"not_picked":[]}],"items_purged_floors":[],"is_endless":true,"potions_floor_spawned":[3,6,14,23,25,28,36],"killed_by":"3 Darklings","ascension_level":0}}