{"host":"sav7uxregyirlf69","time":1609754489,"event":{"mods":["AchievementEnabler","BaseMod","Colored Map","DeckTracker","Keyboard Shortcuts","Minty Spire (QoL Compilation)","READ ME - Guardian Mod","StSLib","SuperFastMode"],"gold_per_floor":[109,123,133,133,146,146,178,16,42,42,42,68,68,88,88,167,167,187,202,213,228,238,270,145,157,204,204,204,119,44,74,74,145,145,162,162,162,178,198,224,224,256,256,256,256],"floor_reached":44,"playtime":1368,"items_purged":["Defend_B","Strike_B"],"score":1036,"play_id":"a197a25c-f3f0-4b6a-96ae-43c181a7f6ab","local_time":"20210104190129","is_ascension_mode":true,"campfire_choices":[{"data":"Reinforced Body","floor":6,"key":"SMITH"},{"data":"Zap","floor":10,"key":"SMITH"},{"floor":15,"key":"REST"},{"floor":28,"key":"REST"},{"data":"Hologram","floor":32,"key":"SMITH"},{"floor":41,"key":"REST"}],"circlet_count":0,"master_deck":["AscendersBane","Defend_B+1","Defend_B","Dualcast","Cold Snap","Conserve Battery","Coolheaded+1","Reinforced Body+1","Capacitor+1","Doom and Gloom","Go for the Eyes","Undo","Electrodynamics","Compile Driver","Hologram+1","Turbo","Sunder","Consume","Coolheaded","Glacier+1","Creative AI","Self Repair","Glacier"],"relics":["Philosopher\u0027s Stone","PreservedInsect","Centennial Puzzle","Bronze Scales","Empty Cage","Juzu Bracelet","Matryoshka","Kunai","Snecko Eye","Akabeko","StrikeDummy","Blood Vial"],"acts_visited":["Exordium","TheCity","TheBeyond"],"potions_floor_usage":[7,12,16,22,33,33,41],"damage_taken":[{"damage":6,"enemies":"Small Slimes","floor":1,"turns":4},{"damage":0,"enemies":"Cultist","floor":2,"turns":4},{"damage":6,"enemies":"Jaw Worm","floor":3,"turns":4},{"damage":3,"enemies":"2 Fungi Beasts","floor":5,"turns":5},{"damage":12,"enemies":"3 Sentries","floor":7,"turns":9},{"damage":6,"enemies":"Gremlin Nob","floor":12,"turns":3},{"damage":7,"enemies":"3 Louse","floor":14,"turns":2},{"damage":1,"enemies":"Hexaghost","floor":16,"turns":8},{"damage":0,"enemies":"Chosen","floor":18,"turns":5},{"damage":21,"enemies":"2 Thieves","floor":19,"turns":2},{"damage":5,"enemies":"3 Cultists","floor":20,"turns":4},{"damage":1,"enemies":"Centurion and Healer","floor":21,"turns":7},{"damage":3,"enemies":"Sentry and Sphere","floor":22,"turns":7},{"damage":9,"enemies":"Gremlin Leader","floor":23,"turns":5},{"damage":0,"enemies":"Snecko","floor":25,"turns":5},{"damage":8,"enemies":"Slavers","floor":31,"turns":4},{"damage":14,"enemies":"Collector","floor":33,"turns":12},{"damage":25,"enemies":"3 Darklings","floor":35,"turns":7},{"damage":0,"enemies":"3 Shapes","floor":38,"turns":5},{"damage":2,"enemies":"Sphere and 2 Shapes","floor":39,"turns":5},{"damage":24,"enemies":"Nemesis","floor":40,"turns":9},{"damage":34,"enemies":"Giant Head","floor":42,"turns":13},{"damage":38,"enemies":"Reptomancer","floor":44,"turns":2}],"seed_played":"-6244526918656051416","potions_obtained":[{"floor":2,"key":"EssenceOfDarkness"},{"floor":5,"key":"Energy Potion"},{"floor":12,"key":"SkillPotion"},{"floor":14,"key":"GamblersBrew"},{"floor":18,"key":"Block Potion"},{"floor":20,"key":"FocusPotion"},{"floor":22,"key":"Block Potion"},{"floor":33,"key":"SpeedPotion"},{"floor":38,"key":"Fruit Juice"}],"is_trial":false,"path_per_floor":["M","M","M","?","M","R","E","$","T","R","?","E","?","M","R","B",null,"M","M","M","M","M","E","$","M","T","?","R","?","?","E","R","B",null,"M","?","?","M","M","E","R","E","T","E"],"character_chosen":"DEFECT","items_purchased":["Doom and Gloom","Coolheaded"],"campfire_rested":3,"item_purchase_floors":[8,24],"current_hp_per_floor":[58,58,52,52,49,49,37,37,37,37,37,31,10,3,24,23,59,59,38,33,32,29,20,20,20,20,20,41,41,41,33,33,19,58,33,33,33,40,45,28,55,28,28,0,0],"gold":256,"neow_bonus":"BOSS_RELIC","is_daily":false,"chose_seed":false,"campfire_upgraded":3,"win_rate":0.0,"timestamp":1609754489,"path_taken":["M","M","M","?","M","R","E","?","T","R","?","E","?","M","R","BOSS","M","M","M","M","M","E","$","M","T","?","R","?","?","E","R","BOSS","M","?","?","M","M","E","R","E","T","E"],"items_purchased_type":["Card","Card"],"build_version":"2020-12-22","purchased_purges":2,"victory":false,"max_hp_per_floor":[71,71,71,71,71,71,71,71,71,71,71,71,71,71,71,71,71,71,71,71,71,71,71,71,71,71,71,71,71,71,71,71,71,71,71,71,71,71,71,71,76,76,76,76,76],"card_choices":[{"not_picked":["Turbo","Barrage"],"picked":"Cold Snap","floor":1},{"not_picked":["Cold Snap","Stack"],"picked":"Conserve Battery","floor":2},{"not_picked":["Chill","Steam"],"picked":"Coolheaded","floor":3},{"not_picked":["Coolheaded","Darkness"],"picked":"Reinforced Body","floor":5},{"not_picked":["Melter","Reinforced Body"],"picked":"Capacitor","floor":7},{"not_picked":["FTL","Redo"],"picked":"Undo","floor":12},{"not_picked":["Redo","Coolheaded","Beam Cell"],"picked":"SKIP","floor":14},{"not_picked":["Biased Cognition","Seek"],"picked":"Electrodynamics","floor":16},{"not_picked":["Aggregate","Genetic Algorithm"],"picked":"Compile Driver","floor":18},{"not_picked":["Cold Snap","Hello World"],"picked":"Hologram","floor":19},{"not_picked":["Chill+1","Cold Snap"],"picked":"Turbo","floor":20},{"not_picked":["Sweeping Beam","Heatsinks","Stack+1"],"picked":"SKIP","floor":21},{"not_picked":["Storm","Lockon"],"picked":"Sunder","floor":22},{"not_picked":["Barrage","Reinforced Body"],"picked":"Consume","floor":23},{"not_picked":["Cold Snap","Tempest","Lockon"],"picked":"SKIP","floor":25},{"not_picked":["Rip and Tear+1","Stack"],"picked":"Glacier+1","floor":31},{"not_picked":["Electrodynamics","Amplify"],"picked":"Creative AI","floor":33},{"not_picked":["Steam+1","Redo"],"picked":"Self Repair","floor":35},{"not_picked":["Melter","Chaos+1"],"picked":"Glacier","floor":38},{"not_picked":["Compile Driver","Sweeping Beam","Rebound+1"],"picked":"SKIP","floor":39},{"not_picked":["BootSequence+1","Rip and Tear","Turbo"],"picked":"SKIP","floor":40},{"not_picked":["Cold Snap+1","Lockon","Beam Cell"],"picked":"SKIP","floor":42}],"player_experience":1132777,"relics_obtained":[{"floor":7,"key":"PreservedInsect"},{"floor":9,"key":"Centennial Puzzle"},{"floor":12,"key":"Bronze Scales"},{"floor":26,"key":"Juzu Bracelet"},{"floor":31,"key":"Kunai"},{"floor":40,"key":"Akabeko"},{"floor":42,"key":"StrikeDummy"},{"floor":43,"key":"Blood Vial"}],"event_choices":[{"damage_healed":0,"gold_gain":0,"player_choice":"Upgraded","damage_taken":0,"max_hp_gain":0,"max_hp_loss":0,"event_name":"Upgrade Shrine","floor":4,"gold_loss":0,"cards_upgraded":["Coolheaded"]},{"damage_healed":0,"gold_gain":0,"cards_transformed":["Strike_B"],"player_choice":"Change","damage_taken":0,"max_hp_gain":0,"max_hp_loss":0,"event_name":"Living Wall","floor":11,"gold_loss":0,"cards_obtained":["Go for the Eyes"]},{"damage_healed":0,"gold_gain":0,"player_choice":"Entered Light","damage_taken":21,"max_hp_gain":0,"max_hp_loss":0,"event_name":"Shining Light","floor":13,"gold_loss":0,"cards_upgraded":["Capacitor","Defend_B"]},{"damage_healed":0,"gold_gain":0,"player_choice":"Ignored","damage_taken":0,"max_hp_gain":0,"max_hp_loss":0,"event_name":"Cursed Tome","floor":27,"gold_loss":0},{"damage_healed":0,"gold_gain":0,"player_choice":"Obtained Relic","damage_taken":0,"relics_obtained":["Matryoshka"],"max_hp_gain":0,"max_hp_loss":0,"event_name":"Addict","floor":29,"gold_loss":85},{"cards_removed":["Defend_B"],"damage_healed":0,"gold_gain":0,"player_choice":"Gave Gold","damage_taken":0,"max_hp_gain":0,"max_hp_loss":0,"event_name":"Beggar","floor":30,"gold_loss":75},{"cards_removed":["Zap"],"damage_healed":0,"gold_gain":0,"player_choice":"Removed Skill","damage_taken":0,"max_hp_gain":0,"max_hp_loss":0,"event_name":"Falling","floor":36,"gold_loss":0},{"damage_healed":0,"gold_gain":0,"player_choice":"Ignored","damage_taken":0,"max_hp_gain":0,"max_hp_loss":0,"event_name":"Tomb of Lord Red Mask","floor":37,"gold_loss":0}],"is_beta":false,"boss_relics":[{"not_picked":["Pandora\u0027s Box","Sozu"],"picked":"Empty Cage"},{"not_picked":["Astrolabe","Coffee Dripper"],"picked":"Snecko Eye"}],"items_purged_floors":[8,24],"is_endless":false,"potions_floor_spawned":[2,5,12,14,18,20,22,33,38],"killed_by":"Reptomancer","ascension_level":20}}