{"host":"kg61lsvem4dxoat8","time":1609766570,"event":{"mods":["BaseMod","Colored Powertips","Minty Spire (QoL Compilation)","Rare Cards Sparkle","Relic Stats"],"gold_per_floor":[117,128,147,147,166,166,183,183,183,199,209,187,217,236,236,331,331,350,350,265,290,290,290,290,290],"floor_reached":24,"playtime":3093,"items_purged":[],"score":190,"play_id":"49cf21d2-6af5-43f3-ab02-643e4b9cee04","local_time":"20210104212250","is_ascension_mode":false,"campfire_choices":[{"data":"Eruption","floor":6,"key":"SMITH"},{"data":"ClearTheMind","floor":8,"key":"SMITH"},{"floor":15,"key":"REST"},{"data":"Crescendo","floor":23,"key":"SMITH"}],"circlet_count":0,"master_deck":["Strike_P","Strike_P","Strike_P","Defend_P","Defend_P","Defend_P","Defend_P","Eruption+1","Vigilance","TalkToTheHand","Halt","ClearTheMind+1","DevaForm","FollowUp","FlurryOfBlows","Vault","MentalFortress+1","FlurryOfBlows","Crescendo+1"],"relics":["PureWater","NeowsBlessing","Pen Nib","Runic Pyramid","CeramicFish"],"acts_visited":["Exordium","TheCity"],"potions_floor_usage":[5,16,21,21,24],"damage_taken":[{"damage":0,"enemies":"Cultist","floor":1,"turns":1},{"damage":0,"enemies":"Small Slimes","floor":2,"turns":1},{"damage":0,"enemies":"Jaw Worm","floor":3,"turns":1},{"damage":2,"enemies":"3 Louse","floor":5,"turns":4},{"damage":14,"enemies":"Exordium Wildlife","floor":7,"turns":9},{"damage":9,"enemies":"2 Fungi Beasts","floor":10,"turns":4},{"damage":0,"enemies":"Red Slaver","floor":11,"turns":4},{"damage":15,"enemies":"Gremlin Gang","floor":14,"turns":6},{"damage":51,"enemies":"Hexaghost","floor":16,"turns":12},{"damage":0,"enemies":"3 Byrds","floor":18,"turns":6},{"damage":3,"enemies":"Shell Parasite","floor":21,"turns":3},{"damage":72,"enemies":"Gremlin Leader","floor":24,"turns":7}],"seed_played":"-5392056882648247332","potions_obtained":[{"floor":1,"key":"Swift Potion"},{"floor":3,"key":"SkillPotion"},{"floor":10,"key":"SpeedPotion"},{"floor":16,"key":"BlessingOfTheForge"},{"floor":18,"key":"Fire Potion"}],"is_trial":false,"path_per_floor":["M","M","M","?","M","R","M","R","T","M","M","$","?","M","R","B",null,"M","?","?","M","?","R","E"],"character_chosen":"WATCHER","items_purchased":["FollowUp"],"campfire_rested":1,"item_purchase_floors":[12],"current_hp_per_floor":[72,72,72,72,70,70,56,56,56,47,47,47,47,32,53,2,72,72,72,72,69,56,56,0,0],"gold":290,"neow_bonus":"THREE_ENEMY_KILL","is_daily":false,"chose_seed":false,"campfire_upgraded":3,"win_rate":0.0,"timestamp":1609766570,"path_taken":["M","?","?","?","M","R","M","R","T","?","M","$","?","M","R","BOSS","M","?","?","M","?","R","E"],"items_purchased_type":["Card"],"build_version":"2020-12-22","purchased_purges":0,"victory":false,"max_hp_per_floor":[72,72,72,72,72,72,72,72,72,72,72,72,72,72,72,72,72,72,72,72,72,77,77,77,77],"relic_stats":{"counters":[12,58],"CeramicFish":9,"Pen Nib":[10],"obtain_stats":[{"NeowsBlessing":0,"CeramicFish":20,"Pen Nib":9,"PureWater":0,"Runic Pyramid":17},{"NeowsBlessing":0,"CeramicFish":10,"Pen Nib":5,"PureWater":0,"Runic Pyramid":9},{"NeowsBlessing":0,"CeramicFish":48,"Pen Nib":16,"PureWater":0,"Runic Pyramid":42}]},"card_choices":[{"not_picked":["Fasting2","FlyingSleeves"],"picked":"TalkToTheHand","floor":1},{"not_picked":["WindmillStrike","Collect","CrushJoints"],"picked":"SKIP","floor":2},{"not_picked":["Evaluate","SignatureMove"],"picked":"Halt","floor":3},{"not_picked":["Perseverance","JustLucky","Pray"],"picked":"SKIP","floor":5},{"not_picked":["Collect","FollowUp"],"picked":"ClearTheMind","floor":7},{"not_picked":["CrushJoints","Sanctity","Conclude"],"picked":"SKIP","floor":10},{"not_picked":["Consecrate","CrushJoints"],"picked":"DevaForm","floor":11},{"not_picked":["FollowUp","WheelKick"],"picked":"FlurryOfBlows","floor":14},{"not_picked":["SpiritShield","DevaForm"],"picked":"Vault","floor":16},{"not_picked":["JustLucky+1","Prostrate"],"picked":"MentalFortress+1","floor":18},{"not_picked":["BowlingBash","Nirvana"],"picked":"Crescendo","floor":21}],"player_experience":1289343,"relics_obtained":[{"floor":9,"key":"Pen Nib"}],"event_choices":[{"cards_removed":["Strike_P"],"damage_healed":0,"gold_gain":0,"player_choice":"Purged","damage_taken":0,"max_hp_gain":0,"max_hp_loss":0,"event_name":"Purifier","floor":4,"gold_loss":0},{"damage_healed":0,"gold_gain":30,"player_choice":"Searched \u00271\u0027 times","damage_taken":0,"max_hp_gain":0,"max_hp_loss":0,"event_name":"Dead Adventurer","floor":13,"gold_loss":0},{"damage_healed":0,"gold_gain":0,"player_choice":"Read","damage_taken":0,"max_hp_gain":0,"max_hp_loss":0,"event_name":"The Library","floor":19,"gold_loss":0,"cards_obtained":["FlurryOfBlows"]},{"damage_healed":0,"gold_gain":0,"player_choice":"Obtained Relic","damage_taken":0,"relics_obtained":["CeramicFish"],"max_hp_gain":0,"max_hp_loss":0,"event_name":"Addict","floor":20,"gold_loss":85},{"damage_healed":0,"gold_gain":0,"player_choice":"Shed Blood","damage_taken":18,"max_hp_gain":5,"max_hp_loss":0,"event_name":"Forgotten Altar","floor":22,"gold_loss":0}],"is_beta":false,"boss_relics":[{"not_picked":["Ectoplasm","Pandora\u0027s Box"],"picked":"Runic Pyramid"}],"items_purged_floors":[],"is_endless":false,"potions_floor_spawned":[1,3,10,16,18],"killed_by":"Gremlin Leader","ascension_level":0}}