{"host":"8hy8aczuekhxmmq8","time":1609741939,"event":{"mods":["Act Like it!","BaseMod","Colored Map","Colored Powertips","DeckTracker","FoggyMod","Gensokyo","Minty Spire (QoL Compilation)","Quick Restart","StSLib","SuperFastMode","Yakumo Yukari mod"],"gold_per_floor":[131,145,161,173,186,217,231,231,231,231,246,136,148,165,165,262,262,272,289,299,299,299,299],"floor_reached":22,"playtime":834,"items_purged":["AT_purpleEX"],"score":194,"play_id":"628d9b0e-ead5-4128-a3c7-425185ed687b","local_time":"20210104153219","is_ascension_mode":false,"campfire_choices":[{"floor":8.0,"key":"REST"},{"data":"Nest_LightFlightworm_purple","floor":10.0,"key":"SMITH"},{"data":"Theboundaryofcreation_purpleEX","floor":15.0,"key":"SMITH"}],"circlet_count":0,"master_deck":["AT_purpleEX","AT_purpleEX","AT_purpleEX","Defend_purpleEX","Defend_purpleEX","Defend_purpleEX","Defend_purpleEX","Observe_purple_1","Observe_purple_2","EighthInstrument_OneDividesIntoTwo_purple","Nest_LightFlightworm_purple+1","Shallow_ocean_purpleEX","OpenedBox_purple","Theboundaryofcreation_purpleEX+1","Boundary_of_Extermination_purpleEX","Boundary_of_Extermination_purpleEX","Computing_the_future_purpleEX","StateErode_purple","CommonSense_AntiCommonSense_purple","Mirror_FourBoundary_purple","Theboundaryofcreation_purpleEX+1"],"relics":["Boundary_crack","Memoryfragments_purpleEX","Nunchaku","MealTicket","Bird Faced Urn","SacredBark"],"acts_visited":[],"potions_floor_usage":[],"damage_taken":[{"damage":1.0,"enemies":"2 Louse","floor":1.0,"turns":4.0},{"damage":0.0,"enemies":"Small Slimes","floor":2.0,"turns":5.0},{"damage":1.0,"enemies":"Jaw Worm","floor":3.0,"turns":4.0},{"damage":8.0,"enemies":"Red Slaver","floor":4.0,"turns":3.0},{"damage":17.0,"enemies":"Exordium Thugs","floor":5.0,"turns":5.0},{"damage":39.0,"enemies":"3 Sentries","floor":6.0,"turns":10.0},{"damage":4.0,"enemies":"Blue Slaver","floor":7.0,"turns":3.0},{"damage":14.0,"enemies":"Gremlin Gang","floor":11.0,"turns":7.0},{"damage":13.0,"enemies":"2 Fungi Beasts","floor":13.0,"turns":3.0},{"damage":0.0,"enemies":"Looter","floor":14.0,"turns":3.0},{"damage":47.0,"enemies":"Slime Boss","floor":16.0,"turns":14.0},{"damage":0.0,"enemies":"Spheric Guardian","floor":18.0,"turns":2.0},{"damage":16.0,"enemies":"Chosen","floor":19.0,"turns":6.0},{"damage":71.0,"enemies":"Sentry and Sphere","floor":20.0,"turns":8.0}],"seed_played":"7311826835060216603","potions_obtained":[{"floor":1.0,"key":"CultistPotion"},{"floor":2.0,"key":"Block Potion"},{"floor":5.0,"key":"LiquidBronze"},{"floor":6.0,"key":"Fruit Juice"},{"floor":19.0,"key":"Strength Potion"}],"is_trial":false,"path_per_floor":["M","M","M","M","M","E","M","R","T","R","M","$","M","M","R","B",null,"M","M","M","?","?"],"character_chosen":"Youkari","items_purchased":["Boundary_of_Extermination_purpleEX"],"campfire_rested":1,"item_purchase_floors":[12],"current_hp_per_floor":[70,70,70,63,48,12,9,30,30,30,19,34,26,37,37,20,75,75,64,6,6,6,6],"gold":299,"neow_bonus":"RANDOM_COMMON_RELIC","is_daily":false,"chose_seed":false,"campfire_upgraded":2,"win_rate":0.0,"timestamp":1609741939,"path_taken":["M","M","M","M","M","E","M","R","T","R","M","$","M","M","R","BOSS","M","M","M","?","?"],"items_purchased_type":["Card"],"build_version":"2020-12-22","purchased_purges":1,"victory":false,"max_hp_per_floor":[70,70,70,70,70,70,70,70,70,70,70,70,70,70,70,75,75,75,75,75,75,75,75],"card_choices":[{"not_picked":["Line_surface_state_purple","MonsterNeedle_purple"],"picked":"EighthInstrument_OneDividesIntoTwo_purple","floor":1.0},{"not_picked":["Boundary_ObjectiveBoundary_purple","StateDuplicate_purple","AdvanceAttack_purple"],"picked":"SKIP","floor":2.0},{"not_picked":["StretchesForeverDream_purple","Yakumo_Ran_purple"],"picked":"Nest_LightFlightworm_purple","floor":3.0},{"not_picked":["RuleDissolution_purple","Line_surface_state_purple"],"picked":"Shallow_ocean_purpleEX","floor":4.0},{"not_picked":["OmniscientAndOmnipotent_Monster_purple","Anti_communist_purple"],"picked":"OpenedBox_purple","floor":5.0},{"not_picked":["StateDuplicate_purple","MNeedle_purple","SfantasyHide_purple"],"picked":"SKIP","floor":6.0},{"not_picked":["OmniscientAndOmnipotent_Monster_purple","RealityDreamConfluencek_purple","Realm_recovery_purpleEX"],"picked":"SKIP","floor":7.0},{"not_picked":["Erosivefilter_purple","SfantasyHide_purple"],"picked":"Theboundaryofcreation_purpleEX","floor":11.0},{"not_picked":["Realm_recovery_purpleEX","WeekHit_purple"],"picked":"Boundary_of_Extermination_purpleEX","floor":13.0},{"not_picked":["Shallow_ocean_purpleEX","DimensionStaggered_purple","MetroBOOM_purple"],"picked":"SKIP","floor":14.0},{"not_picked":["Know_ledgeAbilityRealm_purple","ContainerChange_purple"],"picked":"Computing_the_future_purpleEX","floor":16.0},{"not_picked":["SharpContractionReality_purple+1","SfantasyHide_purple"],"picked":"StateErode_purple","floor":18.0},{"not_picked":["Umbrella_purple+1","MNeedle_purple+1"],"picked":"CommonSense_AntiCommonSense_purple","floor":19.0},{"not_picked":["Mirror_FormAndEmptin_purple+1","Charmbait_purple"],"picked":"Mirror_FourBoundary_purple","floor":20.0}],"player_experience":44023,"relics_obtained":[{"floor":6.0,"key":"MealTicket"},{"floor":9.0,"key":"Bird Faced Urn"}],"event_choices":[{"damage_healed":0.0,"max_hp_gain":0.0,"max_hp_loss":0.0,"gold_gain":0.0,"event_name":"Duplicator","player_choice":"Copied","floor":21.0,"gold_loss":0.0,"damage_taken":0.0,"cards_obtained":["Theboundaryofcreation_purpleEX"]},{"damage_healed":0,"gold_gain":0,"player_choice":"Ignored","damage_taken":0,"max_hp_gain":0,"max_hp_loss":0,"event_name":"Transmorgrifier","floor":22,"gold_loss":0}],"is_beta":false,"boss_relics":[{"not_picked":["Black Star","Ectoplasm"],"picked":"SacredBark"}],"items_purged_floors":[12],"is_endless":false,"potions_floor_spawned":[1,2,5,6,14,19],"ascension_level":0}}