{"host":"e0pckiz4krh0olxz","time":1609720305,"event":{"mods":["BaseMod","Downfall","Filter the Spire","Minty Spire (QoL Compilation)","Relic Stats","StSLib"],"gold_per_floor":[116,116,135,135,154,154,180,191,238,271,271,288,288,308,308,387,387,400,413,170,170,187,187,197,226,252,277,293,293,293,326,326,403,403,420,445,460,474,210,241,241,270,270,284,264,264,295,307,307,307],"floor_reached":51,"playtime":2681,"items_purged":["Endless Agony","Skewer"],"score":1635,"play_id":"09098f42-b436-4879-8e9a-82af65a39cf3","local_time":"20210103183145","is_ascension_mode":true,"campfire_choices":[{"data":"Bouncing Flask","floor":6,"key":"SMITH"},{"data":"Noxious Fumes","floor":11,"key":"SMITH"},{"data":"Dash","floor":13,"key":"SMITH"},{"data":"Neutralize","floor":15,"key":"SMITH"},{"data":"Deadly Poison","floor":23,"key":"SMITH"},{"data":"Dodge and Roll","floor":30,"key":"SMITH"},{"data":"Calculated Gamble","floor":32,"key":"SMITH"},{"floor":41,"key":"REST"},{"floor":49,"key":"DIG"}],"circlet_count":0,"master_deck":["AscendersBane","Survivor","Neutralize+1","PiercingWail","Dodge and Roll+1","Noxious Fumes+1","Bouncing Flask+1","Quick Slash","Dash+1","Deadly Poison+1","Cloak And Dagger","Calculated Gamble+1","Crippling Poison+1","Blade Dance+1","Deadly Poison+1","Blur+1","PiercingWail+1","Adrenaline+1","Catalyst+1","Catalyst+1","Noxious Fumes+1","Catalyst+1","Night Terror+1","Malaise+1","Backflip+1","Wraith Form v2","PiercingWail+1"],"relics":["Pandora\u0027s Box","Toxic Egg 2","Anchor","Strawberry","Philosopher\u0027s Stone","DollysMirror","PreservedInsect","Tiny Chest","Regal Pillow","Fusion Hammer","Calipers","TwistedFunnel","Shuriken","Centennial Puzzle","Pantograph","Ancient Tea Set","Shovel","Lizard Tail"],"acts_visited":["Exordium","TheCity","TheBeyond"],"potions_floor_usage":[50],"damage_taken":[{"damage":0,"enemies":"2 Louse","floor":1,"turns":2},{"damage":0,"enemies":"Cultist","floor":3,"turns":3},{"damage":0,"enemies":"Small Slimes","floor":5,"turns":3},{"damage":6,"enemies":"Lagavulin","floor":7,"turns":5},{"damage":8,"enemies":"3 Louse","floor":8,"turns":2},{"damage":0,"enemies":"Gremlin Nob","floor":10,"turns":3},{"damage":0,"enemies":"Blue Slaver","floor":12,"turns":3},{"damage":0,"enemies":"2 Fungi Beasts","floor":14,"turns":3},{"damage":4,"enemies":"Hexaghost","floor":16,"turns":7},{"damage":4,"enemies":"Shell Parasite","floor":18,"turns":4},{"damage":0,"enemies":"Chosen","floor":19,"turns":4},{"damage":0,"enemies":"Snake Plant","floor":22,"turns":3},{"damage":1,"enemies":"Sentry and Sphere","floor":24,"turns":3},{"damage":0,"enemies":"Gremlin Leader","floor":25,"turns":4},{"damage":10,"enemies":"Slavers","floor":27,"turns":4},{"damage":0,"enemies":"Centurion and Healer","floor":28,"turns":4},{"damage":0,"enemies":"Book of Stabbing","floor":31,"turns":3},{"damage":31,"enemies":"Automaton","floor":33,"turns":7},{"damage":8,"enemies":"Orb Walker","floor":35,"turns":4},{"damage":0,"enemies":"Mind Bloom Boss Battle","floor":36,"turns":2},{"damage":5,"enemies":"3 Darklings","floor":37,"turns":3},{"damage":2,"enemies":"Transient","floor":38,"turns":4},{"damage":20,"enemies":"Reptomancer","floor":40,"turns":3},{"damage":19,"enemies":"Nemesis","floor":42,"turns":3},{"damage":0,"enemies":"Maw","floor":44,"turns":4},{"damage":16,"enemies":"Reptomancer","floor":47,"turns":3},{"damage":2,"enemies":"Sphere and 2 Shapes","floor":48,"turns":4},{"damage":16,"enemies":"Awakened One","floor":50,"turns":6}],"seed_played":"7329997732330065390","potions_obtained":[{"floor":5,"key":"CultistPotion"},{"floor":8,"key":"BlessingOfTheForge"},{"floor":27,"key":"EntropicBrew"},{"floor":37,"key":"Poison Potion"},{"floor":48,"key":"EntropicBrew"}],"is_trial":false,"path_per_floor":["M","?","M","$","M","R","E","M","T","E","R","M","R","M","R","B",null,"M","M","$","?","M","R","M","E","T","E","M","?","R","E","R","B",null,"M","?","M","M","$","E","R","E","T","M","?","T","E","M","R","B",null],"character_chosen":"THE_SILENT","items_purchased":["DollysMirror","TwistedFunnel"],"campfire_rested":1,"item_purchase_floors":[20,39],"current_hp_per_floor":[59,59,59,59,59,59,53,45,45,52,52,52,52,52,52,48,67,63,63,63,63,63,63,62,62,62,52,52,52,52,52,52,21,60,52,52,47,45,45,25,61,42,42,42,42,42,26,24,24,33],"gold":307,"neow_bonus":"BOSS_RELIC","is_daily":false,"chose_seed":false,"campfire_upgraded":7,"win_rate":0.0,"timestamp":1609720305,"path_taken":["M","?","M","?","M","R","E","M","T","E","R","M","R","M","R","BOSS","M","M","$","?","M","R","M","E","T","E","M","?","R","E","R","BOSS","M","?","M","M","$","E","R","E","T","M","?","?","E","?","R","BOSS"],"items_purchased_type":["Relic","Relic"],"build_version":"2020-12-22","purchased_purges":2,"victory":true,"max_hp_per_floor":[66,66,66,66,66,66,66,66,66,73,73,73,73,73,73,73,73,73,73,73,73,73,73,73,73,73,73,73,73,73,73,73,73,73,73,73,73,73,73,73,73,73,73,73,73,73,73,73,73,73],"relic_stats":{"Regal Pillow":15,"Centennial Puzzle":[9],"Lizard Tail":0,"Shovel":1,"counters":[28,103],"Shuriken":[5],"Pantograph":25,"Pandora\u0027s Box":["PiercingWail","Dodge and Roll","Noxious Fumes","Skewer","Endless Agony","Bouncing Flask","Quick Slash","Eviscerate","Dash","Deadly Poison"],"Tiny Chest":1,"PreservedInsect":257,"obtain_stats":[{"TwistedFunnel":39,"Regal Pillow":31,"Calipers":36,"PreservedInsect":25,"Ancient Tea Set":46,"Anchor":9,"Centennial Puzzle":42,"Lizard Tail":49,"Shovel":47,"DollysMirror":20,"Shuriken":40,"Strawberry":10,"Pantograph":43,"Pandora\u0027s Box":0,"Philosopher\u0027s Stone":17,"Tiny Chest":27,"Fusion Hammer":34,"Toxic Egg 2":7,"Ring of the Snake":0},{"TwistedFunnel":22,"Regal Pillow":17,"Calipers":20,"PreservedInsect":14,"Ancient Tea Set":25,"Anchor":5,"Centennial Puzzle":24,"Lizard Tail":27,"Shovel":26,"DollysMirror":11,"Shuriken":23,"Strawberry":6,"Pantograph":24,"Pandora\u0027s Box":0,"Philosopher\u0027s Stone":9,"Tiny Chest":15,"Fusion Hammer":18,"Toxic Egg 2":4,"Ring of the Snake":0},{"TwistedFunnel":80,"Regal Pillow":60,"Calipers":73,"PreservedInsect":49,"Ancient Tea Set":90,"Anchor":15,"Centennial Puzzle":86,"Lizard Tail":97,"Shovel":93,"DollysMirror":39,"Shuriken":83,"Strawberry":18,"Pantograph":86,"Pandora\u0027s Box":0,"Philosopher\u0027s Stone":31,"Tiny Chest":53,"Fusion Hammer":67,"Toxic Egg 2":13,"Ring of the Snake":0}]},"card_choices":[{"not_picked":["Underhanded Strike","PiercingWail"],"picked":"Cloak And Dagger","floor":1},{"not_picked":["Distraction","Dagger Spray"],"picked":"Calculated Gamble","floor":3},{"not_picked":["Backstab","Dagger Spray","Slice"],"picked":"SKIP","floor":5},{"not_picked":["Acrobatics+1","Bane"],"picked":"Crippling Poison+1","floor":7},{"not_picked":["Choke","Dagger Spray"],"picked":"Blade Dance+1","floor":8},{"not_picked":["Bane","Underhanded Strike"],"picked":"Deadly Poison+1","floor":10},{"not_picked":["Prepared+1","Poisoned Stab"],"picked":"Blur+1","floor":12},{"not_picked":["Slice","A Thousand Cuts"],"picked":"PiercingWail+1","floor":14},{"not_picked":["Tools of the Trade","Envenom"],"picked":"Adrenaline+1","floor":16},{"not_picked":["Calculated Gamble+1","Skewer","Dagger Throw"],"picked":"SKIP","floor":18},{"not_picked":["Underhanded Strike","Deadly Poison+1"],"picked":"Catalyst+1","floor":19},{"not_picked":["Bouncing Flask+1","Setup+1","Prepared+1"],"picked":"SKIP","floor":22},{"not_picked":["Slice","Deadly Poison+1","Poisoned Stab"],"picked":"SKIP","floor":24},{"not_picked":["A Thousand Cuts","Bane","Underhanded Strike"],"picked":"SKIP","floor":25},{"not_picked":["Deflect+1","Quick Slash","Blade Dance+1"],"picked":"SKIP","floor":27},{"not_picked":["Slice","Quick Slash"],"picked":"Noxious Fumes+1","floor":28},{"not_picked":["Dodge and Roll+1","Underhanded Strike"],"picked":"Night Terror+1","floor":31},{"not_picked":["Night Terror+1","Envenom"],"picked":"Malaise+1","floor":33},{"not_picked":["PiercingWail+1","Masterful Stab"],"picked":"Backflip+1","floor":35},{"not_picked":["Quick Slash+1","Accuracy","Infinite Blades"],"picked":"SKIP","floor":37},{"not_picked":["Reflex+1","Masterful Stab","Outmaneuver+1"],"picked":"SKIP","floor":38},{"not_picked":["Setup+1","Bane+1"],"picked":"Wraith Form v2","floor":40},{"not_picked":["Prepared+1","Deadly Poison+1"],"picked":"PiercingWail+1","floor":42},{"not_picked":["Sucker Punch","Expertise+1","Backstab"],"picked":"SKIP","floor":44},{"not_picked":["Footwork","Quick Slash+1","Bouncing Flask+1"],"picked":"SKIP","floor":47},{"not_picked":["All Out Attack","Noxious Fumes","Deflect+1"],"picked":"SKIP","floor":48}],"player_experience":1430503,"relics_obtained":[{"floor":7,"key":"Toxic Egg 2"},{"floor":9,"key":"Anchor"},{"floor":10,"key":"Strawberry"},{"floor":25,"key":"PreservedInsect"},{"floor":27,"key":"Tiny Chest"},{"floor":31,"key":"Regal Pillow"},{"floor":36,"key":"Calipers"},{"floor":40,"key":"Shuriken"},{"floor":42,"key":"Centennial Puzzle"},{"floor":43,"key":"Pantograph"},{"floor":46,"key":"Ancient Tea Set"},{"floor":47,"key":"Shovel"},{"floor":49,"key":"Lizard Tail"}],"event_choices":[{"cards_removed":["Eviscerate"],"damage_healed":0,"gold_gain":0,"player_choice":"Purged","damage_taken":0,"max_hp_gain":0,"max_hp_loss":0,"event_name":"Purifier","floor":2,"gold_loss":0},{"damage_healed":0,"gold_gain":0,"player_choice":"Read","damage_taken":0,"max_hp_gain":0,"max_hp_loss":0,"event_name":"The Library","floor":29,"gold_loss":0,"cards_obtained":["Catalyst"]},{"damage_healed":0,"gold_gain":0,"player_choice":"Fight","damage_taken":0,"max_hp_gain":0,"max_hp_loss":0,"event_name":"MindBloom","floor":36,"gold_loss":0},{"damage_healed":0,"gold_gain":0,"player_choice":"Bought 1 Potion","damage_taken":0,"max_hp_gain":0,"max_hp_loss":0,"event_name":"The Woman in Blue","floor":45,"gold_loss":0}],"is_beta":false,"boss_relics":[{"not_picked":["SacredBark","Cursed Key"],"picked":"Philosopher\u0027s Stone"},{"not_picked":["Sozu","Coffee Dripper"],"picked":"Fusion Hammer"}],"items_purged_floors":[20,39],"is_endless":false,"potions_floor_spawned":[5,8,22,27,31,37,38,42,47,48],"ascension_level":17}}