{"host":"J","time":1609721388,"event":{"mods":["AchievementEnabler","BaseMod","Block Reminder","Highlight Path","Minty Spire (QoL Compilation)","Permanent Neow","Quick Restart","Relic Stats","UnlockEverythingMod"],"gold_per_floor":[117,182,192,203,203,203,236,253,253,319,369,394,444,463,463,540,540,556,606,709,776,260,260,288,302,302,302,317,317,393,405,405,477,477,493,468,533,547,650,650,700,700,749,749,749,69,119,169,169,169,169,169,169,36,68,68],"floor_reached":57,"playtime":13621,"items_purged":["Envenom"],"score":2656,"play_id":"c50796dd-ec4c-4b36-a0d5-944c25e63143","local_time":"20210104014948","is_ascension_mode":true,"campfire_choices":[{"data":"Tactician","floor":6.0,"key":"SMITH"},{"data":"Calculated Gamble","floor":15.0,"key":"SMITH"},{"data":"Catalyst","floor":23.0,"key":"SMITH"},{"floor":27.0,"key":"REST"},{"data":"Burst","floor":29.0,"key":"SMITH"},{"data":"Well Laid Plans","floor":32.0,"key":"SMITH"},{"data":"Acrobatics","floor":40.0,"key":"SMITH"},{"data":"Panache","floor":42.0,"key":"SMITH"},{"floor":44.0,"key":"RECALL"},{"floor":45.0,"key":"REST"},{"floor":49.0,"key":"REST"},{"floor":53,"key":"REST"}],"circlet_count":0,"master_deck":["AscendersBane","Survivor+1","Neutralize+1","Flechettes+1","Calculated Gamble+1","Acrobatics+1","Catalyst+1","Unload+1","Tactician+1","Backflip+1","Finisher+1","Reflex+1","Crippling Poison+1","Noxious Fumes+1","PiercingWail+1","Blur+1","Underhanded Strike+1","Well Laid Plans+1","Master of Strategy+1","Burst+1","Acrobatics+1","Footwork+1","Tools of the Trade+1","Panache+1"],"relics":["Pandora\u0027s Box","SsserpentHead","Sundial","Ninja Scroll","Pear","Sozu","Regal Pillow","Bag of Marbles","Oddly Smooth Stone","The Courier","Red Mask","Black Star","Snake Skull","WingedGreaves","InkBottle","Blue Candle","Bronze Scales","Happy Flower","Mark of the Bloom","Centennial Puzzle","Unceasing Top","StrikeDummy"],"acts_visited":["Exordium","TheCity","TheBeyond","TheEnding"],"potions_floor_usage":[56],"damage_taken":[{"damage":0.0,"enemies":"Small Slimes","floor":1.0,"turns":2.0},{"damage":0.0,"enemies":"2 Louse","floor":3.0,"turns":2.0},{"damage":6.0,"enemies":"Cultist","floor":4.0,"turns":3.0},{"damage":21.0,"enemies":"Gremlin Nob","floor":7.0,"turns":4.0},{"damage":8.0,"enemies":"2 Fungi Beasts","floor":8.0,"turns":3.0},{"damage":0.0,"enemies":"Looter","floor":10.0,"turns":2.0},{"damage":12.0,"enemies":"3 Sentries","floor":12.0,"turns":5.0},{"damage":0.0,"enemies":"3 Louse","floor":14.0,"turns":2.0},{"damage":13.0,"enemies":"Hexaghost","floor":16.0,"turns":8.0},{"damage":3.0,"enemies":"Spheric Guardian","floor":18.0,"turns":4.0},{"damage":23.0,"enemies":"Shell Parasite","floor":21.0,"turns":4.0},{"damage":1.0,"enemies":"Slavers","floor":24.0,"turns":4.0},{"damage":8.0,"enemies":"Snecko","floor":25.0,"turns":4.0},{"damage":7.0,"enemies":"Centurion and Healer","floor":28.0,"turns":2.0},{"damage":2.0,"enemies":"Masked Bandits","floor":30.0,"turns":2.0},{"damage":0.0,"enemies":"Snake Plant","floor":31.0,"turns":2.0},{"damage":4.0,"enemies":"Automaton","floor":33.0,"turns":5.0},{"damage":0.0,"enemies":"Orb Walker","floor":35.0,"turns":4.0},{"damage":0.0,"enemies":"3 Shapes","floor":37.0,"turns":4.0},{"damage":0.0,"enemies":"Sphere and 2 Shapes","floor":38.0,"turns":3.0},{"damage":31.0,"enemies":"2 Orb Walkers","floor":39.0,"turns":5.0},{"damage":24.0,"enemies":"Time Eater","floor":50.0,"turns":4.0},{"damage":4,"enemies":"Donu and Deca","floor":51,"turns":3},{"damage":0,"enemies":"Shield and Spear","floor":55,"turns":3},{"damage":22,"enemies":"The Heart","floor":56,"turns":7}],"seed_played":"6839168800406352698","potions_obtained":[{"floor":1.0,"key":"AttackPotion"},{"floor":4.0,"key":"Swift Potion"},{"floor":10.0,"key":"BlessingOfTheForge"},{"floor":12.0,"key":"GhostInAJar"},{"floor":14.0,"key":"Explosive Potion"}],"is_trial":false,"path_per_floor":["M","?","M","M","?","R","E","M","T","M","?","E","?","M","R","B",null,"M","?","T","M","$","R","E","M","T","R","M","R","?","M","R","B",null,"M","?","M","M","?","R","?","R","T","R","R","$","?","$","R","B","B",null,"R","$","E","B",null],"character_chosen":"THE_SILENT","items_purchased":["Bag of Marbles","Well Laid Plans","Master of Strategy","InkBottle","Blue Candle","Bronze Scales","Happy Flower","Centennial Puzzle"],"campfire_rested":4,"item_purchase_floors":[22,22,22,46,46,46,46,54],"current_hp_per_floor":[59,59,59,53,53,53,32,24,24,24,24,22,22,22,22,9,59,56,56,56,33,33,33,32,24,24,61,54,54,52,52,52,48,69,69,69,69,69,38,38,38,38,38,38,75,75,75,75,75,51,47,47,47,47,47,25],"gold":68,"neow_bonus":"BOSS_RELIC","is_daily":false,"chose_seed":false,"campfire_upgraded":7,"win_rate":0.0,"timestamp":1609721388,"path_taken":["M","?","M","M","?","R","E","M","T","?","?","E","?","M","R","BOSS","M","?","?","?","$","R","E","M","T","R","M","R","?","M","R","BOSS","M","?","?","M","?","R","?","R","T","R","R","$","?","?","R","BOSS","BOSS","R","$","E","BOSS"],"items_purchased_type":["Relic","Card","Card","Relic","Relic","Relic","Relic","Relic"],"build_version":"2020-12-18","purchased_purges":1,"victory":true,"max_hp_per_floor":[66,66,66,66,66,66,66,66,66,66,66,76,76,76,76,76,76,76,76,76,76,76,76,76,76,76,76,76,76,76,76,76,76,76,76,76,76,76,76,76,76,76,76,76,76,76,76,76,76,76,76,76,76,76,76,76],"relic_stats":{"Regal Pillow":37,"Mark of the Bloom":96,"Happy Flower":[5],"counters":[25,91],"Blue Candle":[1],"Snake Skull":[41],"Sozu":7,"SsserpentHead":650,"Centennial Puzzle":[3],"Sundial":[54],"Bronze Scales":[116],"Pandora\u0027s Box":["Flechettes","Calculated Gamble","Acrobatics","Catalyst","Unload","Tactician","Backflip","A Thousand Cuts","Finisher","Reflex"],"Black Star":1,"obtain_stats":[{"Regal Pillow":20,"Mark of the Bloom":47,"Pear":12,"Happy Flower":46,"Blue Candle":46,"Oddly Smooth Stone":24,"The Courier":26,"Snake Skull":36,"Sozu":17,"SsserpentHead":5,"Centennial Puzzle":54,"Sundial":7,"Ninja Scroll":9,"Bronze Scales":46,"Pandora\u0027s Box":0,"WingedGreaves":39,"Bag of Marbles":22,"Red Mask":30,"Black Star":34,"StrikeDummy":55,"InkBottle":46,"Unceasing Top":55,"Ring of the Snake":0},{"Regal Pillow":10,"Mark of the Bloom":21,"Pear":7,"Happy Flower":21,"Blue Candle":21,"Oddly Smooth Stone":12,"The Courier":13,"Snake Skull":18,"Sozu":9,"SsserpentHead":3,"Centennial Puzzle":23,"Sundial":4,"Ninja Scroll":5,"Bronze Scales":21,"Pandora\u0027s Box":0,"WingedGreaves":21,"Bag of Marbles":11,"Red Mask":15,"Black Star":17,"StrikeDummy":24,"InkBottle":21,"Unceasing Top":24,"Ring of the Snake":0},{"Regal Pillow":35,"Mark of the Bloom":74,"Pear":21,"Happy Flower":74,"Blue Candle":74,"Oddly Smooth Stone":43,"The Courier":47,"Snake Skull":62,"Sozu":31,"SsserpentHead":7,"Centennial Puzzle":81,"Sundial":11,"Ninja Scroll":14,"Bronze Scales":74,"Pandora\u0027s Box":0,"WingedGreaves":74,"Bag of Marbles":39,"Red Mask":51,"Black Star":58,"StrikeDummy":84,"InkBottle":74,"Unceasing Top":84,"Ring of the Snake":0}],"InkBottle":[22],"Unceasing Top":[0]},"card_choices":[{"not_picked":["Setup","Finisher"],"picked":"Crippling Poison","floor":1.0},{"not_picked":["Bane","Backflip"],"picked":"Noxious Fumes","floor":3.0},{"not_picked":["Caltrops","Flechettes"],"picked":"PiercingWail","floor":4.0},{"not_picked":["Eviscerate","Flying Knee"],"picked":"Blur","floor":7.0},{"not_picked":["Quick Slash","Concentrate"],"picked":"Underhanded Strike","floor":8.0},{"not_picked":["Crippling Poison","Predator","Dagger Throw"],"picked":"SKIP","floor":10.0},{"not_picked":["Dodge and Roll","Outmaneuver","Setup"],"picked":"SKIP","floor":12.0},{"not_picked":["Dagger Spray","Accuracy","Flying Knee"],"picked":"SKIP","floor":14.0},{"not_picked":["Bullet Time","Wraith Form v2"],"picked":"Envenom","floor":16.0},{"not_picked":["Backflip","Sucker Punch","Flying Knee"],"picked":"SKIP","floor":18.0},{"not_picked":["Cloak And Dagger","Dodge and Roll","Slice"],"picked":"SKIP","floor":21.0},{"not_picked":["Poisoned Stab","PiercingWail"],"picked":"Burst","floor":24.0},{"not_picked":["Heel Hook","PiercingWail+1"],"picked":"Acrobatics","floor":25.0},{"not_picked":["PiercingWail","Endless Agony","Flying Knee"],"picked":"SKIP","floor":28.0},{"not_picked":["Dodge and Roll","Heel Hook"],"picked":"Footwork","floor":31.0},{"not_picked":["Burst","Unload"],"picked":"Tools of the Trade","floor":33.0},{"not_picked":["Endless Agony+1","Flying Knee","Deadly Poison"],"picked":"SKIP","floor":35.0},{"not_picked":["Bane","Underhanded Strike+1","Acrobatics"],"picked":"SKIP","floor":37.0},{"not_picked":["Outmaneuver+1","Expertise","Deflect"],"picked":"SKIP","floor":38.0},{"not_picked":["Trip","Swift Strike"],"picked":"Panache","floor":41.0},{"not_picked":["Dash","Dagger Spray+1","Sucker Punch+1"],"picked":"SKIP","floor":55}],"player_experience":266687,"relics_obtained":[{"floor":7.0,"key":"Sundial"},{"floor":9.0,"key":"Ninja Scroll"},{"floor":12.0,"key":"Pear"},{"floor":20.0,"key":"Regal Pillow"},{"floor":24.0,"key":"Oddly Smooth Stone"},{"floor":26.0,"key":"The Courier"},{"floor":30.0,"key":"Red Mask"},{"floor":39.0,"key":"WingedGreaves"},{"floor":55,"key":"Unceasing Top"},{"floor":55,"key":"StrikeDummy"}],"event_choices":[{"damage_healed":0.0,"max_hp_gain":0.0,"max_hp_loss":0.0,"gold_gain":65.0,"event_name":"Golden Wing","player_choice":"Gained Gold","floor":2.0,"gold_loss":0.0,"damage_taken":0.0},{"damage_healed":0.0,"max_hp_gain":0.0,"max_hp_loss":0.0,"gold_gain":0.0,"event_name":"FaceTrader","player_choice":"Trade","floor":5.0,"gold_loss":0.0,"damage_taken":0.0,"relics_obtained":["SsserpentHead"]},{"damage_healed":0.0,"max_hp_gain":0.0,"max_hp_loss":0.0,"gold_gain":0.0,"event_name":"Dead Adventurer","player_choice":"Searched \u00270\u0027 times","floor":11.0,"gold_loss":0.0,"damage_taken":0.0},{"damage_healed":0.0,"max_hp_gain":0.0,"max_hp_loss":0.0,"gold_gain":0.0,"event_name":"Living Wall","player_choice":"Grow","floor":13.0,"gold_loss":0.0,"damage_taken":0.0,"cards_upgraded":["Crippling Poison"]},{"cards_removed":["A Thousand Cuts"],"damage_healed":0.0,"max_hp_gain":0.0,"max_hp_loss":0.0,"gold_gain":0.0,"event_name":"Back to Basics","player_choice":"Elegance","floor":19.0,"gold_loss":0.0,"damage_taken":0.0},{"damage_healed":0.0,"max_hp_gain":0.0,"max_hp_loss":0.0,"gold_gain":0.0,"event_name":"Masked Bandits","player_choice":"Fought Bandits","floor":30.0,"gold_loss":0.0,"damage_taken":0.0},{"damage_healed":0.0,"max_hp_gain":0.0,"max_hp_loss":0.0,"gold_gain":0.0,"event_name":"WeMeetAgain","player_choice":"Paid Gold","floor":36.0,"gold_loss":75.0,"damage_taken":0.0,"relics_obtained":["Snake Skull"]},{"damage_healed":0.0,"max_hp_gain":0.0,"max_hp_loss":0.0,"gold_gain":0.0,"event_name":"Mysterious Sphere","player_choice":"Fight","floor":39.0,"gold_loss":0.0,"damage_taken":0.0},{"damage_healed":0.0,"max_hp_gain":0.0,"max_hp_loss":0.0,"gold_gain":0.0,"event_name":"SensoryStone","player_choice":"Memory 1","floor":41.0,"gold_loss":0.0,"damage_taken":0.0},{"damage_healed":0.0,"max_hp_gain":0.0,"max_hp_loss":0.0,"gold_gain":0.0,"event_name":"MindBloom","player_choice":"Upgrade","floor":47.0,"gold_loss":0.0,"damage_taken":0.0,"cards_upgraded":["Survivor","Neutralize","Flechettes","Acrobatics","Unload","Backflip","Finisher","Reflex","Noxious Fumes","PiercingWail","Blur","Underhanded Strike","Master of Strategy","Footwork","Tools of the Trade"],"relics_obtained":["Mark of the Bloom"]}],"is_beta":true,"boss_relics":[{"not_picked":["Snecko Eye","Astrolabe"],"picked":"Sozu"},{"not_picked":["Busted Crown","Runic Dome"],"picked":"Black Star"}],"items_purged_floors":[22],"is_endless":false,"potions_floor_spawned":[1,4,10,12,14,16,18,21,24,30,33,35,55],"ascension_level":20}}