{"host":"aeidq2c3auzxo1yh","time":1609735608,"event":{"mods":["AchievementEnabler","BaseMod","Colored Map","Colored Powertips","Minty Spire (QoL Compilation)","Relic Stats","StSLib"],"gold_per_floor":[111,111,28,28,46,46,76,88,88,112,139,177,189,213,225,313,325,355,367,41,31,81,81,110,110,110,128,128,128,128],"floor_reached":29,"playtime":1143,"items_purged":["Regret"],"score":552,"play_id":"1fe3339a-359a-462a-a26f-5c5bbd8cfe06","local_time":"20210104094648","is_ascension_mode":true,"campfire_choices":[{"data":"Neutralize","floor":6.0,"key":"SMITH"},{"data":"Caltrops","floor":13.0,"key":"SMITH"},{"data":"Bane","floor":15.0,"key":"SMITH"},{"data":"After Image","floor":23,"key":"SMITH"},{"data":"Ghostly","floor":25,"key":"SMITH"}],"circlet_count":0,"master_deck":["AscendersBane","Strike_G+1","Strike_G","Strike_G","Strike_G","Strike_G","Defend_G","Defend_G","Defend_G","Defend_G","Defend_G+1","Survivor","Neutralize+1","Dagger Throw","Bane+1","Caltrops+1","Endless Agony","Terror","After Image+1","Infinite Blades","Ghostly+1","Ghostly","Ghostly","Footwork","Well Laid Plans","Infinite Blades"],"relics":["Ring of the Snake","NeowsBlessing","The Courier","Potion Belt","Mummified Hand","MawBank","Akabeko","Coffee Dripper","OrangePellets","Pantograph","Du-Vu Doll","WingedGreaves"],"acts_visited":["Exordium","TheCity"],"potions_floor_usage":[18,24],"damage_taken":[{"damage":0.0,"enemies":"2 Louse","floor":1.0,"turns":1.0},{"damage":0.0,"enemies":"Small Slimes","floor":5.0,"turns":1.0},{"damage":0.0,"enemies":"Lagavulin","floor":7.0,"turns":1.0},{"damage":0.0,"enemies":"Jaw Worm","floor":8.0,"turns":3.0},{"damage":9.0,"enemies":"Exordium Thugs","floor":11.0,"turns":8.0},{"damage":7.0,"enemies":"3 Sentries","floor":12.0,"turns":7.0},{"damage":4.0,"enemies":"2 Fungi Beasts","floor":14.0,"turns":3.0},{"damage":11.0,"enemies":"Hexaghost","floor":16.0,"turns":9.0},{"damage":2,"enemies":"Chosen","floor":18,"turns":4},{"damage":10,"enemies":"2 Thieves","floor":21,"turns":4},{"damage":16,"enemies":"Slavers","floor":24,"turns":7},{"damage":0,"enemies":"Centurion and Healer","floor":27,"turns":7},{"damage":20,"enemies":"Shelled Parasite and Fungi","floor":29,"turns":2}],"seed_played":"7887486287302246949","potions_obtained":[{"floor":7.0,"key":"Swift Potion"},{"floor":11.0,"key":"ColorlessPotion"},{"floor":14.0,"key":"Explosive Potion"},{"floor":16.0,"key":"Ancient Potion"},{"floor":21,"key":"Block Potion"},{"floor":24,"key":"Strength Potion"},{"floor":27,"key":"SteroidPotion"}],"is_trial":false,"path_per_floor":["M","?","$","?","M","R","E","M","T","T","M","E","R","M","R","B",null,"M","?","$","M","?","R","E","R","T","M","?","M"],"character_chosen":"THE_SILENT","items_purchased":["Bane","OrangePellets","Pantograph"],"campfire_rested":0,"item_purchase_floors":[3,20,20],"current_hp_per_floor":[59,59,59,39,39,39,39,39,39,39,30,23,23,19,19,8,52,50,33,33,23,23,23,7,7,7,7,14,0,0],"gold":128,"neow_bonus":"THREE_ENEMY_KILL","is_daily":false,"chose_seed":false,"campfire_upgraded":5,"win_rate":0.0,"timestamp":1609735608,"path_taken":["M","?","$","?","M","R","E","M","T","?","M","E","R","M","R","BOSS","M","?","$","M","?","R","E","R","T","?","?","M"],"items_purchased_type":["Card","Relic","Relic"],"build_version":"2020-12-22","purchased_purges":1,"victory":false,"max_hp_per_floor":[66,66,66,66,66,66,66,66,66,66,66,66,66,66,66,66,66,66,33,33,33,33,33,33,33,33,33,33,33,33],"relic_stats":{"OrangePellets":[0],"counters":[13,57],"Mummified Hand":[20],"Pantograph":0,"MawBank":120,"obtain_stats":[{"Potion Belt":7,"Du-Vu Doll":24,"OrangePellets":20,"NeowsBlessing":0,"Mummified Hand":9,"Pantograph":20,"The Courier":2,"WingedGreaves":26,"Coffee Dripper":17,"MawBank":10,"Akabeko":12,"Ring of the Snake":0},{"Potion Belt":3,"Du-Vu Doll":11,"OrangePellets":9,"NeowsBlessing":0,"Mummified Hand":4,"Pantograph":9,"The Courier":1,"WingedGreaves":11,"Coffee Dripper":8,"MawBank":4,"Akabeko":6,"Ring of the Snake":0},{"Potion Belt":3,"Du-Vu Doll":48,"OrangePellets":37,"NeowsBlessing":0,"Mummified Hand":6,"Pantograph":37,"The Courier":1,"WingedGreaves":48,"Coffee Dripper":33,"MawBank":6,"Akabeko":21,"Ring of the Snake":0}],"Ring of the Snake":[28]},"card_choices":[{"not_picked":["Quick Slash","Cloak And Dagger"],"picked":"Dagger Throw","floor":1.0},{"not_picked":["Backstab","Blade Dance"],"picked":"Caltrops","floor":5.0},{"not_picked":["Acrobatics","Calculated Gamble"],"picked":"Endless Agony","floor":7.0},{"not_picked":["Flying Knee","Prepared","Tactician"],"picked":"SKIP","floor":8.0},{"not_picked":["Expertise","Dagger Spray"],"picked":"Terror","floor":11.0},{"not_picked":["Dodge and Roll","Wraith Form v2","Catalyst"],"picked":"SKIP","floor":12.0},{"not_picked":["Dagger Throw","Quick Slash","Slice"],"picked":"SKIP","floor":14.0},{"not_picked":["Envenom","Doppelganger"],"picked":"After Image","floor":16.0},{"not_picked":["Backflip","Accuracy+1"],"picked":"Infinite Blades","floor":18},{"not_picked":["Underhanded Strike","Slice"],"picked":"Footwork","floor":21},{"not_picked":["Underhanded Strike","Venomology"],"picked":"Well Laid Plans","floor":24},{"not_picked":["Outmaneuver","Slice"],"picked":"Infinite Blades","floor":27}],"player_experience":884333,"relics_obtained":[{"floor":7.0,"key":"Potion Belt"},{"floor":9.0,"key":"Mummified Hand"},{"floor":10.0,"key":"MawBank"},{"floor":12.0,"key":"Akabeko"},{"floor":24,"key":"Du-Vu Doll"},{"floor":26,"key":"WingedGreaves"}],"event_choices":[{"damage_healed":0.0,"max_hp_gain":0.0,"max_hp_loss":0.0,"gold_gain":0.0,"event_name":"Big Fish","player_choice":"Box","floor":2.0,"gold_loss":0.0,"damage_taken":0.0,"relics_obtained":["The Courier"],"cards_obtained":["Regret"]},{"damage_healed":0.0,"max_hp_gain":0.0,"max_hp_loss":0.0,"gold_gain":0.0,"event_name":"Shining Light","player_choice":"Entered Light","floor":4.0,"gold_loss":0.0,"damage_taken":20.0,"cards_upgraded":["Strike_G","Defend_G"]},{"damage_healed":0,"gold_gain":0,"player_choice":"Became a Ghost","damage_taken":0,"max_hp_gain":0,"max_hp_loss":33,"event_name":"Ghosts","floor":19,"gold_loss":0,"cards_obtained":["Ghostly","Ghostly","Ghostly"]},{"damage_healed":0,"gold_gain":50,"player_choice":"Stole From Cult","damage_taken":0,"max_hp_gain":0,"max_hp_loss":0,"event_name":"Nest","floor":22,"gold_loss":0},{"damage_healed":7,"gold_gain":0,"player_choice":"Heal","damage_taken":0,"max_hp_gain":0,"max_hp_loss":0,"event_name":"The Library","floor":28,"gold_loss":0}],"is_beta":false,"boss_relics":[{"not_picked":["Runic Dome","Snecko Eye"],"picked":"Coffee Dripper"}],"items_purged_floors":[3],"is_endless":false,"potions_floor_spawned":[7,11,14,16,21,24,27],"killed_by":"Shelled Parasite and Fungi","ascension_level":20}}