{"host":"h4lp0eeso8a0ssq0","time":1609722101,"event":{"mods":["2.2 Compatiblity","AchievementEnabler","BaseMod","CapriCore","Colored Map","Lobotomy","Minty Spire (QoL Compilation)","StSLib","SuperFastMode"],"gold_per_floor":[117,130,130,150,162,162,196,211,211,224,234,248,248,264,264,361,361,373,122,134,147,157,157,183,183,183,198,198,215,115,134,134,134,134],"floor_reached":33,"playtime":1323,"items_purged":["Strike_G","Strike_G"],"score":277,"play_id":"189ce736-f06d-4ed6-8911-649787c0827e","local_time":"20210104100141","is_ascension_mode":false,"campfire_choices":[{"data":"Terror","floor":6.0,"key":"SMITH"},{"data":"Sucker Punch","floor":13.0,"key":"SMITH"},{"floor":15.0,"key":"REST"},{"data":"Tactician","floor":23.0,"key":"SMITH"},{"data":"Flechettes","floor":25.0,"key":"SMITH"},{"floor":28,"key":"REST"},{"floor":32,"key":"REST"}],"circlet_count":0,"master_deck":["Strike_G","Strike_G","Strike_G","Defend_G","Defend_G","Defend_G","Defend_G","Defend_G","Survivor","Neutralize","Poisoned Stab","Terror+1","Acrobatics","Dagger Spray","Dodge and Roll","Sucker Punch+1","Outmaneuver","PiercingWail","Tactician+1","Doppelganger","Blur+1","Dagger Throw","Acrobatics","Flechettes+1","Sucker Punch","Underhanded Strike"],"relics":["Ring of the Snake","NeowsBlessing","Bronze Scales","Tough Bandages","Philosopher\u0027s Stone","Happy Flower","Du-Vu Doll","HornCleat"],"acts_visited":["Exordium","TheCity"],"potions_floor_usage":[33,33],"damage_taken":[{"damage":0.0,"enemies":"Cultist","floor":1.0,"turns":1.0},{"damage":0.0,"enemies":"2 Louse","floor":2.0,"turns":1.0},{"damage":0.0,"enemies":"Jaw Worm","floor":4.0,"turns":1.0},{"damage":13.0,"enemies":"2 Fungi Beasts","floor":5.0,"turns":5.0},{"damage":32.0,"enemies":"Lagavulin","floor":7.0,"turns":5.0},{"damage":3.0,"enemies":"Looter","floor":8.0,"turns":3.0},{"damage":8.0,"enemies":"Large Slime","floor":10.0,"turns":7.0},{"damage":4.0,"enemies":"Red Slaver","floor":11.0,"turns":3.0},{"damage":0.0,"enemies":"3 Louse","floor":12.0,"turns":3.0},{"damage":11.0,"enemies":"Large Slime","floor":14.0,"turns":5.0},{"damage":24.0,"enemies":"Hexaghost","floor":16.0,"turns":11.0},{"damage":3.0,"enemies":"Chosen","floor":18.0,"turns":5.0},{"damage":11.0,"enemies":"3 Byrds","floor":20.0,"turns":5.0},{"damage":5.0,"enemies":"Centurion and Healer","floor":21.0,"turns":7.0},{"damage":17.0,"enemies":"3 Cultists","floor":22.0,"turns":4.0},{"damage":12.0,"enemies":"Book of Stabbing","floor":24.0,"turns":5.0},{"damage":1,"enemies":"Snake Plant","floor":27,"turns":3},{"damage":18,"enemies":"Sentry and Sphere","floor":29,"turns":6},{"damage":2,"enemies":"Chosen and Byrds","floor":31,"turns":4},{"damage":57,"enemies":"Collector","floor":33,"turns":7}],"seed_played":"5754028890031371022","potions_obtained":[{"floor":1.0,"key":"SkillPotion"},{"floor":4.0,"key":"LiquidBronze"},{"floor":7.0,"key":"Explosive Potion"},{"floor":14.0,"key":"Ancient Potion"},{"floor":16.0,"key":"Ancient Potion"},{"floor":20.0,"key":"Strength Potion"},{"floor":22.0,"key":"ColorlessPotion"}],"is_trial":false,"path_per_floor":["M","M","?","M","M","R","E","M","T","M","M","M","R","M","R","B",null,"M","$","M","M","M","R","E","R","T","M","R","M","$","M","R","B"],"character_chosen":"THE_SILENT","items_purchased":["Dagger Throw","Happy Flower"],"campfire_rested":3,"item_purchase_floors":[19,19],"current_hp_per_floor":[70,70,75,75,62,62,30,27,27,19,15,15,15,4,26,2,75,72,72,61,56,39,39,27,27,27,26,48,30,30,28,50,0,0],"gold":134,"neow_bonus":"THREE_ENEMY_KILL","is_daily":false,"chose_seed":false,"campfire_upgraded":4,"win_rate":0.0,"timestamp":1609722101,"path_taken":["M","M","?","M","M","R","E","M","T","M","M","M","R","M","R","BOSS","M","$","M","M","M","R","E","R","T","M","R","M","$","M","R","BOSS"],"items_purchased_type":["Card","Relic"],"build_version":"2020-12-22","purchased_purges":2,"victory":false,"max_hp_per_floor":[70,70,75,75,75,75,75,75,75,75,75,75,75,75,75,75,75,75,75,75,75,75,75,75,75,75,75,75,75,75,75,75,75,75],"card_choices":[{"not_picked":["Well Laid Plans","Deadly Poison"],"picked":"Poisoned Stab","floor":1.0},{"not_picked":["Slice","Quick Slash"],"picked":"Terror","floor":2.0},{"not_picked":["Poisoned Stab","Dodge and Roll"],"picked":"Acrobatics","floor":4.0},{"not_picked":["Eviscerate","Predator"],"picked":"Dagger Spray","floor":5.0},{"not_picked":["Poisoned Stab","Eviscerate"],"picked":"Dodge and Roll","floor":7.0},{"not_picked":["Tools of the Trade","Dodge and Roll"],"picked":"Sucker Punch","floor":8.0},{"not_picked":["Predator","Slice"],"picked":"Outmaneuver","floor":10.0},{"not_picked":["Backstab","Setup","Poisoned Stab"],"picked":"SKIP","floor":11.0},{"not_picked":["Skewer","Deadly Poison"],"picked":"PiercingWail","floor":12.0},{"not_picked":["Deadly Poison","Sucker Punch"],"picked":"Tactician","floor":14.0},{"not_picked":["Envenom","Bullet Time"],"picked":"Doppelganger","floor":16.0},{"not_picked":["Sucker Punch","Flechettes+1"],"picked":"Blur+1","floor":18.0},{"not_picked":["Blade Dance","Dagger Throw"],"picked":"Acrobatics","floor":20.0},{"not_picked":["Deadly Poison","Bane","Bouncing Flask"],"picked":"SKIP","floor":21.0},{"not_picked":["Deflect","Outmaneuver","Cloak And Dagger"],"picked":"SKIP","floor":22.0},{"not_picked":["Storm of Steel","Well Laid Plans"],"picked":"Flechettes","floor":24.0},{"not_picked":["Reflex+1","Quick Slash"],"picked":"Sucker Punch","floor":27},{"not_picked":["Skewer","Deflect"],"picked":"Underhanded Strike","floor":29},{"not_picked":["Predator","Noxious Fumes","Poisoned Stab"],"picked":"SKIP","floor":31}],"player_experience":41964,"relics_obtained":[{"floor":7.0,"key":"Bronze Scales"},{"floor":9.0,"key":"Tough Bandages"},{"floor":24.0,"key":"Du-Vu Doll"},{"floor":26.0,"key":"HornCleat"}],"event_choices":[{"damage_healed":0.0,"max_hp_gain":5.0,"max_hp_loss":0.0,"gold_gain":0.0,"event_name":"Big Fish","player_choice":"Donut","floor":3.0,"gold_loss":0.0,"damage_taken":0.0}],"is_beta":false,"boss_relics":[{"not_picked":["WristBlade","Tiny House"],"picked":"Philosopher\u0027s Stone"}],"items_purged_floors":[19,30],"is_endless":false,"potions_floor_spawned":[1,4,7,14,16,20,22,29,31],"killed_by":"Collector","ascension_level":0}}