{"host":"56ghxnzsglgdq727","time":1609747749,"event":{"mods":["AchievementEnabler","BaseMod","Downfall","Minty Spire (QoL Compilation)","StSLib"],"gold_per_floor":[109,184,58,75,75,100,100,135,135,148,159,189,13,28,28,126,126,136,136,156,81,93,93,93],"floor_reached":23,"playtime":684,"items_purged":["Dualcast"],"score":222,"play_id":"e61aae08-99db-408a-b072-03dedb3f2771","local_time":"20210104030908","is_ascension_mode":true,"campfire_choices":[{"floor":7.0,"key":"REST"},{"floor":15.0,"key":"REST"}],"circlet_count":0,"master_deck":["Strike_B","Strike_B","Defend_B","Defend_B","Zap","All For One","FTL","Go for the Eyes","Melter","FTL","Beam Cell","Reboot","Multi-Cast","Streamline","All For One","Seek"],"relics":["Cracked Core","Gremlin Horn","StrikeDummy","Blue Candle","Runic Capacitor","Nloth\u0027s Gift"],"acts_visited":["Exordium","TheCity"],"potions_floor_usage":[23,23],"damage_taken":[{"damage":0.0,"enemies":"2 Louse","floor":1.0,"turns":2.0},{"damage":4.0,"enemies":"Cultist","floor":4.0,"turns":3.0},{"damage":36.0,"enemies":"Lagavulin","floor":6.0,"turns":4.0},{"damage":10.0,"enemies":"Gremlin Nob","floor":8.0,"turns":3.0},{"damage":3.0,"enemies":"Jaw Worm","floor":10.0,"turns":2.0},{"damage":13.0,"enemies":"Red Slaver","floor":11.0,"turns":2.0},{"damage":13.0,"enemies":"3 Sentries","floor":12.0,"turns":4.0},{"damage":0.0,"enemies":"Large Slime","floor":14.0,"turns":2.0},{"damage":16.0,"enemies":"Slime Boss","floor":16.0,"turns":6.0},{"damage":30.0,"enemies":"2 Thieves","floor":18.0,"turns":3.0},{"damage":6.0,"enemies":"Chosen","floor":20.0,"turns":3.0},{"damage":15.0,"enemies":"Centurion and Healer","floor":22.0,"turns":4.0},{"damage":21,"enemies":"Book of Stabbing","floor":23,"turns":3}],"seed_played":"-315738401286696162","potions_obtained":[{"floor":4.0,"key":"hexamod:EctoCoolerPotion"},{"floor":8.0,"key":"Regen Potion"},{"floor":14.0,"key":"Dexterity Potion"},{"floor":16.0,"key":"FocusPotion"},{"floor":18.0,"key":"PowerPotion"}],"is_trial":false,"path_per_floor":["M","?","$","M","?","E","R","E","T","M","M","E","$","M","R","B",null,"M","?","M","?","M","E"],"character_chosen":"DEFECT","items_purchased":["Go for the Eyes","Runic Capacitor","Streamline"],"campfire_rested":2,"item_purchase_floors":[3,13,13],"current_hp_per_floor":[54,54,54,50,50,14,36,26,26,23,15,2,2,2,24,8,75,45,45,39,39,24,3,3],"gold":93,"neow_bonus":"THREE_RARE_CARDS","is_daily":false,"chose_seed":false,"campfire_upgraded":0,"win_rate":0.0,"timestamp":1609747748,"path_taken":["M","?","$","M","?","E","R","E","T","M","?","E","?","M","R","BOSS","M","?","?","?","M","E"],"items_purchased_type":["Card","Relic","Card"],"build_version":"2020-12-22","purchased_purges":1,"victory":false,"max_hp_per_floor":[75,75,75,75,75,75,75,75,75,75,75,75,75,75,75,75,75,75,75,75,75,75,75,75],"card_choices":[{"not_picked":["Seek","Reboot"],"picked":"All For One","floor":0.0},{"not_picked":["Beam Cell","Leap"],"picked":"FTL","floor":1.0},{"not_picked":["Coolheaded","Ball Lightning"],"picked":"Melter","floor":4.0},{"not_picked":["Chill","Hello World"],"picked":"FTL","floor":6.0},{"not_picked":["Chaos","Redo","Compile Driver"],"picked":"SKIP","floor":8.0},{"not_picked":["Leap","Ball Lightning"],"picked":"Beam Cell","floor":10.0},{"not_picked":["Go for the Eyes","Compile Driver"],"picked":"Reboot","floor":11.0},{"not_picked":["Turbo","Melter"],"picked":"Multi-Cast","floor":12.0},{"not_picked":["Rebound","Compile Driver","Cold Snap"],"picked":"SKIP","floor":14.0},{"not_picked":["Multi-Cast","Rainbow"],"picked":"All For One","floor":16.0},{"not_picked":["Barrage","Leap","Rebound"],"picked":"SKIP","floor":18.0},{"not_picked":["Go for the Eyes","Storm"],"picked":"Seek","floor":20.0},{"not_picked":["Turbo","Leap","Rebound"],"picked":"SKIP","floor":22.0}],"player_experience":123699,"relics_obtained":[{"floor":6.0,"key":"Gremlin Horn"},{"floor":8.0,"key":"StrikeDummy"},{"floor":12.0,"key":"Blue Candle"}],"event_choices":[{"damage_healed":0.0,"max_hp_gain":0.0,"max_hp_loss":0.0,"gold_gain":75.0,"event_name":"Golden Wing","player_choice":"Gained Gold","floor":2.0,"gold_loss":0.0,"damage_taken":0.0},{"cards_removed":["Strike_B"],"damage_healed":0.0,"max_hp_gain":0.0,"max_hp_loss":0.0,"gold_gain":0.0,"event_name":"Purifier","player_choice":"Purged","floor":5.0,"gold_loss":0.0,"damage_taken":0.0},{"damage_healed":0.0,"max_hp_gain":0.0,"max_hp_loss":0.0,"gold_gain":0.0,"event_name":"N\u0027loth","player_choice":"Traded Relic","floor":19.0,"relics_lost":["Empty Cage"],"gold_loss":0.0,"damage_taken":0.0,"relics_obtained":["Nloth\u0027s Gift"]},{"cards_removed":["Defend_B"],"damage_healed":0.0,"max_hp_gain":0.0,"max_hp_loss":0.0,"gold_gain":0.0,"event_name":"Beggar","player_choice":"Gave Gold","floor":21.0,"gold_loss":75.0,"damage_taken":0.0}],"is_beta":false,"boss_relics":[{"not_picked":["Cursed Key","Coffee Dripper"],"picked":"Empty Cage"}],"items_purged_floors":[3],"is_endless":false,"potions_floor_spawned":[4,8,14,16,18],"killed_by":"Book of Stabbing","ascension_level":1}}