{"host":"kev6uqotw4tlyx8l","time":1609738159,"event":{"mods":["Act Like it!","Aspiration","BaseMod","Colored Powertips","Dota2Spire","Downfall","Hallownest","Infinite Spire","Marisa????????","Minty Spire (QoL Compilation)","Quick Restart","Remilia??????","Replay The Spire","StSLib","The Cursed","The Jungle","The Marked","The Mystic","The Servant 0.9.4"],"gold_per_floor":[116,0,0,13,33,33,33,33,33,33,45,62,52,52,52,147,147,159,159,18,43,77,77,91,91,173,173,219,219,319,339,339,339,339],"floor_reached":33,"playtime":865,"items_purged":["Wrath_TH","CommonCold"],"score":255,"play_id":"fc0388f7-1f21-4fd3-96cd-83289906092b","local_time":"20210104122919","is_ascension_mode":false,"campfire_choices":[{"data":"WitchLeyline","floor":6,"key":"SMITH"},{"data":"1","floor":10,"key":"LIFT"},{"data":"2","floor":15,"key":"LIFT"},{"data":"3","floor":23,"key":"LIFT"},{"floor":29,"key":"REST"},{"floor":32,"key":"REST"}],"circlet_count":0,"master_deck":["Defend_MRS","MasterSpark","UpSweep","6A","ReplayTheSpireMod:Shiv Toss","Cloak And Dagger","Deflect","OpenUniverse","WitchLeyline+1","BowlingBash","FollowUp","EmptyFist","Swivel","Ragnarok","DC","EndlessPower","Bandage Up","WitchOfGreed","PropBag+1","BlazeAway","BlazeAway","Slimebound:Tackle+1","Slimebound:Tackle+1","Slimebound:Tackle+1","Occultation+1"],"relics":["MiniHakkero","aspiration:Nostalgia","Replay:M_SmolderingBlood","Hallownest:BankAccountRelic","Ring of Panic","Girya","infinitespire:Cupcake","White Beast Statue","aspiration:DSix","infinitespire:PuzzleCube","Mummified Hand"],"acts_visited":["Hallownest:Greenpath","TheCity"],"potions_floor_usage":[11,16,16,22,24,28,28,28,31,33],"damage_taken":[{"damage":12,"enemies":"Hallownest:2_Tiktiks_and_1_Crawlid","floor":1,"turns":3},{"damage":0,"enemies":"Hallownest:monsterHuskWarrior","floor":4,"turns":2},{"damage":0,"enemies":"Hallownest:2_Baldur","floor":5,"turns":3},{"damage":6,"enemies":"Hallownest:Guard_and_Warrior","floor":11,"turns":4},{"damage":11,"enemies":"Hallownest:2_Tiktiks_1_Baldur_1_Crawlid","floor":12,"turns":4},{"damage":0,"enemies":"Hallownest:monsterAspidMother","floor":14,"turns":2},{"damage":13,"enemies":"Hallownest:BossBrokenVessel","floor":16,"turns":6},{"damage":7,"enemies":"2 Thieves","floor":18,"turns":2},{"damage":15,"enemies":"Chosen","floor":21,"turns":2},{"damage":8,"enemies":"Snake Plant","floor":22,"turns":4},{"damage":0,"enemies":"Sentry and Sphere","floor":24,"turns":2},{"damage":34,"enemies":"Nightmare","floor":28,"turns":4},{"damage":3,"enemies":"Snecko","floor":31,"turns":2},{"damage":72,"enemies":"Champ","floor":33,"turns":5}],"seed_played":"552856214032834597","potions_obtained":[{"floor":4,"key":"Cursed Concoction"},{"floor":5,"key":"infinitespire:BlackPotion"},{"floor":18,"key":"LifebloodPotion"},{"floor":21,"key":"Energy Potion"},{"floor":22,"key":"Strength Potion"},{"floor":22,"key":"Fire Potion"},{"floor":24,"key":"champ:CounterPotion"},{"floor":28,"key":"AttackPotion"},{"floor":31,"key":"Death Potion"}],"is_trial":false,"path_per_floor":["M","?","?","M","M","R","?","?","T","R","M","M","$","M","R","B",null,"M","?","$","M","M","R","M","?","T","AVR","NM","R","?","M","R","B"],"character_chosen":"MARISA","items_purchased":["EmptyFist","Bandage Up","WitchOfGreed"],"campfire_rested":2,"item_purchase_floors":[13,20,20],"current_hp_per_floor":[63,63,63,63,63,63,63,63,63,63,69,58,58,58,58,45,75,68,68,68,53,49,49,53,53,53,53,23,45,45,42,64,0,0],"gold":339,"neow_bonus":"NOSTALGIA","is_daily":false,"chose_seed":false,"campfire_upgraded":1,"win_rate":0.0,"timestamp":1609738159,"path_taken":["M","?","?","M","M","R","?","?","T","R","M","M","?","M","R","BOSS","M","?","$","M","M","R","M","?","T","AVR","NM","R","?","M","R","BOSS"],"items_purchased_type":["Card","Card","Card"],"build_version":"2020-12-22","purchased_purges":2,"victory":false,"max_hp_per_floor":[75,75,75,75,75,75,75,75,75,75,75,75,75,75,75,75,75,75,75,75,75,75,75,75,75,75,75,75,75,75,75,75,75,75],"card_choices":[{"not_picked":["EmptyFist","Crescendo"],"picked":"6A","floor":1},{"not_picked":["BowlingBash","EventHorizon"],"picked":"OpenUniverse","floor":4},{"not_picked":["MilkyWay","Uppercut"],"picked":"WitchLeyline","floor":5},{"not_picked":["GrandCross","DarkSpark"],"picked":"BowlingBash","floor":11},{"not_picked":["Acceleration","ChargeUpSpray"],"picked":"FollowUp","floor":12},{"not_picked":["SporeBomb","IllusionStar"],"picked":"Swivel","floor":14},{"not_picked":["JA","CollectingQuirk"],"picked":"Ragnarok","floor":16},{"not_picked":["GalacticHalo+1","SporeBomb"],"picked":"DC","floor":18},{"not_picked":["FairyDestructionRay","Robbery+1"],"picked":"PropBag+1","floor":21},{"not_picked":["DoubleSpark","NonDirectionalLaser+1"],"picked":"BlazeAway","floor":22},{"not_picked":["IllusionStar","DarkSpark+1"],"picked":"BlazeAway","floor":24},{"not_picked":["6A","Acceleration"],"picked":"Occultation+1","floor":28},{"not_picked":["Robbery","RefractionSpark","MilkyWay"],"picked":"SKIP","floor":31}],"player_experience":91444,"relics_obtained":[{"floor":8,"key":"Ring of Panic"},{"floor":9,"key":"Girya"},{"floor":26,"key":"White Beast Statue"},{"floor":28,"key":"infinitespire:PuzzleCube"}],"event_choices":[{"damage_healed":0,"gold_gain":100,"player_choice":"Pray","damage_taken":0,"max_hp_gain":0,"max_hp_loss":0,"event_name":"Golden Shrine","floor":30,"gold_loss":0}],"is_beta":false,"boss_relics":[{"not_picked":["Astrolabe","Ring of Chaos"],"picked":"infinitespire:Cupcake"}],"items_purged_floors":[20,27],"is_endless":true,"potions_floor_spawned":[4,5,18,22,24,28,31],"killed_by":"Champ","ascension_level":0}}