{"host":"igi9xpgoc000gxf5","time":1609795279,"event":{"mods":["BaseMod","Colored Powertips","Downfall","Googly Eyes","Minty Spire (QoL Compilation)","StSLib"],"gold_per_floor":[0,16,34,34,48,223,223,223,523,571,588,53,72,97,108,108,108],"floor_reached":16,"playtime":938,"items_purged":["Doubt"],"score":92,"play_id":"4fb83fc0-8e1d-4ec5-9120-be7e1073b0bd","local_time":"20210104222119","is_ascension_mode":false,"campfire_choices":[{"data":"sneckomod:Unknown","floor":1,"key":"SMITH"},{"data":"sneckomod:Unknown0Cost","floor":8,"key":"SMITH"}],"circlet_count":0,"master_deck":["sneckomod:Strike","sneckomod:Strike","sneckomod:Defend","sneckomod:Defend","sneckomod:Defend","sneckomod:TailWhip","sneckomod:SnekBite","sneckomod:Unknown","sneckomod:Unknown+1","sneckomod:UnknownStrike","sneckomod:UnknownEthereal","sneckomod:SerpentIdol","sneckomod:Unknown0Cost+1","sneckomod:CheapStock","sneckomod:UnknownClassGREEN","Slimebound:Icky","Slimebound:Icky","sneckomod:UnknownBlock","sneckomod:UnknownStrike","sneckomod:Nope","sneckomod:Unknown1Cost","sneckomod:UnknownCommonSkill","sneckomod:SoulCleanse","sneckomod:UnknownWeak","sneckomod:SerpentIdol"],"relics":["sneckomod:SneckoSoul","Prayer Wheel","Tiny Chest","Lantern","Oddly Smooth Stone","Gremlin Horn","Dream Catcher"],"acts_visited":["Exordium"],"potions_floor_usage":[13,16,16],"damage_taken":[{"damage":0,"enemies":"Small Slimes","floor":2,"turns":2},{"damage":7,"enemies":"2 Louse","floor":3,"turns":3},{"damage":6,"enemies":"Jaw Worm","floor":5,"turns":3},{"damage":33,"enemies":"Exordium Wildlife","floor":11,"turns":5},{"damage":5,"enemies":"downfall:FleeingMerchant","floor":12,"turns":4},{"damage":0,"enemies":"Lots of Slimes","floor":13,"turns":1},{"damage":14,"enemies":"Large Slime","floor":15,"turns":7},{"damage":56,"enemies":"downfall:Ironclad","floor":16,"turns":5}],"seed_played":"-4265515362849633204","potions_obtained":[{"floor":2,"key":"AttackPotion"},{"floor":11,"key":"Guardian:BlockOnCardUsePotion"},{"floor":11,"key":"Swift Potion"},{"floor":13,"key":"Fruit Juice"}],"is_trial":false,"path_per_floor":["R","M","M","?","M","?","T","R","?","T","M","$","M","T","M","B"],"character_chosen":"THE_SNECKO","items_purchased":["Oddly Smooth Stone","Gremlin Horn","sneckomod:Unknown1Cost"],"campfire_rested":0,"item_purchase_floors":[12,12,12],"current_hp_per_floor":[90,92,86,86,81,81,81,81,81,81,64,60,66,66,53,0,0],"gold":108,"neow_bonus":"ONE_RARE_RELIC","is_daily":false,"chose_seed":false,"campfire_upgraded":2,"win_rate":0.0,"timestamp":1609795279,"path_taken":["R","M","M","?","M","?","T","R","?","?","M","$","?","?","M","BOSS"],"items_purchased_type":["Relic","Relic","Card"],"build_version":"2020-12-22","purchased_purges":1,"victory":false,"max_hp_per_floor":[90,92,93,93,94,94,94,94,94,94,96,97,103,103,104,104,104],"card_choices":[{"not_picked":["sneckomod:PureSnecko","sneckomod:CheapStock"],"picked":"sneckomod:UnknownStrike","floor":2},{"not_picked":["sneckomod:ImprovisedAttack","sneckomod:SoulCleanse"],"picked":"sneckomod:UnknownEthereal","floor":2},{"not_picked":["sneckomod:IronFang","sneckomod:QuickMove"],"picked":"sneckomod:SerpentIdol","floor":3},{"not_picked":["sneckomod:UnknownUncommonSkill","sneckomod:TrashToTreasure"],"picked":"sneckomod:Unknown0Cost","floor":3},{"not_picked":["sneckomod:DiceBlock","sneckomod:Unknown1Cost"],"picked":"sneckomod:CheapStock","floor":5},{"not_picked":["sneckomod:RainOfDice","sneckomod:SerpentIdol"],"picked":"sneckomod:UnknownClassGREEN","floor":5},{"not_picked":["sneckomod:UnknownVulnerable","sneckomod:UnknownClassTHE_CHAMP_GRAY"],"picked":"sneckomod:UnknownBlock","floor":11},{"not_picked":["sneckomod:UnknownClassTHE_CHAMP_GRAY","sneckomod:UnknownBlock"],"picked":"sneckomod:UnknownStrike","floor":11},{"not_picked":["sneckomod:UnknownRareSkill","sneckomod:SnakeSap"],"picked":"sneckomod:Nope","floor":12},{"not_picked":["sneckomod:UnknownStrike","sneckomod:QuickMove"],"picked":"sneckomod:UnknownCommonSkill","floor":13},{"not_picked":["sneckomod:UnknownVulnerable","sneckomod:Nope"],"picked":"sneckomod:SoulCleanse","floor":13},{"not_picked":["sneckomod:PureSnecko","sneckomod:DiceBlock"],"picked":"sneckomod:UnknownWeak","floor":15},{"not_picked":["sneckomod:SoulRoll","sneckomod:QuickMove"],"picked":"sneckomod:SerpentIdol","floor":15}],"player_experience":923395,"relics_obtained":[{"floor":7,"key":"Tiny Chest"},{"floor":10,"key":"Lantern"},{"floor":14,"key":"Dream Catcher"}],"event_choices":[],"is_beta":false,"boss_relics":[],"items_purged_floors":[12],"is_endless":false,"potions_floor_spawned":[2,11,13,15],"killed_by":"downfall:Ironclad","ascension_level":0}}