{"host":"c2vrdknshfutmcsq","time":1609774753,"event":{"mods":["BaseMod","Minty Spire (QoL Compilation)"],"gold_per_floor":[119,134,234,251,10,45,45,75,127,127,140,140,173,188,188,263,263,274,294,306,317,317,317,317,343,643,663,663,663,663],"floor_reached":29,"playtime":1836,"items_purged":["Strike_B"],"score":477,"play_id":"7ae1f153-0080-4cb4-b369-149e3b71e5b5","local_time":"20210104163913","is_ascension_mode":true,"campfire_choices":[{"floor":7.0,"key":"REST"},{"floor":12.0,"key":"REST"},{"data":"Zap","floor":15.0,"key":"SMITH"},{"floor":23,"key":"REST"},{"floor":28,"key":"REST"}],"circlet_count":0,"master_deck":["AscendersBane","Strike_B+1","Strike_B+1","Strike_B+1","Defend_B+1","Defend_B+1","Defend_B+1","Defend_B+1","Zap+1","Lockon","Rip and Tear","Go for the Eyes","Fission+1","All For One","Compile Driver","Go for the Eyes","Auto Shields","Gash","Electrodynamics","CurseOfTheBell","Conserve Battery","Ball Lightning","Chaos+1","Multi-Cast","Fusion","Ball Lightning","Conserve Battery"],"relics":["Cracked Core","Ancient Tea Set","The Courier","Orichalcum","Anchor","Pantograph","Calling Bell","Art of War","Sundial","Ice Cream","Question Card","Old Coin"],"acts_visited":["Exordium","TheCity"],"potions_floor_usage":[25,25],"damage_taken":[{"damage":4.0,"enemies":"Small Slimes","floor":1.0,"turns":3.0},{"damage":1.0,"enemies":"Cultist","floor":2.0,"turns":3.0},{"damage":0.0,"enemies":"2 Louse","floor":4.0,"turns":3.0},{"damage":56.0,"enemies":"3 Sentries","floor":6.0,"turns":10.0},{"damage":20.0,"enemies":"Lagavulin","floor":8.0,"turns":5.0},{"damage":1.0,"enemies":"Lots of Slimes","floor":11.0,"turns":4.0},{"damage":6.0,"enemies":"Gremlin Nob","floor":13.0,"turns":3.0},{"damage":0.0,"enemies":"3 Louse","floor":14.0,"turns":3.0},{"damage":36.0,"enemies":"Slime Boss","floor":16.0,"turns":10.0},{"damage":17.0,"enemies":"2 Thieves","floor":18.0,"turns":4.0},{"damage":20,"enemies":"Shell Parasite","floor":19,"turns":5},{"damage":8,"enemies":"Chosen and Byrds","floor":20,"turns":6},{"damage":12,"enemies":"Snake Plant","floor":21,"turns":4},{"damage":10,"enemies":"Book of Stabbing","floor":25,"turns":4},{"damage":6,"enemies":"Cultist and Chosen","floor":27,"turns":6},{"damage":27,"enemies":"Slavers","floor":29,"turns":3}],"seed_played":"1614501820110607330","potions_obtained":[{"floor":2.0,"key":"Weak Potion"},{"floor":6.0,"key":"FearPotion"},{"floor":11.0,"key":"Strength Potion"},{"floor":16.0,"key":"Fruit Juice"},{"floor":18.0,"key":"Strength Potion"},{"floor":20,"key":"LiquidMemories"}],"is_trial":false,"path_per_floor":["M","M","?","M","$","E","R","E","T","?","M","R","E","M","R","B",null,"M","M","M","M","?","R","?","E","T","M","R","E"],"character_chosen":"DEFECT","items_purchased":["Fission"],"campfire_rested":4,"item_purchase_floors":[5],"current_hp_per_floor":[60,59,59,59,59,3,24,4,4,4,3,24,18,18,18,12,60,43,23,15,3,3,25,25,15,15,9,31,4,4],"gold":663,"neow_bonus":"RANDOM_COMMON_RELIC","is_daily":false,"chose_seed":false,"campfire_upgraded":1,"win_rate":0.0,"timestamp":1609774753,"path_taken":["M","M","?","M","?","E","R","E","T","?","M","R","E","M","R","BOSS","M","M","?","M","?","R","?","E","T","M","R","E"],"items_purchased_type":["Card"],"build_version":"2020-12-22","purchased_purges":1,"victory":false,"max_hp_per_floor":[71,71,71,71,71,71,71,71,71,71,71,71,71,71,71,76,76,76,76,76,76,76,76,76,76,76,76,76,76,76],"card_choices":[{"not_picked":["Beam Cell","Conserve Battery"],"picked":"Lockon","floor":1.0},{"not_picked":["Self Repair","Redo"],"picked":"Rip and Tear","floor":2.0},{"not_picked":["Heatsinks","Redo"],"picked":"Go for the Eyes","floor":4.0},{"not_picked":["Steam","Coolheaded"],"picked":"All For One","floor":6.0},{"not_picked":["Cold Snap","Rebound"],"picked":"Compile Driver","floor":8.0},{"not_picked":["Rebound","Steam"],"picked":"Go for the Eyes","floor":11.0},{"not_picked":["Static Discharge","Defragment"],"picked":"Auto Shields","floor":13.0},{"not_picked":["Loop","Reprogram"],"picked":"Gash","floor":14.0},{"not_picked":["Biased Cognition","Multi-Cast"],"picked":"Electrodynamics","floor":16.0},{"not_picked":["Go for the Eyes+1","Barrage"],"picked":"Conserve Battery","floor":18.0},{"not_picked":["Turbo","Hologram"],"picked":"Ball Lightning","floor":19},{"not_picked":["Force Field","Go for the Eyes"],"picked":"Chaos+1","floor":20},{"not_picked":["Skim","Coolheaded"],"picked":"Multi-Cast","floor":21},{"not_picked":["Hologram","Go for the Eyes"],"picked":"Ball Lightning","floor":25},{"not_picked":["Redo","Cold Snap","Streamline"],"picked":"Conserve Battery","floor":27}],"player_experience":1230039,"relics_obtained":[{"floor":6.0,"key":"The Courier"},{"floor":8.0,"key":"Orichalcum"},{"floor":9.0,"key":"Anchor"},{"floor":13.0,"key":"Pantograph"},{"floor":17.0,"key":"Art of War"},{"floor":17.0,"key":"Sundial"},{"floor":17.0,"key":"Ice Cream"},{"floor":25,"key":"Question Card"},{"floor":26,"key":"Old Coin"}],"event_choices":[{"damage_healed":0.0,"max_hp_gain":0.0,"max_hp_loss":0.0,"gold_gain":100.0,"event_name":"Wheel of Change","player_choice":"Gold","floor":3.0,"gold_loss":0.0,"damage_taken":0.0},{"damage_healed":0.0,"max_hp_gain":0.0,"max_hp_loss":0.0,"gold_gain":0.0,"event_name":"Accursed Blacksmith","player_choice":"Forge","floor":10.0,"gold_loss":0.0,"damage_taken":0.0,"cards_upgraded":["Fission"]},{"damage_healed":0,"gold_gain":0,"player_choice":"Simplicity","damage_taken":0,"max_hp_gain":0,"max_hp_loss":0,"event_name":"Back to Basics","floor":22,"gold_loss":0,"cards_upgraded":["Strike_B","Strike_B","Strike_B","Defend_B","Defend_B","Defend_B","Defend_B"]},{"damage_healed":0,"gold_gain":0,"cards_transformed":["Dualcast"],"player_choice":"Transformed","damage_taken":0,"max_hp_gain":0,"max_hp_loss":0,"event_name":"Transmorgrifier","floor":24,"gold_loss":0,"cards_obtained":["Fusion"]}],"is_beta":false,"boss_relics":[{"not_picked":["Runic Dome","Nuclear Battery"],"picked":"Calling Bell"}],"items_purged_floors":[5],"is_endless":false,"potions_floor_spawned":[2,6,11,16,18,20],"killed_by":"Slavers","ascension_level":16}}