{"host":"kw4o7b3ro2ktmmbe","time":1609762711,"event":{"mods":["BaseMod","Evolution","Minty Spire (QoL Compilation)","StSLib","Wandering Minibosses"],"gold_per_floor":[113,124,140,151,165,165,182,182,205,233,233,198,198,218,218,292,292,305,305,305],"floor_reached":19,"playtime":1323,"items_purged":[],"score":308,"play_id":"dd4d232e-a47f-4606-917a-fdab36bc74f8","local_time":"20210105011831","is_ascension_mode":true,"campfire_choices":[{"data":"Eruption","floor":6,"key":"SMITH"},{"data":"LikeWater","floor":8,"key":"SMITH"},{"data":"Ragnarok","floor":15,"key":"SMITH"}],"circlet_count":0,"master_deck":["AscendersBane","Eruption+1","Vigilance","Perseverance","SandsOfTime","SandsOfTime","LikeWater+1","ReachHeaven","Decay","Ragnarok+1","DevaForm","FollowUp","FlyingSleeves","DeusExMachina","Halt","FollowUp","MasterReality","Collect","Alpha","DeceiveReality"],"relics":["PureWater","EVO:Axolotl","Anchor","Strawberry","Pandora\u0027s Box"],"acts_visited":["Exordium","TheCity"],"potions_floor_usage":[3,14,14],"damage_taken":[{"damage":2,"enemies":"Cultist","floor":1,"turns":3},{"damage":12,"enemies":"2 Louse","floor":2,"turns":6},{"damage":0,"enemies":"Small Slimes","floor":3,"turns":1},{"damage":10,"enemies":"Red Slaver","floor":4,"turns":5},{"damage":3,"enemies":"Looter","floor":5,"turns":4},{"damage":0,"enemies":"Large Slime","floor":7,"turns":3},{"damage":2,"enemies":"Lagavulin","floor":10,"turns":10},{"damage":11,"enemies":"Exordium Wildlife","floor":14,"turns":5},{"damage":42,"enemies":"The Guardian","floor":16,"turns":6},{"damage":33,"enemies":"Shell Parasite","floor":18,"turns":5}],"seed_played":"8256706177633369470","potions_obtained":[{"floor":1,"key":"Explosive Potion"},{"floor":2,"key":"SneckoOil"},{"floor":4,"key":"Block Potion"},{"floor":18,"key":"SteroidPotion"}],"is_trial":false,"path_per_floor":["M","M","M","M","M","R","M","R","T","E","$","?","?","M","R","B",null,"M","?"],"character_chosen":"WATCHER","items_purchased":[],"campfire_rested":0,"item_purchase_floors":[],"current_hp_per_floor":[65,53,53,43,40,40,40,40,40,45,45,65,65,54,54,12,64,31,31,31],"gold":305,"neow_bonus":"TEN_PERCENT_HP_BONUS","is_daily":false,"chose_seed":false,"campfire_upgraded":3,"win_rate":0.0,"timestamp":1609762711,"path_taken":["M","M","M","M","M","R","M","R","T","E","?","?","?","?","R","BOSS","M","?"],"items_purchased_type":[],"build_version":"2020-12-22","purchased_purges":0,"victory":false,"max_hp_per_floor":[74,74,74,74,74,74,74,74,74,81,81,81,81,81,81,81,81,81,81,81],"card_choices":[{"not_picked":["ThirdEye","CutThroughFate"],"picked":"Perseverance","floor":1},{"not_picked":["WindmillStrike","Worship"],"picked":"SandsOfTime","floor":2},{"not_picked":["FollowUp","InnerPeace"],"picked":"SandsOfTime","floor":3},{"not_picked":["Prostrate","Collect"],"picked":"LikeWater","floor":4},{"not_picked":["Sanctity","FlyingSleeves","Study"],"picked":"SKIP","floor":5},{"not_picked":["Protect","EmptyBody","ThirdEye"],"picked":"SKIP","floor":7},{"not_picked":["Weave","JustLucky"],"picked":"ReachHeaven","floor":10},{"not_picked":["FlurryOfBlows","Indignation"],"picked":"Ragnarok","floor":14},{"not_picked":["SpiritShield","Wish"],"picked":"DevaForm","floor":16},{"not_picked":["SashWhip","PathToVictory"],"picked":"DeceiveReality","floor":18}],"player_experience":1771844,"relics_obtained":[{"floor":9,"key":"Anchor"},{"floor":10,"key":"Strawberry"}],"event_choices":[{"damage_healed":20,"gold_gain":0,"player_choice":"Healed","damage_taken":0,"max_hp_gain":0,"max_hp_loss":0,"event_name":"The Cleric","floor":12,"gold_loss":35},{"damage_healed":0,"gold_gain":0,"player_choice":"Cursed","damage_taken":0,"max_hp_gain":0,"max_hp_loss":0,"event_name":"Wheel of Change","floor":13,"gold_loss":0,"cards_obtained":["Decay"]}],"is_beta":false,"boss_relics":[{"not_picked":["Empty Cage","Ectoplasm"],"picked":"Pandora\u0027s Box"}],"items_purged_floors":[],"is_endless":false,"potions_floor_spawned":[1,2,4,5,18],"ascension_level":16}}