{"host":"d2y4rmbezebiv8aj","time":1609741821,"event":{"mods":["AchievementEnabler","BaseMod","BetterRewards","Colored Map","Colored Powertips","Custom Start","Highlight Path","Minty Spire (QoL Compilation)","Rare Cards Sparkle","Shop Mod","StSLib","SuperFastMode","Synergy Search"],"gold_per_floor":[112,124,124,144,154,186,186,213,213,213,213,232,232,232],"floor_reached":13,"playtime":473,"items_purged":[],"score":114,"play_id":"a2364a62-3f18-49d2-8490-b43ff468d122","local_time":"20210104073021","is_ascension_mode":true,"campfire_choices":[{"floor":7,"key":"REST"},{"floor":11,"key":"REST"}],"circlet_count":0,"master_deck":["Strike_G","Strike_G","Strike_G","Strike_G","Strike_G","Defend_G","Defend_G","Defend_G","Defend_G","Survivor","Neutralize","PiercingWail","Deadly Poison","Accuracy","Quick Slash","Infinite Blades","Cloak And Dagger","Dash"],"relics":["Ring of the Snake","NeowsBlessing","Vajra","InkBottle","Gambling Chip"],"acts_visited":["Exordium"],"potions_floor_usage":[6,8],"damage_taken":[{"damage":0,"enemies":"Cultist","floor":1,"turns":1},{"damage":0,"enemies":"2 Louse","floor":2,"turns":1},{"damage":0,"enemies":"Small Slimes","floor":4,"turns":1},{"damage":0,"enemies":"2 Fungi Beasts","floor":5,"turns":4},{"damage":67,"enemies":"3 Sentries","floor":6,"turns":15},{"damage":10,"enemies":"Lagavulin","floor":8,"turns":6},{"damage":19,"enemies":"Exordium Wildlife","floor":12,"turns":6},{"damage":16,"enemies":"Gremlin Nob","floor":13,"turns":4}],"seed_played":"1991657044822430225","potions_obtained":[{"floor":1,"key":"Fire Potion"},{"floor":3,"key":"Ancient Potion"},{"floor":3,"key":"Swift Potion"},{"floor":6,"key":"Block Potion"},{"floor":12,"key":"Energy Potion"}],"is_trial":false,"path_per_floor":["M","M","?","M","M","E","R","E","T","?","R","M","E"],"character_chosen":"THE_SILENT","items_purchased":[],"campfire_rested":2,"item_purchase_floors":[],"current_hp_per_floor":[70,70,70,70,70,3,24,14,14,14,35,16,0,0],"gold":232,"neow_bonus":"THREE_ENEMY_KILL","is_daily":false,"chose_seed":false,"campfire_upgraded":0,"win_rate":0.0,"timestamp":1609741821,"path_taken":["M","M","?","?","M","E","R","E","T","?","R","M","E"],"items_purchased_type":[],"build_version":"2020-12-22","purchased_purges":0,"victory":false,"max_hp_per_floor":[70,70,70,70,70,70,70,70,70,70,70,70,70,70],"card_choices":[{"not_picked":["Escape Plan","Bane"],"picked":"PiercingWail","floor":1},{"not_picked":["Masterful Stab","Underhanded Strike"],"picked":"Deadly Poison","floor":2},{"not_picked":["Cloak And Dagger","Distraction"],"picked":"Accuracy","floor":4},{"not_picked":["Acrobatics","Eviscerate"],"picked":"Quick Slash","floor":5},{"not_picked":["Endless Agony","Heel Hook"],"picked":"Infinite Blades","floor":6},{"not_picked":["Underhanded Strike","Calculated Gamble"],"picked":"Cloak And Dagger","floor":8},{"not_picked":["Heel Hook","Outmaneuver"],"picked":"Dash","floor":12}],"player_experience":332894,"relics_obtained":[{"floor":6,"key":"Vajra"},{"floor":8,"key":"InkBottle"},{"floor":9,"key":"Gambling Chip"}],"event_choices":[{"damage_healed":0,"gold_gain":0,"player_choice":"Got Potions","damage_taken":0,"max_hp_gain":0,"max_hp_loss":0,"event_name":"Lab","floor":3,"gold_loss":0},{"cards_removed":["Defend_G"],"damage_healed":0,"gold_gain":0,"player_choice":"Offered Basic","damage_taken":0,"max_hp_gain":0,"max_hp_loss":0,"event_name":"Bonfire Elementals","floor":10,"gold_loss":0}],"is_beta":false,"boss_relics":[],"items_purged_floors":[],"is_endless":false,"potions_floor_spawned":[1,5,6,12],"killed_by":"Gremlin Nob","ascension_level":4}}