{"host":"vddkjx04kiwje1tk","time":1609753976,"event":{"mods":["AchievementEnabler","BaseMod","Colored Map","Minty Spire (QoL Compilation)","Quick Restart","SuperFastMode"],"gold_per_floor":[111,286,306,306,306,345,345,366,393,419,344,365,365,12,12,137,137,158,158,12,36,50,91,91,125,125,125,161,161,36,51,51,176,176,192,113,113,113,0,0,34,34,59,98,98,141,157,188,188,188],"floor_reached":51,"playtime":1211,"items_purged":["Regret","Doubt","Strike_R"],"score":1135,"play_id":"84cee45f-afdb-47db-b715-c556ef6929dc","local_time":"20210104185256","is_ascension_mode":true,"campfire_choices":[{"data":"Inflame","floor":7,"key":"SMITH"},{"data":"Offering","floor":13,"key":"SMITH"},{"data":"Bash","floor":15,"key":"SMITH"},{"data":"Demon Form","floor":24,"key":"SMITH"},{"data":"Infernal Blade","floor":27,"key":"SMITH"},{"data":"Demon Form","floor":32,"key":"SMITH"},{"data":"Pummel","floor":40,"key":"SMITH"},{"data":"Warcry","floor":42,"key":"SMITH"},{"data":"Panache","floor":49,"key":"SMITH"}],"circlet_count":0,"master_deck":["Strike_R","Strike_R","Strike_R","Strike_R","Defend_R+1","Defend_R+1","Defend_R","Defend_R","Bash+1","Iron Wave","Shrug It Off","Inflame+1","Clash","Offering+1","Demon Form+1","Armaments+1","Demon Form+1","Inflame+1","Warcry+1","Clash","Infernal Blade+1","Pummel+1","Pummel+1","Panache+1"],"relics":["Burning Blood","NeowsBlessing","Ancient Tea Set","Golden Idol","Meat on the Bone","War Paint","Blood Vial","HornCleat","Sozu","Sling","PreservedInsect","Toy Ornithopter","StrikeDummy","Eternal Feather","Busted Crown","Red Mask","Nunchaku","Juzu Bracelet","Mummified Hand","Strawberry","Champion Belt"],"acts_visited":["Exordium","TheCity","TheBeyond"],"potions_floor_usage":[23,41,50],"damage_taken":[{"damage":0,"enemies":"2 Louse","floor":1,"turns":1},{"damage":0,"enemies":"Small Slimes","floor":3,"turns":1},{"damage":0,"enemies":"Lagavulin","floor":6,"turns":1},{"damage":12,"enemies":"Jaw Worm","floor":8,"turns":2},{"damage":6,"enemies":"Looter","floor":12,"turns":4},{"damage":58,"enemies":"The Guardian","floor":16,"turns":9},{"damage":7,"enemies":"3 Byrds","floor":18,"turns":6},{"damage":11,"enemies":"Shell Parasite","floor":21,"turns":6},{"damage":14,"enemies":"Centurion and Healer","floor":22,"turns":4},{"damage":36,"enemies":"Slavers","floor":23,"turns":6},{"damage":32,"enemies":"Gremlin Leader","floor":25,"turns":4},{"damage":21,"enemies":"Book of Stabbing","floor":28,"turns":4},{"damage":0,"enemies":"Snecko","floor":31,"turns":4},{"damage":64,"enemies":"Champ","floor":33,"turns":8},{"damage":18,"enemies":"3 Shapes","floor":35,"turns":4},{"damage":65,"enemies":"Reptomancer","floor":41,"turns":6},{"damage":28,"enemies":"Nemesis","floor":44,"turns":3},{"damage":6,"enemies":"Giant Head","floor":46,"turns":3},{"damage":9,"enemies":"Orb Walker","floor":47,"turns":2},{"damage":19,"enemies":"Nemesis","floor":48,"turns":3},{"damage":71,"enemies":"Time Eater","floor":50,"turns":6}],"seed_played":"4115895644045391098","potions_obtained":[{"floor":1,"key":"SpeedPotion"},{"floor":3,"key":"BloodPotion"},{"floor":16,"key":"Explosive Potion"}],"is_trial":false,"path_per_floor":["M","?","M","?","?","E","R","M","T","T","$","M","R","$","R","B",null,"M","?","$","M","M","E","R","E","T","R","E","?","$","M","R","B",null,"M","$","?","$","?","R","E","R","T","E","?","E","M","E","R","B",null],"character_chosen":"IRONCLAD","items_purchased":["HornCleat","Sling","Pummel"],"campfire_rested":0,"item_purchase_floors":[14,20,36],"current_hp_per_floor":[78,78,80,80,60,66,66,60,60,60,60,62,62,62,62,24,66,67,67,67,64,58,42,42,30,30,30,29,80,80,80,80,34,69,59,59,59,59,59,71,31,43,43,35,35,56,55,56,68,39],"gold":188,"neow_bonus":"THREE_ENEMY_KILL","is_daily":false,"chose_seed":false,"campfire_upgraded":9,"win_rate":0.0,"timestamp":1609753976,"path_taken":["M","?","M","?","?","E","R","M","T","?","$","M","R","$","R","BOSS","M","?","$","?","M","E","R","E","T","R","E","?","$","M","R","BOSS","M","$","?","$","?","R","E","R","T","E","?","E","M","E","R","BOSS"],"items_purchased_type":["Relic","Relic","Card"],"build_version":"2020-12-22","purchased_purges":3,"victory":true,"max_hp_per_floor":[80,80,80,80,80,80,80,80,80,80,80,80,80,80,80,80,80,80,80,80,80,80,80,80,80,80,80,80,80,80,80,80,80,80,80,80,80,80,80,80,80,80,80,80,80,87,87,87,87,87],"card_choices":[{"not_picked":["Power Through","Combust"],"picked":"Iron Wave","floor":1},{"not_picked":["True Grit","Sword Boomerang"],"picked":"Shrug It Off","floor":3},{"not_picked":["Rupture","Infernal Blade"],"picked":"Inflame","floor":6},{"not_picked":["Iron Wave","Sever Soul"],"picked":"Clash","floor":8},{"not_picked":["Flex","Warcry"],"picked":"Offering","floor":12},{"not_picked":["Juggernaut","Exhume"],"picked":"Demon Form","floor":16},{"not_picked":["Flame Barrier","Iron Wave+1"],"picked":"Armaments+1","floor":18},{"not_picked":["Wild Strike","Evolve"],"picked":"Inflame+1","floor":21},{"not_picked":["Rupture","Sentinel"],"picked":"Warcry","floor":22},{"not_picked":["Rampage","Demon Form"],"picked":"Clash","floor":23},{"not_picked":["Iron Wave","True Grit+1"],"picked":"Infernal Blade","floor":25},{"not_picked":["Seeing Red+1","Wild Strike"],"picked":"Pummel+1","floor":28},{"not_picked":["Perfected Strike","Combust","Burning Pact"],"picked":"SKIP","floor":31},{"not_picked":["Headbutt+1"],"picked":"SKIP","floor":35},{"not_picked":[],"picked":"Panache","floor":37},{"not_picked":["Blood for Blood"],"picked":"SKIP","floor":41},{"not_picked":["Flame Barrier"],"picked":"SKIP","floor":44},{"not_picked":["Reckless Charge+1"],"picked":"SKIP","floor":46},{"not_picked":["Clothesline+1"],"picked":"SKIP","floor":47},{"not_picked":["Flex"],"picked":"SKIP","floor":48}],"player_experience":244761,"relics_obtained":[{"floor":6,"key":"Meat on the Bone"},{"floor":9,"key":"War Paint"},{"floor":10,"key":"Blood Vial"},{"floor":23,"key":"PreservedInsect"},{"floor":25,"key":"Toy Ornithopter"},{"floor":26,"key":"StrikeDummy"},{"floor":28,"key":"Eternal Feather"},{"floor":41,"key":"Nunchaku"},{"floor":43,"key":"Juzu Bracelet"},{"floor":44,"key":"Mummified Hand"},{"floor":46,"key":"Strawberry"},{"floor":48,"key":"Champion Belt"}],"event_choices":[{"damage_healed":0,"gold_gain":175,"player_choice":"AGREE","damage_taken":0,"max_hp_gain":0,"max_hp_loss":0,"event_name":"Liars Game","floor":2,"gold_loss":0,"cards_obtained":["Doubt"]},{"damage_healed":0,"gold_gain":0,"player_choice":"Box","damage_taken":0,"relics_obtained":["Ancient Tea Set"],"max_hp_gain":0,"max_hp_loss":0,"event_name":"Big Fish","floor":4,"gold_loss":0,"cards_obtained":["Regret"]},{"damage_healed":0,"gold_gain":0,"player_choice":"Take Damage","damage_taken":20,"relics_obtained":["Golden Idol"],"max_hp_gain":0,"max_hp_loss":0,"event_name":"Golden Idol","floor":5,"gold_loss":0},{"damage_healed":0,"gold_gain":0,"player_choice":"Copied","damage_taken":0,"max_hp_gain":0,"max_hp_loss":0,"event_name":"Duplicator","floor":19,"gold_loss":0,"cards_obtained":["Demon Form"]},{"damage_healed":51,"gold_gain":0,"player_choice":"Full Heal","damage_taken":0,"max_hp_gain":0,"max_hp_loss":0,"event_name":"Wheel of Change","floor":29,"gold_loss":0},{"damage_healed":0,"gold_gain":0,"player_choice":"Memory 1","damage_taken":0,"max_hp_gain":0,"max_hp_loss":0,"event_name":"SensoryStone","floor":37,"gold_loss":0},{"damage_healed":0,"gold_gain":0,"player_choice":"Paid","damage_taken":0,"relics_obtained":["Red Mask"],"max_hp_gain":0,"max_hp_loss":0,"event_name":"Tomb of Lord Red Mask","floor":39,"gold_loss":113},{"damage_healed":0,"gold_gain":0,"player_choice":"Ignored","damage_taken":0,"max_hp_gain":0,"max_hp_loss":0,"event_name":"Mysterious Sphere","floor":45,"gold_loss":0}],"is_beta":false,"boss_relics":[{"not_picked":["SlaversCollar","Ectoplasm"],"picked":"Sozu"},{"not_picked":["Pandora\u0027s Box","Astrolabe"],"picked":"Busted Crown"}],"items_purged_floors":[11,14,30],"is_endless":false,"potions_floor_spawned":[1,3,16,18,28,31,33,47],"ascension_level":6}}