{"host":"9b7hrp48q3pna783","time":1609738316,"event":{"mods":["BaseMod","Colored Map","Colored Powertips","Highlight Path","Minty Spire (QoL Compilation)","Relic Stats"],"gold_per_floor":[115,40,58,73,93,118,118,152,152,152,152],"floor_reached":10,"playtime":435,"items_purged":["Strike_R"],"score":82,"play_id":"d3901fc3-b859-4e7b-9f02-02e1dbbd7f78","local_time":"20210104003156","is_ascension_mode":true,"campfire_choices":[{"floor":7,"key":"RECALL"}],"circlet_count":0,"master_deck":["Strike_R","Strike_R","Strike_R","Strike_R","Defend_R","Defend_R","Defend_R","Defend_R","Bash+1","Rage","True Grit","Double Tap"],"relics":["Burning Blood","Mercury Hourglass","Pocketwatch"],"acts_visited":["Exordium"],"potions_floor_usage":[10,10],"damage_taken":[{"damage":6,"enemies":"Cultist","floor":1,"turns":4},{"damage":0,"enemies":"2 Louse","floor":3,"turns":3},{"damage":0,"enemies":"Small Slimes","floor":4,"turns":3},{"damage":5,"enemies":"3 Louse","floor":5,"turns":4},{"damage":42,"enemies":"Lagavulin","floor":6,"turns":8},{"damage":32,"enemies":"Gremlin Nob","floor":8,"turns":4},{"damage":18,"enemies":"3 Sentries","floor":10,"turns":4}],"seed_played":"5128494981829663047","potions_obtained":[{"floor":4,"key":"Dexterity Potion"},{"floor":6,"key":"SpeedPotion"}],"is_trial":false,"path_per_floor":["M","$","M","M","M","E","R","E","T","E"],"character_chosen":"IRONCLAD","items_purchased":[],"campfire_rested":0,"item_purchase_floors":[],"current_hp_per_floor":[80,80,80,80,80,44,44,18,18,0,0],"gold":152,"neow_bonus":"UPGRADE_CARD","is_daily":false,"chose_seed":false,"campfire_upgraded":0,"win_rate":0.0,"timestamp":1609738316,"path_taken":["M","?","?","M","M","E","R","E","T","E"],"items_purchased_type":[],"build_version":"2020-12-22","purchased_purges":1,"victory":false,"max_hp_per_floor":[80,80,80,80,80,80,80,80,80,80,80],"relic_stats":{"counters":[7,30],"obtain_stats":[{"Burning Blood":0,"Mercury Hourglass":6,"Pocketwatch":8},{"Burning Blood":0,"Mercury Hourglass":5,"Pocketwatch":6},{"Burning Blood":0,"Mercury Hourglass":22,"Pocketwatch":26}],"Burning Blood":23,"Mercury Hourglass":[48],"Pocketwatch":[3]},"card_choices":[{"not_picked":["Warcry","Searing Blow","Armaments"],"picked":"SKIP","floor":1},{"not_picked":["Headbutt","Warcry"],"picked":"Rage","floor":3},{"not_picked":["Bloodletting","Burning Pact"],"picked":"True Grit","floor":4},{"not_picked":["Clash","Blood for Blood","True Grit"],"picked":"SKIP","floor":5},{"not_picked":["Pommel Strike","Spot Weakness"],"picked":"Double Tap","floor":6},{"not_picked":["Ghostly Armor","Pummel","Pommel Strike"],"picked":"SKIP","floor":8}],"player_experience":72181,"relics_obtained":[{"floor":6,"key":"Mercury Hourglass"},{"floor":8,"key":"Pocketwatch"}],"event_choices":[],"is_beta":false,"boss_relics":[],"items_purged_floors":[2],"is_endless":false,"potions_floor_spawned":[4,6],"killed_by":"3 Sentries","ascension_level":1}}