{"host":"nquo8ojcfeju04s6","time":1609800418,"event":{"mods":["Act Like it!","BaseMod","Better Third Choice","Downfall","Minty Spire (QoL Compilation)","Pale of the Ancients","READ ME - Guardian Mod","StSLib"],"gold_per_floor":[99,99,24,24,24,43,43,43,58,158,8,0,0,0,12,114,114,114,125,135,135,135,135],"floor_reached":21,"playtime":1343,"items_purged":[],"score":165,"play_id":"47293acf-c8af-47c5-8e1c-3c0e5d29e5fb","local_time":"20210104234658","is_ascension_mode":false,"campfire_choices":[{"floor":1.0,"key":"RECALL"},{"data":"hexamod:ExtraCrispy","floor":8.0,"key":"SMITH"},{"floor":11.0,"key":"REST"},{"floor":13.0,"key":"REST"},{"data":"hexamod:TimeOfNeed","floor":18,"key":"SMITH"}],"circlet_count":0,"master_deck":["hexamod:Strike","hexamod:Strike","hexamod:Strike","hexamod:Strike+1","hexamod:Defend","hexamod:Defend","hexamod:Defend","hexamod:Defend+1","hexamod:Sear+1","hexamod:Float","hexamod:SpectersWail","hexamod:ThirdSeal","hexamod:GhostflameBarrier+1","hexamod:GhostOfSpireFuture+1","hexamod:TimeOfNeed+1","hexamod:Hexaguard","hexamod:GhostLash","Regret","hexamod:HauntingEcho","hexamod:SixthSeal","hexamod:StepThrough+1","hexamod:ShieldOfDarkness"],"relics":["hexamod:SpiritBrand","downfall:HeartsMalice","downfall:HeartBlessingRed","downfall:HeartBlessingBlue","SacredBark"],"acts_visited":["Exordium","TheCity"],"potions_floor_usage":[16,16,19],"damage_taken":[{"damage":0.0,"enemies":"downfall:FleeingMerchant","floor":3.0,"turns":1.0},{"damage":0.0,"enemies":"Small Slimes","floor":4.0,"turns":1.0},{"damage":0.0,"enemies":"Cultist","floor":5.0,"turns":1.0},{"damage":0.0,"enemies":"2 Louse","floor":6.0,"turns":2.0},{"damage":15.0,"enemies":"Exordium Thugs","floor":9.0,"turns":4.0},{"damage":22.0,"enemies":"downfall:Heads","floor":10.0,"turns":6.0},{"damage":0.0,"enemies":"downfall:FleeingMerchant","floor":12.0,"turns":4.0},{"damage":10,"enemies":"2 Fungi Beasts","floor":15,"turns":4},{"damage":51,"enemies":"downfall:Ironclad","floor":16,"turns":12},{"damage":27,"enemies":"3 Byrds","floor":19,"turns":7},{"damage":22,"enemies":"Spheric Guardian","floor":20,"turns":6},{"damage":31,"enemies":"Masked Bandits","floor":21,"turns":3}],"seed_played":"6132125673036718754","potions_obtained":[{"floor":2.0,"key":"SkillPotion"},{"floor":2.0,"key":"FearPotion"},{"floor":2.0,"key":"Guardian:BlockOnCardUsePotion"},{"floor":6.0,"key":"Guardian:BlockOnCardUsePotion"},{"floor":15,"key":"EssenceOfSteel"},{"floor":16,"key":"ColorlessPotion"},{"floor":19,"key":"Swift Potion"}],"is_trial":false,"path_per_floor":["R","?","$","M","M","M","T","R","M","?","R","$","R","?","M","B",null,"R","M","M","?"],"character_chosen":"THE_SPIRIT","items_purchased":["hexamod:Incineration"],"campfire_rested":2,"item_purchase_floors":[3],"current_hp_per_floor":[70,70,70,70,70,70,70,70,55,33,67,67,80,80,70,19,80,80,53,31,0,0,0],"gold":135,"neow_bonus":"THREE_ENEMY_KILL","is_daily":false,"chose_seed":false,"campfire_upgraded":2,"win_rate":0.0,"timestamp":1609800418,"path_taken":["R","?","?","?","M","M","T","R","M","?","R","?","R","?","M","BOSS","R","M","M","?"],"items_purchased_type":["Card"],"build_version":"2020-12-22","purchased_purges":0,"victory":false,"max_hp_per_floor":[70,70,70,70,70,70,70,70,70,70,80,80,80,80,80,80,80,80,80,80,80,80,80],"card_choices":[{"not_picked":["hexamod:BacktrackSmack","hexamod:GhostOfSpireFuture"],"picked":"hexamod:SpectersWail","floor":3.0},{"not_picked":["hexamod:AdvancingGuard","hexamod:GhostLash"],"picked":"hexamod:ThirdSeal","floor":4.0},{"not_picked":["hexamod:HauntingEcho","hexamod:ThermalTransfer"],"picked":"hexamod:GhostflameBarrier","floor":5.0},{"not_picked":["hexamod:GhostLash","hexamod:GhostOfSpirePast"],"picked":"hexamod:ExtraCrispy","floor":6.0},{"not_picked":["hexamod:SwordOfDarkness","hexamod:Haunt"],"picked":"hexamod:GhostOfSpireFuture","floor":9.0},{"not_picked":["hexamod:SpectersWail","hexamod:HexaLevel"],"picked":"hexamod:Hexaguard","floor":10.0},{"not_picked":["hexamod:Hexaguard","hexamod:ThermalTransfer"],"picked":"hexamod:GhostLash","floor":12.0},{"not_picked":["hexamod:RainOfEmbers","hexamod:Haunt"],"picked":"hexamod:HauntingEcho","floor":15},{"not_picked":["hexamod:UnleashSpirits","hexamod:WildfireWeapon"],"picked":"hexamod:SixthSeal","floor":16},{"not_picked":["hexamod:Again","hexamod:ShieldOfDarkness"],"picked":"hexamod:StepThrough+1","floor":19},{"not_picked":["hexamod:GhostShield","hexamod:EtherealExpedition"],"picked":"hexamod:ShieldOfDarkness","floor":20}],"player_experience":350422,"relics_obtained":[],"event_choices":[{"damage_healed":0.0,"max_hp_gain":0.0,"max_hp_loss":0.0,"gold_gain":0.0,"event_name":"Lab","player_choice":"Got Potions","floor":2.0,"gold_loss":0.0,"damage_taken":0.0},{"damage_healed":0,"gold_gain":0,"player_choice":"Fought Bandits","damage_taken":0,"max_hp_gain":0,"max_hp_loss":0,"event_name":"Masked Bandits","floor":21,"gold_loss":0}],"is_beta":false,"boss_relics":[{"not_picked":["Empty Cage","Black Star"],"picked":"SacredBark"}],"items_purged_floors":[],"is_endless":false,"potions_floor_spawned":[6,15,16,19],"killed_by":"Masked Bandits","ascension_level":0}}