{"host":"mvz90ilxx8epviq1","time":1609735087,"event":{"mods":["2.2 Compatiblity","Act Like it!","Bartender","BaseMod","Better Note","Better Third Choice","Better Vampires","Clockwork Mod","Colored Map","Colored Powertips","Downfall","Gensokyo","Hallownest","Hermit","Hubris","Marisa????????","Minty Spire (QoL Compilation)","Replay The Spire","Shop Mod","Spicy Shops","StSLib","The Alterego","The Bug Knight","The Construct","The Cursed","The Mystic","The Senshi","The Servant 0.9.4","The Wild Card","slay the spire mod where everything is the same but ironclad has a cowboy hat"],"gold_per_floor":[218,218,228,228,23,23,36,36,36,304,304,317,485,485,485,580,580,593,692,692,703,57,57,57],"floor_reached":23,"playtime":1959,"items_purged":["Defend_S"],"score":206,"play_id":"9f66f3cf-d02f-4091-a42f-f235e6675b60","local_time":"20210103233807","is_ascension_mode":false,"campfire_choices":[{"floor":6.0,"key":"REST"},{"data":"Gensokyo:CrescentMoonSlash","floor":8.0,"key":"SMITH"},{"floor":15.0,"key":"REST"}],"circlet_count":0,"master_deck":["Strike_S","Strike_S","Strike_S","Strike_S","Defend_S","Defend_S","Defend_S","KidneyShot","Exchange","InstantArmor","Gensokyo:CrescentMoonSlash+1","SurpressingFire","Gensokyo:LockedMedkit","FanOfKnives+1","Spin+1","MurderousAura","SurpressingFire","ReturningBlade","SpecialFormula","TrueSight","SurpressingFire","BestPractice+1","Luminosity"],"relics":["Uniform","hubris:SphereOfDissonance","MysterySword","MerchantsRug","BargainBundle","Mummified Hand","Strawberry"],"acts_visited":["Gensokyo:Gensokyo","TheCity"],"potions_floor_usage":[],"damage_taken":[{"damage":6.0,"enemies":"Gensokyo:2_Kodama","floor":1.0,"turns":5.0},{"damage":0.0,"enemies":"Gensokyo:Gryphon","floor":3.0,"turns":4.0},{"damage":18.0,"enemies":"Gensokyo:Python","floor":7.0,"turns":6.0},{"damage":8.0,"enemies":"Gensokyo:CorruptedTreant","floor":10.0,"turns":4.0},{"damage":0.0,"enemies":"Gensokyo:3_Kodama","floor":12.0,"turns":1.0},{"damage":2.0,"enemies":"Gensokyo:Python_and_Kodama","floor":13.0,"turns":4.0},{"damage":19.0,"enemies":"Gensokyo:Reimu","floor":16.0,"turns":6.0},{"damage":43.0,"enemies":"2 Thieves","floor":18.0,"turns":4.0},{"damage":22,"enemies":"Shell Parasite","floor":21,"turns":3},{"damage":33,"enemies":"Slavers","floor":23,"turns":1}],"seed_played":"-8806776459665881088","potions_obtained":[{"floor":1.0,"key":"AttackPotion"},{"floor":13.0,"key":"Cursed Concoction"},{"floor":21,"key":"Strength Potion"}],"is_trial":false,"path_per_floor":["M","?","M","?","COS","R","M","R","T","M","?","M","M","?","R","B",null,"M","?","?","M","$","E"],"character_chosen":"THE_SERVANT","items_purchased":["MerchantsRug","BargainBundle","Mummified Hand","Luminosity","LifebloodPotion","champ:CounterPotion","FearPotion","Strawberry","construct:ShiftPotion"],"campfire_rested":2,"item_purchase_floors":[22,22,22,22,22,22,22,22,22],"current_hp_per_floor":[59,50,50,45,45,67,49,49,49,41,41,41,39,39,61,47,75,37,37,37,15,22,0,0],"gold":57,"neow_bonus":"HUNDRED_GOLD","is_daily":false,"chose_seed":false,"campfire_upgraded":1,"win_rate":0.0,"timestamp":1609735087,"path_taken":["M","?","?","?","COS","R","M","R","T","M","?","M","?","?","R","BOSS","M","?","?","M","$","E"],"items_purchased_type":["Relic","Relic","Relic","Card","Potion","Potion","Potion","Relic","Potion"],"build_version":"2020-12-22","purchased_purges":1,"victory":false,"max_hp_per_floor":[65,65,65,75,75,75,75,75,75,75,75,75,75,75,75,75,75,75,75,75,75,82,82,82],"card_choices":[{"not_picked":["Starlight","Unruled"],"picked":"InstantArmor","floor":1.0},{"not_picked":["Rearm","GearUp"],"picked":"SurpressingFire","floor":3.0},{"not_picked":["MoonPhase+1","Defy+1"],"picked":"FanOfKnives+1","floor":7.0},{"not_picked":["Gouge","StarChef"],"picked":"Spin","floor":7.0},{"not_picked":["ForgedInTime","Solidify"],"picked":"MurderousAura","floor":10.0},{"not_picked":["Alleviate","StarChef"],"picked":"SurpressingFire","floor":10.0},{"not_picked":["DoubleEdge","SpecialFormula"],"picked":"ReturningBlade","floor":12.0},{"not_picked":["Alleviate","Starlight"],"picked":"SpecialFormula","floor":13.0},{"not_picked":["LightFlow","TheWorld"],"picked":"TrueSight","floor":16.0},{"not_picked":["Starlight","Collapse"],"picked":"SurpressingFire","floor":18.0},{"not_picked":["ShiftingGears","Alleviate"],"picked":"BestPractice+1","floor":21}],"player_experience":449670,"relics_obtained":[{"floor":9.0,"key":"hubris:SphereOfDissonance"}],"event_choices":[{"damage_healed":0.0,"max_hp_gain":0.0,"max_hp_loss":0.0,"gold_gain":99.0,"event_name":"betterThird:BetterNest","player_choice":"Steal","floor":19.0,"gold_loss":0.0,"damage_taken":0.0},{"damage_healed":0.0,"max_hp_gain":0.0,"max_hp_loss":0.0,"gold_gain":0.0,"event_name":"Upgrade Shrine","player_choice":"Upgraded","floor":20.0,"gold_loss":0.0,"damage_taken":0.0,"cards_upgraded":["Spin"]}],"is_beta":false,"boss_relics":[{"not_picked":["Empty Cage","Silver_Glasses"],"picked":"MysterySword"}],"items_purged_floors":[22],"is_endless":false,"potions_floor_spawned":[1,13,21],"killed_by":"Slavers","ascension_level":0}}