{"host":"9w1j3v3kvq5208ps","time":1609764608,"event":{"mods":["2.2 Compatiblity","BaseMod","CapriCore","Colored Map","DeckTracker","Highlight Path","Keyboard Shortcuts","Minty Spire (QoL Compilation)","Permanent Neow","Quick Restart","StSLib","SuperFastMode","The Immortal","everything is the same but u backflip on backflip"],"gold_per_floor":[109,109,59,78,92,92,92,92,141,66,66,66,79,90,90,185,185,202,202,50,65,77,2,2,2,2,2,2,2,2,30,30,30,30],"floor_reached":33,"playtime":1155,"items_purged":["Strike_G"],"score":331,"play_id":"09b508ed-ad87-47c4-bef6-8982356d114f","local_time":"20210104215008","is_ascension_mode":true,"campfire_choices":[{"data":"Dagger Spray","floor":6,"key":"SMITH"},{"data":"Cloak And Dagger","floor":8,"key":"SMITH"},{"data":"Neutralize","floor":12,"key":"SMITH"},{"data":"Underhanded Strike","floor":15,"key":"SMITH"},{"data":"Blade Dance","floor":24,"key":"SMITH"},{"data":"Adrenaline","floor":27,"key":"SMITH"},{"data":"Finisher","floor":29,"key":"SMITH"},{"data":"Envenom","floor":32,"key":"SMITH"}],"circlet_count":0,"master_deck":["Strike_G","Strike_G","Defend_G+1","Defend_G","Defend_G+1","Survivor+1","Neutralize+1","Dagger Spray+1","Underhanded Strike+1","Cloak And Dagger+1","PiercingWail+1","Dash","Corpse Explosion","CurseOfTheBell","Quick Slash+1","Backflip+1","Cloak And Dagger+1","Adrenaline+1","Blade Dance+1","Finisher+1","Envenom+1"],"relics":["Ring of the Snake","NeowsBlessing","Snake Skull","Calling Bell","War Paint","Mercury Hourglass","Prayer Wheel","TwistedFunnel","Gambling Chip","Girya","Gremlin Horn"],"acts_visited":["Exordium","TheCity"],"potions_floor_usage":[14,16,16,33,33],"damage_taken":[{"damage":0,"enemies":"Jaw Worm","floor":1,"turns":1},{"damage":0,"enemies":"2 Louse","floor":4,"turns":1},{"damage":0,"enemies":"Small Slimes","floor":5,"turns":1},{"damage":0,"enemies":"Looter","floor":13,"turns":2},{"damage":1,"enemies":"Blue Slaver","floor":14,"turns":4},{"damage":31,"enemies":"Hexaghost","floor":16,"turns":16},{"damage":22,"enemies":"2 Thieves","floor":18,"turns":2},{"damage":0,"enemies":"Spheric Guardian","floor":21,"turns":3},{"damage":10,"enemies":"Shelled Parasite and Fungi","floor":22,"turns":5},{"damage":0,"enemies":"Book of Stabbing","floor":31,"turns":4},{"damage":38,"enemies":"Collector","floor":33,"turns":5}],"seed_played":"3970099250340275278","potions_obtained":[{"floor":1,"key":"Poison Potion"},{"floor":4,"key":"DistilledChaos"},{"floor":5,"key":"Regen Potion"},{"floor":18,"key":"Explosive Potion"},{"floor":22,"key":"Weak Potion"}],"is_trial":false,"path_per_floor":["M","?","?","M","M","R","?","R","T","$","?","R","M","M","R","B",null,"M","?","$","M","M","?","R","$","T","R","?","R","T","E","R","B"],"character_chosen":"THE_SILENT","items_purchased":["TwistedFunnel"],"campfire_rested":0,"item_purchase_floors":[20],"current_hp_per_floor":[70,70,70,70,70,70,70,70,70,70,56,56,56,67,67,36,70,48,48,48,48,38,38,38,38,38,38,38,38,38,38,38,0,0],"gold":30,"neow_bonus":"THREE_ENEMY_KILL","is_daily":false,"chose_seed":false,"campfire_upgraded":8,"win_rate":0.0,"timestamp":1609764608,"path_taken":["M","?","?","M","M","R","?","R","T","$","?","R","M","M","R","BOSS","M","?","$","M","M","?","R","?","T","R","?","R","?","E","R","BOSS"],"items_purchased_type":["Relic"],"build_version":"2020-12-22","purchased_purges":1,"victory":false,"max_hp_per_floor":[70,70,70,70,70,70,70,70,70,70,70,70,70,70,70,70,70,70,70,70,70,70,70,70,70,70,70,70,70,70,70,70,70,70],"card_choices":[{"not_picked":["Flechettes","Concentrate"],"picked":"Dagger Spray","floor":1},{"not_picked":["Flying Knee","Deflect"],"picked":"Underhanded Strike","floor":4},{"not_picked":["Heel Hook","Poisoned Stab"],"picked":"Cloak And Dagger","floor":5},{"not_picked":["Tactician","Riddle With Holes"],"picked":"PiercingWail","floor":13},{"not_picked":["Blur","Dagger Spray"],"picked":"Dash","floor":14},{"not_picked":["Storm of Steel","Malaise"],"picked":"Corpse Explosion","floor":16},{"not_picked":["Bane","Prepared"],"picked":"Quick Slash+1","floor":18},{"not_picked":["Dodge and Roll","PiercingWail"],"picked":"Backflip+1","floor":18},{"not_picked":["PiercingWail","Deadly Poison"],"picked":"Cloak And Dagger+1","floor":21},{"not_picked":["PiercingWail+1","Backstab"],"picked":"Adrenaline","floor":21},{"not_picked":["Deadly Poison","Deflect"],"picked":"Blade Dance","floor":22},{"not_picked":["Outmaneuver","Noxious Fumes"],"picked":"Finisher","floor":22},{"not_picked":["All Out Attack","Distraction+1"],"picked":"Envenom","floor":31}],"player_experience":195300,"relics_obtained":[{"floor":9,"key":"Snake Skull"},{"floor":17,"key":"War Paint"},{"floor":17,"key":"Mercury Hourglass"},{"floor":17,"key":"Prayer Wheel"},{"floor":26,"key":"Gambling Chip"},{"floor":30,"key":"Girya"},{"floor":31,"key":"Gremlin Horn"}],"event_choices":[{"damage_healed":0,"gold_gain":0,"player_choice":"Ignored","damage_taken":0,"max_hp_gain":0,"max_hp_loss":0,"event_name":"Liars Game","floor":2,"gold_loss":0},{"cards_removed":["Defend_G"],"damage_healed":0,"gold_gain":0,"player_choice":"Card Removal","damage_taken":0,"max_hp_gain":0,"max_hp_loss":0,"event_name":"The Cleric","floor":3,"gold_loss":50},{"cards_removed":["Strike_G"],"damage_healed":0,"gold_gain":0,"player_choice":"Forget","damage_taken":0,"max_hp_gain":0,"max_hp_loss":0,"event_name":"Living Wall","floor":7,"gold_loss":0},{"damage_healed":0,"gold_gain":0,"player_choice":"Entered Light","damage_taken":14,"max_hp_gain":0,"max_hp_loss":0,"event_name":"Shining Light","floor":11,"gold_loss":0,"cards_upgraded":["Defend_G","Defend_G"]},{"cards_removed":["Defend_G"],"damage_healed":0,"gold_gain":0,"player_choice":"Elegance","damage_taken":0,"max_hp_gain":0,"max_hp_loss":0,"event_name":"Back to Basics","floor":19,"gold_loss":0},{"cards_removed":["Strike_G"],"damage_healed":0,"gold_gain":0,"player_choice":"Gave Gold","damage_taken":0,"max_hp_gain":0,"max_hp_loss":0,"event_name":"Beggar","floor":23,"gold_loss":75},{"damage_healed":0,"gold_gain":0,"player_choice":"Ignored","damage_taken":0,"max_hp_gain":0,"max_hp_loss":0,"event_name":"Ghosts","floor":28,"gold_loss":0}],"is_beta":false,"boss_relics":[{"not_picked":["Runic Pyramid","Philosopher\u0027s Stone"],"picked":"Calling Bell"}],"items_purged_floors":[10],"is_endless":false,"potions_floor_spawned":[1,4,5,18,22],"killed_by":"Collector","ascension_level":4}}