{"host":"38maufg2dcy7va3m","time":1609740929,"event":{"mods":["Act Like it!","BaseMod","Downfall","Duelist Mod","GifTheSpireLib","Hubris","Infinite Spire","Minty Spire (QoL Compilation)","Replay The Spire","StSLib","The Bug Knight","The Construct","The Cursed","The Hierophant","The Necromancer","The Poker Player","The Runesmith","everything is the same but u backflip on backflip"],"gold_per_floor":[115,115,60,60,79,79,113,132,132,149,160,160,177,207,207,302,302,320,49,68,83,183,1,32,52,134,134,145,145,158,183,183,280,280,296,365,365,365,376,376,376],"floor_reached":40,"playtime":2217,"items_purged":[],"score":483,"play_id":"33b0e87a-596a-412a-bdf7-045e489c5c8c","local_time":"20210103221529","is_ascension_mode":false,"campfire_choices":[{"data":"Cloudkill","floor":6,"key":"SMITH"},{"data":"Toxic_Smoke_Screen","floor":12,"key":"SMITH"},{"data":"Bone_Wall","floor":15,"key":"SMITH"},{"floor":27,"key":"REST"},{"floor":29,"key":"REST"}],"circlet_count":0,"master_deck":["Strike_W","Strike_W+1","Strike_W","Defend_W+1","Defend_W+1","Defend_W","Defend_W","Negative_Energy_Arrows","Bone_Wall+1","Necrotic_Claws","Summon_Undead+1","Cloudkill+1","Toxic_Smoke_Screen+1","Death_March_Dance","Bone_Shift+1","Scare","Bone_Bullets","Toxic_Smoke_Screen","Hellfire","Finger_Of_Death","Bone_Armory","Negative_Energy_Javelin","Uncharnel","Shackles_Of_Pain","Plague_Bolt","Summon_Lich","Negative_Energy_Burst","Death_March_Dance+1","Bone_Spikes","Negative_Energy_Sphere+1","Summon_Vampire_Lady","Summon_Undead+1","Skeleton_Dragon+1","Deaths_Shadow+1","Bone_Spikes+1","Shade_Step+1","Blood_Curse+1","Bone_Armory"],"relics":["Vampire_Amulet","NeowsBlessing","Vajra","Ornamental Fan","War Paint","Fusion Hammer","Sling","infinitespire:Joker Card","hubris:DisguiseKit","Red Mask","Astrolabe","Runesmith:AutoHammer"],"acts_visited":["Exordium","TheCity","TheBeyond"],"potions_floor_usage":[8,10,16,21,24,25,30,31,33,33,33,39],"damage_taken":[{"damage":0,"enemies":"Jaw Worm","floor":1,"turns":1},{"damage":0,"enemies":"2 Louse","floor":5,"turns":1},{"damage":0,"enemies":"HollowMod:MossKnight","floor":7,"turns":1},{"damage":0,"enemies":"Cultist","floor":8,"turns":3},{"damage":6,"enemies":"Exordium Wildlife","floor":10,"turns":2},{"damage":3,"enemies":"Large Slime","floor":11,"turns":6},{"damage":0,"enemies":"Gremlin Gang","floor":13,"turns":4},{"damage":12,"enemies":"The Guardian","floor":16,"turns":8},{"damage":2,"enemies":"3 Byrds","floor":18,"turns":3},{"damage":2,"enemies":"Snecko","floor":20,"turns":5},{"damage":0,"enemies":"3 Cultists","floor":21,"turns":4},{"damage":0,"enemies":"theDuelist:KaibaA2","floor":24,"turns":3},{"damage":2,"enemies":"Centurion and Healer","floor":25,"turns":3},{"damage":0,"enemies":"Cultist and Chosen","floor":28,"turns":4},{"damage":24,"enemies":"Shelled Parasite and Fungi","floor":30,"turns":5},{"damage":1,"enemies":"Masked Bandits","floor":31,"turns":4},{"damage":29,"enemies":"Automaton","floor":33,"turns":8},{"damage":7,"enemies":"Orb Walker","floor":35,"turns":3},{"damage":19,"enemies":"3 Darklings","floor":39,"turns":6},{"damage":66,"enemies":"Nightmare","floor":40,"turns":6}],"seed_played":"8358113885558113697","potions_obtained":[{"floor":1,"key":"Adrenaline Potion"},{"floor":8,"key":"champ:CounterPotion"},{"floor":11,"key":"champ:CounterPotion"},{"floor":20,"key":"Explosive Potion"},{"floor":21,"key":"LiquidMemories"},{"floor":25,"key":"Dexterity Potion"},{"floor":28,"key":"LifebloodPotion"},{"floor":31,"key":"Strength Potion"},{"floor":32,"key":"Reflective Coating"},{"floor":32,"key":"Guardian:BlockOnCardUsePotion"},{"floor":35,"key":"Block Potion"}],"is_trial":false,"path_per_floor":["M","?","$","?","M","R","E","M","T","M","M","R","M","?","R","B",null,"M","$","M","M","?","$","E","M","T","R","M","R","M","?","R","B",null,"M","?","?","?","M","NM"],"character_chosen":"NECROMANCER","items_purchased":["Summon_Undead+1","Bone_Armory","Sling","Block Potion","Uncharnel","Shackles_Of_Pain","Plague_Bolt"],"campfire_rested":2,"item_purchase_floors":[3,19,19,19,23,23,23],"current_hp_per_floor":[75,60,60,60,64,64,66,68,68,66,67,67,75,75,75,75,75,75,75,75,75,75,75,75,75,75,75,75,75,53,58,58,37,75,70,70,75,75,64,0,0],"gold":376,"neow_bonus":"THREE_ENEMY_KILL","is_daily":false,"chose_seed":false,"campfire_upgraded":3,"win_rate":0.0,"timestamp":1609740929,"path_taken":["M","?","$","?","?","R","E","M","T","M","M","R","M","?","R","BOSS","M","$","M","M","?","$","E","M","T","R","?","R","M","?","R","BOSS","M","?","?","?","?","NM"],"items_purchased_type":["Card","Card","Relic","Potion","Card","Card","Card"],"build_version":"2020-12-22","purchased_purges":0,"victory":false,"max_hp_per_floor":[75,75,75,75,75,75,75,75,75,75,75,75,75,75,75,75,75,75,75,75,75,75,75,75,75,75,75,75,75,75,75,75,75,75,75,75,75,75,75,75,75],"card_choices":[{"not_picked":["Bone_Spikes","Flesh_Made_Foul"],"picked":"Necrotic_Claws","floor":1},{"not_picked":["Negative_Energy_Mist","Thousand_Bone_Knives"],"picked":"Death_March_Dance","floor":5},{"not_picked":["Violent_Necrosis","Negative_Energy_Sphere"],"picked":"Skeleton_Dragon","floor":7},{"not_picked":["Bone_Bullets","Blood_Shield"],"picked":"Bone_Shift","floor":8},{"not_picked":["Bones_to_Steel","Negative_Energy_Sphere"],"picked":"Scare","floor":10},{"not_picked":["Summon_Death_Knight","Chill_Blood"],"picked":"Bone_Bullets","floor":11},{"not_picked":["Blood_Shield","Life_Tap"],"picked":"Toxic_Smoke_Screen","floor":13},{"not_picked":["Blood_Wake","Requiem"],"picked":"Hellfire","floor":16},{"not_picked":["Violent_Necrosis","Negative_Energy_Sphere"],"picked":"Finger_Of_Death","floor":18},{"not_picked":["Necrotic_Claws+1","Death_Coil"],"picked":"Negative_Energy_Javelin","floor":20},{"not_picked":["Bones_to_Steel","Consume_Illness"],"picked":"Vampiric_Strike","floor":21},{"not_picked":["Death_March_Dance+1","Shackles_Of_Pain"],"picked":"Summon_Lich","floor":24},{"not_picked":["Acid_Javelin","Life_Tap+1"],"picked":"Negative_Energy_Burst","floor":25},{"not_picked":["Blood_for_Blood","Acid_Javelin"],"picked":"Death_March_Dance+1","floor":28},{"not_picked":["Bone_Bullets","Slay_Living"],"picked":"Bone_Spikes","floor":30},{"not_picked":["Bone_Shift","Bone_Spikes"],"picked":"Negative_Energy_Sphere+1","floor":31},{"not_picked":["Blood_Magic","Hellfire"],"picked":"Summon_Vampire_Lady","floor":33},{"not_picked":["Blood_Whip","Stop_Heart"],"picked":"Bone_Spikes+1","floor":35},{"not_picked":["Summon_Lich","Bone_Bullets"],"picked":"Shade_Step+1","floor":36},{"not_picked":["Finger_Of_Death+1","Consume_Illness+1"],"picked":"Blood_Curse+1","floor":36},{"not_picked":["Death_March_Dance","Bone_Spikes"],"picked":"Bone_Armory","floor":39}],"player_experience":223615,"relics_obtained":[{"floor":7,"key":"Vajra"},{"floor":9,"key":"Ornamental Fan"},{"floor":24,"key":"infinitespire:Joker Card"},{"floor":26,"key":"hubris:DisguiseKit"},{"floor":31,"key":"Red Mask"},{"floor":36,"key":"Runesmith:AutoHammer"}],"event_choices":[{"damage_healed":0,"gold_gain":0,"player_choice":"Entered Light","damage_taken":15,"max_hp_gain":0,"max_hp_loss":0,"event_name":"Shining Light","floor":2,"gold_loss":0,"cards_upgraded":["Strike_W","Defend_W"]},{"damage_healed":0,"gold_gain":0,"player_choice":"2 cards matched","damage_taken":0,"max_hp_gain":0,"max_hp_loss":0,"event_name":"Match and Keep!","floor":4,"gold_loss":0,"cards_obtained":["Cloudkill","Toxic_Smoke_Screen"]},{"damage_healed":0,"gold_gain":30,"player_choice":"Searched \u00272\u0027 times","damage_taken":0,"relics_obtained":["War Paint"],"max_hp_gain":0,"max_hp_loss":0,"event_name":"Dead Adventurer","floor":14,"gold_loss":0},{"damage_healed":0,"gold_gain":100,"player_choice":"Pray","damage_taken":0,"max_hp_gain":0,"max_hp_loss":0,"event_name":"Golden Shrine","floor":22,"gold_loss":0},{"damage_healed":0,"gold_gain":0,"player_choice":"Fought Bandits","damage_taken":0,"max_hp_gain":0,"max_hp_loss":0,"event_name":"Masked Bandits","floor":31,"gold_loss":0},{"damage_healed":19,"gold_gain":0,"player_choice":"Writhe","damage_taken":0,"max_hp_gain":0,"max_hp_loss":0,"event_name":"Winding Halls","floor":37,"gold_loss":0,"cards_obtained":["Writhe"]},{"cards_removed":["Writhe"],"damage_healed":0,"gold_gain":0,"player_choice":"Removed Curses","damage_taken":0,"max_hp_gain":0,"max_hp_loss":0,"event_name":"Fountain of Cleansing","floor":38,"gold_loss":0}],"is_beta":false,"boss_relics":[{"not_picked":["Black Star","SlaversCollar"],"picked":"Fusion Hammer"},{"not_picked":["Honey Jar","Sozu"],"picked":"Astrolabe"}],"items_purged_floors":[],"is_endless":false,"potions_floor_spawned":[1,8,11,20,21,25,28,31,35],"killed_by":"Nightmare","ascension_level":0}}