{"host":"2461dio7vetlq1z3","time":1609775159,"event":{"mods":["2.2 Compatiblity","AchievementEnabler","Aspiration","BaseMod","Better Third Choice","Friendly Minions","Minty Spire (QoL Compilation)","Relic Stats","Spicy Shops","StSLib","Waifu the Spire"],"gold_per_floor":[213,213,231,249,2,2,2],"floor_reached":6,"playtime":258,"items_purged":[],"score":72,"play_id":"2d878b37-34b8-4a26-a09d-e6663906449d","local_time":"20210104164559","is_ascension_mode":true,"campfire_choices":[],"circlet_count":0,"master_deck":["AscendersBane","Strike_B","Strike_B","Strike_B","Strike_B","Defend_B","Defend_B+1","Defend_B","Defend_B","Zap","Dualcast+1","Leap","Darkness","Rebound","Genetic Algorithm","Meteor Strike","Barrage","Chill","Go for the Eyes","Rip and Tear"],"relics":["Cracked Core","Orrery"],"acts_visited":["Exordium"],"potions_floor_usage":[6],"damage_taken":[{"damage":2,"enemies":"Jaw Worm","floor":1,"turns":3},{"damage":1,"enemies":"Cultist","floor":3,"turns":3},{"damage":0,"enemies":"2 Louse","floor":4,"turns":2},{"damage":68,"enemies":"Gremlin Nob","floor":6,"turns":4}],"seed_played":"2804941981423884412","potions_obtained":[{"floor":4,"key":"Regen Potion"}],"is_trial":false,"path_per_floor":["M","?","M","M","$","E"],"character_chosen":"DEFECT","items_purchased":["Orrery","Rip and Tear"],"campfire_rested":0,"item_purchase_floors":[5,5],"current_hp_per_floor":[62,41,40,40,40,0,0],"gold":2,"neow_bonus":"HUNDRED_GOLD","is_daily":false,"chose_seed":false,"campfire_upgraded":0,"win_rate":0.0,"timestamp":1609775159,"path_taken":["M","?","M","M","$","E"],"items_purchased_type":["Relic","Card"],"build_version":"2020-12-22","purchased_purges":0,"victory":false,"max_hp_per_floor":[71,71,71,71,71,71,71],"relic_stats":{"counters":[4,12],"obtain_stats":[{"Orrery":5,"Cracked Core":0},{"Orrery":3,"Cracked Core":0},{"Orrery":8,"Cracked Core":0}]},"card_choices":[{"not_picked":["Heatsinks","Fusion"],"picked":"Leap","floor":1},{"not_picked":["Redo","Recycle"],"picked":"Darkness","floor":3},{"not_picked":["Hologram","Auto Shields"],"picked":"Rebound","floor":4},{"not_picked":["Storm","Turbo"],"picked":"Genetic Algorithm","floor":5},{"not_picked":["Leap","Gash"],"picked":"Meteor Strike","floor":5},{"not_picked":["Chaos","Beam Cell"],"picked":"Barrage","floor":5},{"not_picked":["Streamline","Chaos"],"picked":"Chill","floor":5},{"not_picked":["Consume","Force Field"],"picked":"Go for the Eyes","floor":5}],"player_experience":1047449,"relics_obtained":[],"event_choices":[{"damage_healed":62,"gold_gain":0,"player_choice":"Upgrade","damage_taken":21,"max_hp_gain":0,"max_hp_loss":71,"event_name":"betterThird:BetterShining","floor":2,"gold_loss":0,"cards_upgraded":["Dualcast","Defend_B"]}],"is_beta":false,"boss_relics":[],"items_purged_floors":[],"is_endless":false,"potions_floor_spawned":[4],"killed_by":"Gremlin Nob","ascension_level":20}}