{"host":"csp9nt53rootlkah","time":1609745466,"event":{"mods":["ATMod(°¢èªMod)","Act Like it!","BaseMod","Colored Powertips","Friendly Minions","Gensokyo","Highlight Path","Minty Spire (QoL Compilation)","Quick Restart","Replay The Spire","StSLib","TestMod","The Factory","The Jungle","UnlockEverythingMod","Youmu£¨»êÆÇÑýÃÎ£©","¡¾ÒÅÎï¿¨ÅÆ¡¿REMEMod"],"gold_per_floor":[116,116,41,41,61,86,86,86,86,111,111],"floor_reached":10,"playtime":599,"items_purged":["Defend_YM"],"score":99,"play_id":"538d6c96-183b-4ff9-830b-1add70a2e574","local_time":"20210104153106","is_ascension_mode":false,"campfire_choices":[{"data":"ASingleThoughtAndInfiniteKalpas","floor":8.0,"key":"SMITH"}],"circlet_count":0,"master_deck":["Strike_YM","Strike_YM","Strike_YM","Defend_YM","Defend_YM","SlashOfPresentWorld","WheelOfPainOfLivingAndDead","ASingleThoughtAndInfiniteKalpas+1","ObsessionSword","DispleasureOfTheSevenHakus"],"relics":["HalfPhantom","testmod-TestBox","REME_ComplimentaryCards","AT_ATBox","testmod-Hope","NeowsBlessing","ReplayFunnel","Replay:Bottled Flurry","AT_TimeSand","REME_LimitBreaker"],"acts_visited":["Exordium"],"potions_floor_usage":[],"damage_taken":[{"damage":0.0,"enemies":"Small Slimes","floor":1.0,"turns":1.0},{"damage":0.0,"enemies":"Cultist","floor":5.0,"turns":1.0},{"damage":0.0,"enemies":"Replay:BlueRogue","floor":6.0,"turns":1.0},{"damage":4,"enemies":"Gremlin Nob","floor":10,"turns":5}],"seed_played":"-960382285100344905","potions_obtained":[{"floor":5.0,"key":"Elixir"},{"floor":10,"key":"Strength Potion"}],"is_trial":false,"path_per_floor":["M","?","$","?","M","E","T","R","T","E"],"character_chosen":"YOUMU","items_purchased":[],"campfire_rested":0,"item_purchase_floors":[],"current_hp_per_floor":[75,75,75,75,75,75,75,75,75,71,71],"gold":111,"neow_bonus":"THREE_ENEMY_KILL","is_daily":false,"chose_seed":false,"campfire_upgraded":1,"win_rate":0.0,"timestamp":1609745466,"path_taken":["M","?","?","?","M","E","?","R","T","E"],"items_purchased_type":[],"build_version":"2020-12-22","purchased_purges":1,"victory":false,"max_hp_per_floor":[75,75,75,75,75,75,75,75,75,75,75],"card_choices":[{"not_picked":["HeartExcerptSlash","PhosphoricSlash"],"picked":"ObsessionSword","floor":1.0},{"not_picked":["TransmigrationSlash","CrescentMoonSlash"],"picked":"DispleasureOfTheSevenHakus","floor":5.0},{"not_picked":["SuddenPhantomFormationSlashOfKarmicWind","GhostSword","CrescentMoonSlash"],"picked":"SKIP","floor":6.0}],"player_experience":117348,"relics_obtained":[{"floor":6.0,"key":"ReplayFunnel"},{"floor":7.0,"key":"Replay:Bottled Flurry"},{"floor":9.0,"key":"AT_TimeSand"},{"floor":10,"key":"REME_LimitBreaker"}],"event_choices":[{"cards_removed":["Strike_YM"],"damage_healed":0.0,"max_hp_gain":0.0,"max_hp_loss":0.0,"gold_gain":0.0,"event_name":"Purifier","player_choice":"Purged","floor":2.0,"gold_loss":0.0,"damage_taken":0.0}],"is_beta":false,"boss_relics":[],"items_purged_floors":[3],"is_endless":false,"potions_floor_spawned":[5,10],"killed_by":"Gremlin Nob","ascension_level":0}}