{"host":"cv77zuuuekizn3ic","time":1609741820,"event":{"mods":["AchievementEnabler","BaseMod","Marisa£®ÏF”Í°°ƒß¿Ì…≥£©","Minty Spire (QoL Compilation)","StSLib","Waifu the Spire","everything is the same but u backflip on backflip","slay the spire mod where everything is the same but ironclad has a cowboy hat"],"gold_per_floor":[116,41,53,63,63,93,168,128,128,128,147,165,165,165],"floor_reached":13,"playtime":411,"items_purged":["Strike_B"],"score":123,"play_id":"842ca767-93e6-43b8-bf82-86a5f491546d","local_time":"20210104143020","is_ascension_mode":true,"campfire_choices":[{"floor":10,"key":"REST"}],"circlet_count":0,"master_deck":["Strike_B","Strike_B","Strike_B","Defend_B","Defend_B","Defend_B","Defend_B","Zap","Dualcast","Sweeping Beam","Turbo","Tempest","Cold Snap"],"relics":["Fusion Hammer","Calipers"],"acts_visited":["Exordium"],"potions_floor_usage":[11,12,13,13,13],"damage_taken":[{"damage":1.0,"enemies":"Cultist","floor":1.0,"turns":4.0},{"damage":3,"enemies":"2 Louse","floor":3,"turns":2},{"damage":0,"enemies":"Small Slimes","floor":4,"turns":2},{"damage":44,"enemies":"Lagavulin","floor":6,"turns":9},{"damage":6,"enemies":"Looter","floor":11,"turns":4},{"damage":1,"enemies":"Gremlin Gang","floor":12,"turns":3},{"damage":31,"enemies":"Gremlin Nob","floor":13,"turns":4}],"seed_played":"7500815638606438898","potions_obtained":[{"floor":8,"key":"Fruit Juice"},{"floor":8,"key":"Fire Potion"},{"floor":8,"key":"Block Potion"},{"floor":11,"key":"EntropicBrew"}],"is_trial":false,"path_per_floor":["M","$","M","M","$","E","?","?","T","R","M","M","E"],"character_chosen":"DEFECT","items_purchased":[],"campfire_rested":1,"item_purchase_floors":[],"current_hp_per_floor":[67,67,64,64,64,20,9,9,9,31,30,29,0,0],"gold":165,"neow_bonus":"BOSS_RELIC","is_daily":false,"chose_seed":false,"campfire_upgraded":0,"win_rate":0.0,"timestamp":1609741820,"path_taken":["M","$","M","M","?","E","?","?","T","R","?","M","E"],"items_purchased_type":[],"build_version":"2020-12-22","purchased_purges":1,"victory":false,"max_hp_per_floor":[75,75,75,75,75,75,75,75,75,75,80,80,80,80],"card_choices":[{"not_picked":["Compile Driver","Static Discharge"],"picked":"Sweeping Beam","floor":1.0},{"not_picked":["Blizzard","Barrage"],"picked":"Turbo","floor":3},{"not_picked":["Rip and Tear","Fusion","Barrage"],"picked":"SKIP","floor":4},{"not_picked":["Rebound","Blizzard"],"picked":"Tempest","floor":6},{"not_picked":["Redo","Aggregate"],"picked":"Cold Snap","floor":11},{"not_picked":["Rebound","Barrage","Lockon"],"picked":"SKIP","floor":12}],"player_experience":703129,"relics_obtained":[{"floor":6,"key":"Calipers"}],"event_choices":[{"damage_healed":0,"gold_gain":75,"player_choice":"Gather Gold","damage_taken":11,"max_hp_gain":0,"max_hp_loss":0,"event_name":"World of Goop","floor":7,"gold_loss":0},{"damage_healed":0,"gold_gain":0,"player_choice":"Bought 3 Potions","damage_taken":0,"max_hp_gain":0,"max_hp_loss":0,"event_name":"The Woman in Blue","floor":8,"gold_loss":0}],"is_beta":false,"boss_relics":[],"items_purged_floors":[2],"is_endless":false,"potions_floor_spawned":[11],"killed_by":"Gremlin Nob","ascension_level":9}}