{"host":"7xbu8gt067z192g2","time":1609802170,"event":{"mods":["BaseMod","Better Note","Colored Map","Colored Powertips","Googly Eyes","Highlight Path","Minty Spire (QoL Compilation)","Rare Cards Sparkle","Replay The Spire","StSLib","The Bladedancer","The Cursed","The Hierophant","The Valiant","The Wild Card"],"gold_per_floor":[115,115,132,132,132,132,159,177,177,177,191,218,248,248,248,343,343,362,157,157,157,9,34,46,73,73,107,107,151,151,195,195,309,309,339,368,396,11,46,83,83,131,204,204,121,131,131],"floor_reached":46,"playtime":5991,"items_purged":["Writhe","ReplayTheSpireMod:Restless Dread"],"score":836,"play_id":"c43f7e3a-f9f1-4e8f-8a92-1db0f6512119","local_time":"20210104181610","is_ascension_mode":true,"campfire_choices":[{"floor":6.0,"key":"REST"},{"data":"Demon Form","floor":10.0,"key":"SMITH"},{"data":"Defend_R","floor":15.0,"key":"PURGE"},{"data":"Hemogenesis","floor":28,"key":"SMITH"},{"data":"Strike_R","floor":32,"key":"PURGE"},{"data":"Looming Evil","floor":41,"key":"PURGE"},{"data":"Fire Breathing","floor":44,"key":"PURGE"}],"circlet_count":0,"master_deck":["Inflame","Pommel Strike","Demon Form+1","Uppercut","Blood for Blood","Immolate+1","Thunderclap","Demon Form+1","Hemogenesis+1","Spot Weakness","Combust","Bloodletting+1","Shrug It Off+1","ReplayTheSpireMod:Limb From Limb","J.A.X.","Heavy Blade+1","Offering","Massacre","Rampage","Life Link+1","Berserk","Power Through"],"relics":["Burning Blood","ReplayTheSpireMod:Ring of Addiction","Chameleon Ring","White Beast Statue","Ring of Peace","Durian","Mummified Hand","Peace Pipe","Anchor","Centennial Puzzle","Coffee Dripper","ReplayTheSpireMod:CursedCoin","PreservedInsect","Bottled Lightning","Pantograph","Replay:Bandana","Darkstone Periapt","Quantum Egg","Kintsugi","Guide Book","Magic Flower","Meat on the Bone","ReplayTheSpireMod:Ninjato"],"acts_visited":["TheBeyond"],"potions_floor_usage":[24,24,25,27,27,27,29,29,31,33,33,36,39,40,40,40,42,46],"damage_taken":[{"damage":9.0,"enemies":"2 Louse","floor":1.0,"turns":3.0},{"damage":9.0,"enemies":"Small Slimes","floor":3.0,"turns":3.0},{"damage":6.0,"enemies":"Gremlin Nob","floor":7.0,"turns":4.0},{"damage":0.0,"enemies":"Jaw Worm","floor":8.0,"turns":5.0},{"damage":8.0,"enemies":"2 Fungi Beasts","floor":11.0,"turns":3.0},{"damage":15.0,"enemies":"Lagavulin","floor":12.0,"turns":5.0},{"damage":0.0,"enemies":"Slime Boss","floor":16.0,"turns":5.0},{"damage":7.0,"enemies":"Shell Parasite","floor":18.0,"turns":4.0},{"damage":55.0,"enemies":"Book of Stabbing","floor":23.0,"turns":5.0},{"damage":0,"enemies":"Spheric Guardian","floor":24,"turns":3},{"damage":0,"enemies":"Replay:Snechameleon","floor":25,"turns":4},{"damage":5,"enemies":"Gremlin Leader","floor":27,"turns":3},{"damage":0,"enemies":"Slavers","floor":29,"turns":4},{"damage":27,"enemies":"Gremlin Leader","floor":31,"turns":3},{"damage":17,"enemies":"Champ","floor":33,"turns":5},{"damage":6,"enemies":"3 Shapes","floor":35,"turns":3},{"damage":34,"enemies":"3 Darklings","floor":36,"turns":4},{"damage":9,"enemies":"Jaw Worm Horde","floor":37,"turns":2},{"damage":12,"enemies":"Sphere and 2 Shapes","floor":39,"turns":2},{"damage":10,"enemies":"Giant Head","floor":40,"turns":5},{"damage":50,"enemies":"R_Hoarder","floor":42,"turns":4},{"damage":28,"enemies":"Spire Growth","floor":46,"turns":3}],"seed_played":"-2851040214790562378","potions_obtained":[{"floor":1.0,"key":"BloodPotion"},{"floor":2.0,"key":"EntropicBrew"},{"floor":2.0,"key":"Swift Potion"},{"floor":24,"key":"ColorlessPotion"},{"floor":25,"key":"Energy Potion"},{"floor":27,"key":"Fire Potion"},{"floor":29,"key":"PowerPotion"},{"floor":31,"key":"FearPotion"},{"floor":33,"key":"EssenceOfSteel"},{"floor":35,"key":"Strength Potion"},{"floor":36,"key":"PowerPotion"},{"floor":37,"key":"Languid Potion"},{"floor":39,"key":"Reflective Coating"},{"floor":40,"key":"Energy Potion"},{"floor":42,"key":"BlessingOfTheForge"}],"is_trial":false,"path_per_floor":["M","?","M","?","?","R","E","M","T","R","M","E","?","T","R","B",null,"M","$","?","?","$","E","M","E","T","E","R","E","?","E","R","B",null,"M","M","M","$","M","E","R","E","T","R","?","M"],"character_chosen":"IRONCLAD","items_purchased":["Demon Form","Hemogenesis","ReplayTheSpireMod:CursedCoin","Spot Weakness","Combust","Guide Book","Berserk"],"campfire_rested":1,"item_purchase_floors":[19,19,19,19,22,38,38],"current_hp_per_floor":[53,53,50,50,43,66,71,77,77,77,75,66,66,66,66,72,77,74,74,60,60,60,16,45,56,56,57,57,63,63,42,42,56,90,90,62,59,59,53,49,49,28,28,28,28,0,0],"gold":131,"neow_bonus":"REMOVE_TWO","is_daily":false,"chose_seed":false,"campfire_upgraded":2,"win_rate":0.0,"timestamp":1609802170,"path_taken":["M","?","M","?","?","R","E","M","T","R","M","E","?","?","R","BOSS","M","$","?","?","$","E","M","E","T","E","R","E","?","E","R","BOSS","M","M","M","$","M","E","R","E","T","R","?","?"],"items_purchased_type":["Card","Card","Relic","Card","Card","Relic","Card"],"build_version":"2020-12-22","purchased_purges":2,"victory":false,"max_hp_per_floor":[80,80,80,80,80,78,83,83,81,81,81,79,79,79,77,77,77,75,75,80,78,78,78,78,78,78,78,78,78,78,78,78,78,90,90,90,90,90,90,90,90,90,90,90,90,88,88],"card_choices":[{"not_picked":["Abandon","Carnage"],"picked":"Inflame","floor":1.0},{"not_picked":["Disarm","Anger"],"picked":"Pommel Strike","floor":3.0},{"not_picked":["Massacre","Uppercut"],"picked":"Demon Form","floor":7.0},{"not_picked":["Run Through","Clothesline","Armaments"],"picked":"SKIP","floor":8.0},{"not_picked":["Warcry","ReplayTheSpireMod:Muscle Training"],"picked":"Uppercut","floor":11.0},{"not_picked":["Shrug It Off","Run Through"],"picked":"Blood for Blood","floor":12.0},{"not_picked":["Juggernaut","Bludgeon"],"picked":"Immolate","floor":16.0},{"not_picked":["Warcry","Clash"],"picked":"Thunderclap","floor":18.0},{"not_picked":["True Grit+1","ReplayTheSpireMod:LeadingStrike"],"picked":"Bloodletting+1","floor":23},{"not_picked":["ReplayTheSpireMod:Strike From Hell","True Grit"],"picked":"Fire Breathing","floor":24},{"not_picked":["Headbutt","Cleave"],"picked":"Shrug It Off+1","floor":25},{"not_picked":["True Grit","Second Wind+1","Twin Strike+1"],"picked":"SKIP","floor":27},{"not_picked":["Second Wind","ReplayTheSpireMod:Muscle Training"],"picked":"ReplayTheSpireMod:Limb From Limb","floor":29},{"not_picked":["Cleave","Flex"],"picked":"Heavy Blade+1","floor":31},{"not_picked":["Demon Form","Exhume"],"picked":"Offering","floor":33},{"not_picked":["Perfected Strike","Thunderclap"],"picked":"Massacre","floor":35},{"not_picked":["ReplayTheSpireMod:Muscle Training","Seeing Red+1"],"picked":"Rampage","floor":36},{"not_picked":["Clothesline","Pommel Strike"],"picked":"Life Link+1","floor":37},{"not_picked":["Twin Strike+1","Run Through+1","Entrench+1"],"picked":"SKIP","floor":39},{"not_picked":["Iron Wave+1","Twin Strike+1","Clothesline+1"],"picked":"SKIP","floor":40},{"not_picked":["Ghostly Armor+1","Shrug It Off+1"],"picked":"Power Through","floor":42}],"player_experience":126342,"relics_obtained":[{"floor":2.0,"key":"ReplayTheSpireMod:Ring of Addiction"},{"floor":2.0,"key":"Chameleon Ring"},{"floor":2.0,"key":"White Beast Statue"},{"floor":2.0,"key":"Ring of Peace"},{"floor":7.0,"key":"Durian"},{"floor":9.0,"key":"Mummified Hand"},{"floor":12.0,"key":"Peace Pipe"},{"floor":14.0,"key":"Centennial Puzzle"},{"floor":23,"key":"PreservedInsect"},{"floor":25,"key":"Bottled Lightning"},{"floor":26,"key":"Pantograph"},{"floor":27,"key":"Replay:Bandana"},{"floor":29,"key":"Darkstone Periapt"},{"floor":31,"key":"Quantum Egg"},{"floor":40,"key":"Magic Flower"},{"floor":42,"key":"Meat on the Bone"}],"event_choices":[{"damage_healed":0.0,"max_hp_gain":0.0,"max_hp_loss":0.0,"gold_gain":0.0,"event_name":"Liars Game","player_choice":"Ignored","floor":4.0,"gold_loss":0.0,"damage_taken":0.0},{"cards_removed":["Strike_R"],"damage_healed":0.0,"max_hp_gain":0.0,"max_hp_loss":0.0,"gold_gain":0.0,"event_name":"Golden Wing","player_choice":"Card Removal","floor":5.0,"gold_loss":0.0,"damage_taken":7.0},{"damage_healed":0.0,"max_hp_gain":0.0,"max_hp_loss":0.0,"gold_gain":30.0,"event_name":"Dead Adventurer","player_choice":"Searched \u00273\u0027 times","floor":13.0,"gold_loss":0.0,"damage_taken":0.0,"relics_obtained":["Anchor"]},{"damage_healed":0.0,"max_hp_gain":5.0,"max_hp_loss":0.0,"gold_gain":0.0,"event_name":"Forgotten Altar","player_choice":"Shed Blood","floor":20.0,"gold_loss":0.0,"damage_taken":19.0},{"damage_healed":0.0,"max_hp_gain":0.0,"max_hp_loss":0.0,"gold_gain":0.0,"event_name":"Ghosts","player_choice":"Ignored","floor":21.0,"gold_loss":0.0,"damage_taken":0.0},{"damage_healed":0,"gold_gain":0,"player_choice":"Obtain J.A.X.","damage_taken":0,"max_hp_gain":0,"max_hp_loss":0,"event_name":"Drug Dealer","floor":30,"gold_loss":0,"cards_obtained":["J.A.X."]},{"damage_healed":0,"gold_gain":0,"player_choice":"Paid Gold","damage_taken":0,"relics_obtained":["ReplayTheSpireMod:Ninjato"],"max_hp_gain":0,"max_hp_loss":0,"event_name":"WeMeetAgain","floor":45,"gold_loss":83}],"is_beta":false,"boss_relics":[{"not_picked":["ChewingGum","Empty Cage"],"picked":"Coffee Dripper"},{"not_picked":["Astrolabe","Philosopher\u0027s Stone"],"picked":"Kintsugi"}],"items_purged_floors":[22,38],"is_endless":false,"potions_floor_spawned":[1,3,7,8,11,12,16,18,23,24,25,27,29,31,33,35,36,37,39,40,42],"killed_by":"Spire Growth","ascension_level":3}}