{"host":"Koishi","time":1609791052,"event":{"mods":["100% Spire Juice","2.2 Compatiblity","AchievementEnabler","Act Like it!","BaseMod","Better Match","Better Note","Better Sensory Stone","Better Third Choice","Colored Powertips","Downfall","Minty Spire (QoL Compilation)","Quick Restart","Relic Stats","Robot Space Explorer","StSLib","everything is the same but u backflip on backflip","slay the spire mod where everything is the same but ironclad has a cowboy hat"],"gold_per_floor":[99,110,110,110,129,114,139,54,54,72,92,92,117,14,31,31,31],"floor_reached":16,"playtime":584,"items_purged":[],"score":137,"play_id":"70002140-4e70-47c9-9448-0f9da1c3adbb","local_time":"20210104151052","is_ascension_mode":false,"campfire_choices":[{"data":"Moonworks:Ambush","floor":1,"key":"SMITH"},{"floor":9,"key":"REST"},{"data":"Moonworks:DeployBits","floor":12,"key":"SMITH"}],"circlet_count":0,"master_deck":["Moonworks:Strike","Moonworks:Strike","Moonworks:Strike","Moonworks:Strike","Moonworks:Defend","Moonworks:Defend","Moonworks:Defend","Moonworks:Defend","Moonworks:Ambush+1","Moonworks:LongDistanceShot","Moonworks:ImOnFire","Burning Pact+1","Moonworks:Assault","Moonworks:FullSpeedAlicianrone","Moonworks:CompletionReward","Moonworks:BeyondHell","Moonworks:DeployBits+1","Moonworks:Heat300Percent","Moonworks:EvilSpyWorkPreparation","Moonworks:TacticalRetreat"],"relics":["Moonworks:BrokenBomb","Moonworks:Homemark","Boot","Orichalcum","Du-Vu Doll","Pen Nib"],"acts_visited":["Exordium"],"potions_floor_usage":[11,16],"damage_taken":[{"damage":7,"enemies":"2 Louse","floor":2,"turns":2},{"damage":0,"enemies":"Small Slimes","floor":5,"turns":2},{"damage":5,"enemies":"downfall:FleeingMerchant","floor":6,"turns":4},{"damage":32,"enemies":"Lagavulin","floor":8,"turns":7},{"damage":5,"enemies":"Jaw Worm","floor":10,"turns":2},{"damage":0,"enemies":"Blue Slaver","floor":11,"turns":1},{"damage":0,"enemies":"3 Sentries","floor":13,"turns":5},{"damage":0,"enemies":"Large Slime","floor":14,"turns":2},{"damage":4,"enemies":"Exordium Thugs","floor":15,"turns":2},{"damage":28,"enemies":"downfall:Watcher","floor":16,"turns":4}],"seed_played":"-6693292817481976294","potions_obtained":[{"floor":8,"key":"Fire Potion"},{"floor":10,"key":"sneckomod:MuddlingPotion"},{"floor":11,"key":"Energy Potion"},{"floor":15,"key":"sneckomod:MuddlingPotion"}],"is_trial":false,"path_per_floor":["R","M","?","?","M","$","T","E","R","M","M","R","E","M","M","B"],"character_chosen":"THE_STARBREAKER","items_purchased":[],"campfire_rested":1,"item_purchase_floors":[],"current_hp_per_floor":[66,59,64,43,43,38,38,6,27,22,22,22,22,22,18,0,0],"gold":31,"neow_bonus":"TEN_PERCENT_HP_BONUS","is_daily":false,"chose_seed":false,"campfire_upgraded":2,"win_rate":0.0,"timestamp":1609791052,"path_taken":["R","M","?","?","M","$","T","E","R","M","M","R","E","M","M","BOSS"],"items_purchased_type":[],"build_version":"2020-12-18","purchased_purges":0,"victory":false,"max_hp_per_floor":[66,66,71,71,71,71,71,71,71,71,71,71,71,71,71,71,71],"relic_stats":{"counters":[10,31],"Pen Nib":[2],"Orichalcum":[60],"Boot":[21],"obtain_stats":[{"Du-Vu Doll":8,"Moonworks:Homemark":0,"Pen Nib":13,"Orichalcum":7,"Boot":4,"Moonworks:BrokenBomb":0},{"Du-Vu Doll":4,"Moonworks:Homemark":0,"Pen Nib":7,"Orichalcum":3,"Boot":1,"Moonworks:BrokenBomb":0},{"Du-Vu Doll":15,"Moonworks:Homemark":0,"Pen Nib":23,"Orichalcum":8,"Boot":2,"Moonworks:BrokenBomb":0}]},"card_choices":[{"not_picked":["Moonworks:IndiscriminateFireSupport","Moonworks:SealedMemories"],"picked":"Moonworks:ImOnFire","floor":2},{"not_picked":["Moonworks:Flamethrower","Moonworks:LulusLuckyEgg"],"picked":"Moonworks:Assault","floor":5},{"not_picked":["Moonworks:SakisCookie","Moonworks:LuckyCharm"],"picked":"Moonworks:FullSpeedAlicianrone","floor":6},{"not_picked":["Moonworks:NicePresent","Moonworks:IndiscriminateFireSupport"],"picked":"Moonworks:CompletionReward","floor":8},{"not_picked":["Moonworks:Dash","Moonworks:UnpaidWork"],"picked":"Moonworks:BeyondHell","floor":10},{"not_picked":["Moonworks:IndiscriminateFireSupport","Moonworks:ForcedRevival"],"picked":"Moonworks:DeployBits","floor":11},{"not_picked":["Moonworks:RagingMadness","Moonworks:WindyEnchantment"],"picked":"Moonworks:Heat300Percent","floor":13},{"not_picked":["Moonworks:ScrambledEve","Moonworks:Assault"],"picked":"Moonworks:EvilSpyWorkPreparation","floor":14},{"not_picked":["Moonworks:Assault","Moonworks:SakisCookie"],"picked":"Moonworks:TacticalRetreat","floor":15}],"player_experience":160822,"relics_obtained":[{"floor":7,"key":"Orichalcum"},{"floor":8,"key":"Du-Vu Doll"},{"floor":13,"key":"Pen Nib"}],"event_choices":[{"damage_healed":0,"gold_gain":0,"player_choice":"Donut","damage_taken":0,"max_hp_gain":5,"max_hp_loss":0,"event_name":"Big Fish","floor":3,"gold_loss":0}],"is_beta":true,"boss_relics":[],"items_purged_floors":[],"is_endless":false,"potions_floor_spawned":[8,10,11,15],"killed_by":"downfall:Watcher","ascension_level":0}}