{"host":"Sumable","time":1609718729,"event":{"mods":["AchievementEnabler","BaseMod","Better Note","BetterRewards","Googly Eyes","Hermit","Minty Spire (QoL Compilation)","Quick Restart","Shop Mod","StSLib","The Cursed","everything is the same but u backflip on backflip","slay the spire mod where everything is the same but ironclad has a cowboy hat"],"gold_per_floor":[117,117,117,137,87,122,122,147,193,193,210,210,225,254,254,254,254],"floor_reached":16,"playtime":1086,"items_purged":[],"score":236,"play_id":"73ae9297-dd24-439a-8a2f-1c567967c794","local_time":"20210103170529","is_ascension_mode":true,"campfire_choices":[{"data":"Clothesline","floor":7.0,"key":"SMITH"},{"floor":10.0,"key":"REST"},{"floor":15.0,"key":"REST"}],"circlet_count":0,"master_deck":["AscendersBane","Strike_R","Strike_R","Strike_R","Defend_R","Defend_R","Defend_R","Defend_R","Bash+1","Clothesline+1","Dropkick+1","Intimidate","Shrug It Off","Inflame","Corruption","Shrug It Off"],"relics":["Burning Blood","NeowsBlessing","Toy Ornithopter","Smiling Mask","Whetstone","Paper Frog","Boot"],"acts_visited":["Exordium"],"potions_floor_usage":[],"damage_taken":[{"damage":0.0,"enemies":"2 Louse","floor":1.0,"turns":1.0},{"damage":0.0,"enemies":"Cultist","floor":4.0,"turns":1.0},{"damage":0.0,"enemies":"Gremlin Nob","floor":6.0,"turns":1.0},{"damage":45.0,"enemies":"Lagavulin","floor":8.0,"turns":7.0},{"damage":12.0,"enemies":"Small Slimes","floor":11.0,"turns":4.0},{"damage":9.0,"enemies":"Exordium Wildlife","floor":13.0,"turns":3.0},{"damage":37.0,"enemies":"3 Sentries","floor":14.0,"turns":7.0},{"damage":64,"enemies":"Slime Boss","floor":16,"turns":9}],"seed_played":"3070666592769842751","potions_obtained":[{"floor":4.0,"key":"Dexterity Potion"},{"floor":11.0,"key":"Energy Potion"},{"floor":13.0,"key":"DuplicationPotion"}],"is_trial":false,"path_per_floor":["M","$","?","M","?","E","R","E","T","R","M","T","M","E","R","B"],"character_chosen":"IRONCLAD","items_purchased":[],"campfire_rested":2,"item_purchase_floors":[],"current_hp_per_floor":[78,78,78,80,80,80,80,41,41,65,59,59,61,35,59,0,0],"gold":254,"neow_bonus":"THREE_ENEMY_KILL","is_daily":false,"chose_seed":false,"campfire_upgraded":1,"win_rate":0.0,"timestamp":1609718729,"path_taken":["M","$","?","?","?","E","R","E","T","R","M","?","M","E","R","BOSS"],"items_purchased_type":[],"build_version":"2020-12-18","purchased_purges":0,"victory":false,"max_hp_per_floor":[80,80,80,80,80,80,80,80,80,80,80,80,80,80,80,80,80],"card_choices":[{"not_picked":["Wild Strike","Sword Boomerang"],"picked":"Clothesline","floor":1.0},{"not_picked":["Armaments","Dual Wield"],"picked":"Dropkick","floor":4.0},{"not_picked":["Clothesline","Fire Breathing"],"picked":"Intimidate","floor":6.0},{"not_picked":["Evolve","Battle Trance"],"picked":"Shrug It Off","floor":8.0},{"not_picked":["Body Slam","Twin Strike"],"picked":"Inflame","floor":11.0},{"not_picked":["Hemokinesis","Anger"],"picked":"Corruption","floor":13.0},{"not_picked":["Headbutt","Clothesline"],"picked":"Shrug It Off","floor":14.0}],"player_experience":1033451,"relics_obtained":[{"floor":6.0,"key":"Toy Ornithopter"},{"floor":8.0,"key":"Smiling Mask"},{"floor":9.0,"key":"Whetstone"},{"floor":12.0,"key":"Paper Frog"},{"floor":14.0,"key":"Boot"}],"event_choices":[{"cards_removed":["Strike_R"],"damage_healed":0.0,"max_hp_gain":0.0,"max_hp_loss":0.0,"gold_gain":0.0,"event_name":"Purifier","player_choice":"Purged","floor":3.0,"gold_loss":0.0,"damage_taken":0.0},{"cards_removed":["Strike_R"],"damage_healed":0.0,"max_hp_gain":0.0,"max_hp_loss":0.0,"gold_gain":0.0,"event_name":"The Cleric","player_choice":"Card Removal","floor":5.0,"gold_loss":50.0,"damage_taken":0.0}],"is_beta":true,"boss_relics":[],"items_purged_floors":[],"is_endless":false,"potions_floor_spawned":[4,11,13],"killed_by":"Slime Boss","ascension_level":13}}