{"host":"Timothy","time":1609744859,"event":{"mods":["AchievementEnabler","BaseMod","Bestiary","Highlight Path","Minty Spire (QoL Compilation)","Quick Restart","Slay-I"],"gold_per_floor":[116,116,116,126,126,51,51,63,88,88,88,88],"floor_reached":11,"playtime":367,"items_purged":["Dualcast"],"score":61,"play_id":"21ca58c2-c62c-4e8f-806a-d55ade0a5a7e","local_time":"20210103232059","is_ascension_mode":false,"campfire_choices":[{"data":"Genetic Algorithm","floor":7,"key":"SMITH"}],"circlet_count":0,"master_deck":["Strike_B","Strike_B","Strike_B","Strike_B","Defend_B+1","Defend_B","Defend_B","Defend_B","Genetic Algorithm+1","BootSequence","Fusion+1","Defend_G"],"relics":["Nuclear Battery","Art of War","Meat on the Bone","War Paint"],"acts_visited":["Exordium"],"potions_floor_usage":[11],"damage_taken":[{"damage":4,"enemies":"2 Louse","floor":1,"turns":3},{"damage":2,"enemies":"Jaw Worm","floor":4,"turns":5},{"damage":0,"enemies":"Cultist","floor":8,"turns":5},{"damage":76,"enemies":"Lagavulin","floor":11,"turns":15}],"seed_played":"-6846853987242809995","potions_obtained":[{"floor":8,"key":"Weak Potion"}],"is_trial":false,"path_per_floor":["M","?","$","M","T","$","R","M","T","?","E"],"character_chosen":"DEFECT","items_purchased":[],"campfire_rested":0,"item_purchase_floors":[],"current_hp_per_floor":[71,68,68,66,66,66,66,66,66,66,0,0],"gold":88,"neow_bonus":"BOSS_RELIC","is_daily":false,"chose_seed":false,"campfire_upgraded":1,"win_rate":0.0,"timestamp":1609744859,"path_taken":["M","?","$","M","?","$","R","M","T","?","E"],"items_purchased_type":[],"build_version":"2020-12-18","purchased_purges":1,"victory":false,"max_hp_per_floor":[75,75,75,75,75,75,75,75,75,75,75,75],"card_choices":[{"not_picked":["Ball Lightning","Reprogram"],"picked":"Genetic Algorithm","floor":1},{"not_picked":["Steam","Consume"],"picked":"BootSequence","floor":4},{"not_picked":["Barrage","Hologram"],"picked":"Fusion","floor":8}],"player_experience":731640,"relics_obtained":[{"floor":5,"key":"Meat on the Bone"},{"floor":9,"key":"War Paint"}],"event_choices":[{"damage_healed":0,"gold_gain":0,"player_choice":"Success","damage_taken":3,"relics_obtained":["Art of War"],"max_hp_gain":0,"max_hp_loss":0,"event_name":"Scrap Ooze","floor":2,"gold_loss":0},{"cards_removed":["Zap"],"damage_healed":0,"gold_gain":0,"player_choice":"Took Card","damage_taken":0,"max_hp_gain":0,"max_hp_loss":0,"event_name":"NoteForYourself","floor":10,"gold_loss":0,"cards_obtained":["Defend_G"]}],"is_beta":true,"boss_relics":[],"items_purged_floors":[6],"is_endless":false,"potions_floor_spawned":[8],"killed_by":"Lagavulin","ascension_level":0}}