{"host":"irqpc5dtltfquxh7","time":1609786284,"event":{"mods":["2.2 Compatiblity","AchievementEnabler","Act Like it!","Aspiration","BaseMod","Better Third Choice","BetterRewards","CapriCore","Colored Map","Colored Powertips","Conspire","Friendly Minions","Gensokyo","Halation","Highlight Path","Hubris","Infinite Spire","Jedi Mod","Minty Spire (QoL Compilation)","MostiFishMod","Permanent Neow","Replay The Spire","RumiaBox-????????","Shop Mod","Spicy Shops","Spikes Relics","StSLib","Strawberry Spire","Unknown Chances","Waifu the Spire","vexMod"],"gold_per_floor":[118,136,156,156,172,207,225,236,236,251,251,277,277,311,311,406,406,422,343,358,358,358,358,392,407,407,440,440,440,425,445,445,545,545,560,45,63,63,63,63,63,88,113,113,113,128,53,93,93,93],"floor_reached":51,"playtime":3152,"items_purged":["Clumsy"],"score":838,"play_id":"9ea56687-7545-479a-9bc8-72c627fa4049","local_time":"20210105005124","is_ascension_mode":false,"campfire_choices":[{"data":"conspire:Charge","floor":13,"key":"SMITH"},{"data":"Metallicize","floor":15,"key":"SMITH"},{"data":"Gensokyo:HAARP","floor":23,"key":"SMITH"},{"data":"Barricade","floor":28,"key":"SMITH"},{"data":"strawberrySpire:Harvest","floor":40,"key":"SMITH"},{"data":"Gensokyo:TurboGranny","floor":45,"key":"SMITH"},{"floor":49,"key":"REST"},{"data":"MostiFishMod:FlyOverUtopia","floor":49,"key":"SMITH"}],"circlet_count":0,"master_deck":["Strike_R","Strike_R","Strike_R+1","Strike_R","Strike_R","Defend_R","Defend_R","Defend_R+1","Defend_R","Bash","Hemokinesis","Pummel","Exhume","MostiFishMod:UltimateDefense","Metallicize+1","Intimidate","Defy Death","conspire:Charge+1","Replay:Undeath\u0027s Touch","Replay:Undeath\u0027s Touch","Barricade+1","Inflame+1","Blood for Blood","ReplayTheSpireMod:Echoes of Time+1","Gensokyo:HAARP+1","Combust+1","Shockwave+1","Blood for Blood+1","strawberrySpire:Harvest+1","Gensokyo:BlemishedSteel","Gensokyo:Shovel","Gensokyo:ScrapIron","Gensokyo:TurboGranny+1","Iron Wave","MostiFishMod:FlyOverUtopia+1","strawberrySpire:CrashLanding"],"relics":["Burning Blood","DaveBox","FeatherPendant","SSSystem","SynthV:TestCard","Kunai","Replay:Kaleidoscope","Gensokyo:NagashiBinaDoll","Juzu Bracelet","Replay:Ringing Soul","Runic Cube","halation:OrihimeAndHikoboshiSamaAndTears","War Paint","strawberrySpire:BonfireDress","halation:SelfBoilingWater","infinitespire:SolderingIron","RhineSuit","halation:Sosunser","Snack Pack","MagicDraw3","Replay:Rubber Ducky","infinitespire:Magic Flask"],"acts_visited":["Gensokyo:Gensokyo","Gensokyo:Gensokyoer","Gensokyo:Gensokyoest"],"potions_floor_usage":[7,16,16,27,27,50],"damage_taken":[{"damage":7,"enemies":"Gensokyo:Gryphon","floor":1,"turns":2},{"damage":0,"enemies":"Gensokyo:Python","floor":2,"turns":2},{"damage":4,"enemies":"Gensokyo:2_Kodama","floor":3,"turns":2},{"damage":0,"enemies":"Gensokyo:VengefulSpirit","floor":5,"turns":2},{"damage":6,"enemies":"Gensokyo:Mamizou","floor":6,"turns":4},{"damage":4,"enemies":"Gensokyo:3_Kodama","floor":7,"turns":4},{"damage":0,"enemies":"Gensokyo:Kitsune","floor":8,"turns":3},{"damage":0,"enemies":"Gensokyo:VengefulSpirit","floor":10,"turns":4},{"damage":6,"enemies":"Gensokyo:Cirno","floor":12,"turns":9},{"damage":4,"enemies":"Gensokyo:Mamizou","floor":14,"turns":6},{"damage":5,"enemies":"Gensokyo:Yukari","floor":16,"turns":8},{"damage":10,"enemies":"Gensokyo:3_Dogs","floor":18,"turns":4},{"damage":0,"enemies":"Gensokyo:Chomper","floor":20,"turns":3},{"damage":26,"enemies":"Gensokyo:Tenshi","floor":24,"turns":3},{"damage":30,"enemies":"Gensokyo:Wraith","floor":25,"turns":3},{"damage":0,"enemies":"conspire:MimicChest","floor":27,"turns":5},{"damage":40,"enemies":"Gensokyo:Swordslinger","floor":31,"turns":3},{"damage":34,"enemies":"Gensokyo:Eiki","floor":33,"turns":6},{"damage":2,"enemies":"Gensokyo:AncientGuardian","floor":35,"turns":3},{"damage":22,"enemies":"Gensokyo:3_Boulders","floor":37,"turns":3},{"damage":0,"enemies":"Gensokyo:Marisa","floor":42,"turns":3},{"damage":0,"enemies":"Gensokyo:Dusk_and_Dawn","floor":46,"turns":1},{"damage":28,"enemies":"Gensokyo:Shinki","floor":50,"turns":8}],"seed_played":"2914103162496865302","potions_obtained":[{"floor":3,"key":"Swift Potion"},{"floor":6,"key":"Strength Potion"},{"floor":7,"key":"jedi:wingpotion"},{"floor":8,"key":"jedi:holywater"},{"floor":24,"key":"Energy Potion"},{"floor":25,"key":"Weak Potion"},{"floor":27,"key":"jedi:wingpotion"},{"floor":37,"key":"BloodPotion"},{"floor":42,"key":"Adrenaline Potion"}],"is_trial":false,"path_per_floor":["M","M","M","COS","M","E","M","M","T","M","?","E","R","E","R","B",null,"M","COS","M","AVR","?","R","E","M","T","?","R","?","?","M","R_BF","B",null,"M","COS","M","?","?","R","?","E","T","HB","R","M","$","?","R","B",null],"character_chosen":"IRONCLAD","items_purchased":[],"campfire_rested":1,"item_purchase_floors":[],"current_hp_per_floor":[79,80,80,80,80,80,80,80,80,80,80,80,80,83,83,86,86,85,88,95,98,92,92,75,54,54,63,63,63,87,56,56,31,107,107,110,94,94,94,94,94,107,107,57,57,60,60,39,57,63],"gold":93,"neow_bonus":"RANDOM_COMMON_RELIC","is_daily":false,"chose_seed":false,"campfire_upgraded":7,"win_rate":0.0,"timestamp":1609786284,"path_taken":["M","M","?","COS","M","E","?","M","T","M","?","E","R","E","R","BOSS","M","COS","M","AVR","?","R","E","M","T","?","R","?","?","M","R_BF","BOSS","M","COS","M","?","?","R","?","E","T","HB","R","M","?","?","R","BOSS"],"items_purchased_type":[],"build_version":"2020-12-22","purchased_purges":1,"victory":true,"max_hp_per_floor":[80,80,80,80,80,80,80,80,80,80,80,80,80,83,83,86,86,89,92,95,98,92,92,95,98,98,101,101,101,101,104,104,107,107,107,110,110,110,110,110,110,113,113,57,57,60,60,63,63,63],"card_choices":[{"not_picked":["Warcry","Havoc"],"picked":"Hemokinesis","floor":1},{"not_picked":["strawberrySpire:ZonePlayer","ReplayTheSpireMod:Limb From Limb","Thunderclap","strawberrySpire:DebrisPile"],"picked":"Pummel","floor":2},{"not_picked":["Twin Strike","strawberrySpire:Endurance","strawberrySpire:DraftPunk","True Grit"],"picked":"Exhume","floor":3},{"not_picked":["jedi:fear","Twin Strike","Thunderclap","Evolve"],"picked":"MostiFishMod:UltimateDefense","floor":5},{"not_picked":["Heavy Blade","ReplayTheSpireMod:Limb From Limb","Thunderclap","Perfected Strike"],"picked":"Metallicize","floor":6},{"not_picked":["Wild Strike","jedi:controlledanger","hubris:ReadiedAction","Heavy Blade"],"picked":"Intimidate","floor":7},{"not_picked":["Fire Breathing","Massacre","Anger","strawberrySpire:DraftPunk"],"picked":"Defy Death","floor":8},{"not_picked":["Anger","Run Through","strawberrySpire:Aggression","Burning Pact"],"picked":"conspire:Charge","floor":10},{"not_picked":["hubris:ReadiedAction","strawberrySpire:Hellbender","Iron Wave","Fire Breathing"],"picked":"Replay:Undeath\u0027s Touch","floor":12},{"not_picked":["Demonic Infusion","ReplayTheSpireMod:Limb From Limb","Anger","Clash"],"picked":"Replay:Undeath\u0027s Touch","floor":14},{"not_picked":["Impervious","MostiFishMod:NewArrival","MostiFishMod:RainCloud","Reaper"],"picked":"Barricade","floor":16},{"not_picked":["Wild Strike","strawberrySpire:Endurance","jedi:fear","Pommel Strike"],"picked":"Inflame+1","floor":18},{"not_picked":["Abandon","Iron Wave","jedi:MakeshiftSword","Havoc"],"picked":"Blood for Blood","floor":20},{"not_picked":["Gensokyo:SpontaneousHumanCombustion","Gensokyo:MonkeysPaw","Gensokyo:EightFeetTall","Gensokyo:RedCapeBlueCape"],"picked":"Gensokyo:HAARP","floor":22},{"not_picked":["Evolve","Body Slam+1","strawberrySpire:Taunt","strawberrySpire:Incursion"],"picked":"Combust+1","floor":24},{"not_picked":["hubris:SharpeningStone","Rage","Evolve+1","Clothesline"],"picked":"Shockwave+1","floor":25},{"not_picked":["Uppercut","Dropkick","Cleave","strawberrySpire:DraftPunk"],"picked":"Shockwave+1","floor":27},{"not_picked":["Bludgeon","Sword Boomerang+1","Warcry+1","strawberrySpire:FireDrill"],"picked":"Blood for Blood+1","floor":31},{"not_picked":["MostiFishMod:OrdinaryWorld","MostiFishMod:FlyOverUtopia","MostiFishMod:FireWorks","MostiFishMod:HellRitual"],"picked":"strawberrySpire:Harvest","floor":33},{"not_picked":["Rage+1","Fire Breathing+1","Infernal Blade","Power Through","Anger"],"picked":"SKIP","floor":35},{"not_picked":["ReplayTheSpireMod:Strike From Hell","Twin Strike+1","Rage","Headbutt","Sword Boomerang"],"picked":"SKIP","floor":37},{"not_picked":["strawberrySpire:Endurance","Anger","Run Through+1","Clash"],"picked":"Iron Wave","floor":42},{"not_picked":["Run Through","Ghostly Armor","Armaments+1","jedi:fear"],"picked":"MostiFishMod:FlyOverUtopia","floor":46},{"not_picked":["ReplayTheSpireMod:Strike From Hell","Pommel Strike","hubris:SharpeningStone","strawberrySpire:FireDrill+1"],"picked":"strawberrySpire:CrashLanding","floor":48}],"player_experience":401959,"relics_obtained":[{"floor":1,"key":"SynthV:TestCard"},{"floor":6,"key":"Kunai"},{"floor":9,"key":"Replay:Kaleidoscope"},{"floor":12,"key":"Juzu Bracelet"},{"floor":14,"key":"Replay:Ringing Soul"},{"floor":24,"key":"halation:OrihimeAndHikoboshiSamaAndTears"},{"floor":26,"key":"War Paint"},{"floor":27,"key":"halation:SelfBoilingWater"},{"floor":42,"key":"MagicDraw3"},{"floor":43,"key":"Replay:Rubber Ducky"},{"floor":48,"key":"infinitespire:Magic Flask"}],"event_choices":[],"is_beta":false,"boss_relics":[{"not_picked":["Fusion Hammer","Cursed Key"],"picked":"Runic Cube"},{"not_picked":["TimeKeys","FixedStarFall"],"picked":"RhineSuit"}],"items_purged_floors":[47],"is_endless":false,"potions_floor_spawned":[3,6,7,8,24,25,27,37,42],"ascension_level":0}}