{"host":"8rwnpls8n88jrgbg","time":1609770127,"event":{"mods":["AchievementEnabler","BaseMod","Colored Map","Colored Powertips","DeckTracker","Keyboard Shortcuts","Minty Spire (QoL Compilation)","Relic Stats","StSLib","SuperFastMode"],"gold_per_floor":[119,119,130,130,36,36,71,71,71,89,14,29,43,68,68,139,139,157,157,82,94,94,94,124,144,219,233,260,279,279,179,179,252,252,269,285,335,354,364,391,391,391,443,477,488,488,488,515,515,515,515],"floor_reached":50,"playtime":3432,"items_purged":["Strike_G","Defend_G"],"score":1360,"play_id":"8c83d3db-248a-4cec-9cbf-7a63d4419b28","local_time":"20210104232207","is_ascension_mode":true,"campfire_choices":[{"data":"Accuracy","floor":6.0,"key":"SMITH"},{"data":"Blade Dance","floor":8.0,"key":"SMITH"},{"data":"Blade Dance","floor":15.0,"key":"SMITH"},{"data":"Strike_G","floor":23.0,"key":"PURGE"},{"data":"Strike_G","floor":30.0,"key":"PURGE"},{"data":"Defend_G","floor":32.0,"key":"PURGE"},{"data":"Defend_G","floor":41.0,"key":"PURGE"},{"data":"Wraith Form v2","floor":46,"key":"SMITH"},{"floor":49,"key":"RECALL"}],"circlet_count":0,"master_deck":["AscendersBane","Defend_G+1","Defend_G+1","Survivor","Neutralize","Dagger Throw","Blade Dance+1","Accuracy+1","Blade Dance+1","Malaise","Corpse Explosion","CurseOfTheBell","Acrobatics","Escape Plan+1","Crippling Poison","Tactician+1","Dodge and Roll+1","Wraith Form v2+1","Blade Dance+1","Blur","PiercingWail","Impatience"],"relics":["Ring of the Snake","NeowsBlessing","Oddly Smooth Stone","CaptainsWheel","Thread and Needle","Eternal Feather","Calling Bell","Bronze Scales","Letter Opener","Peace Pipe","Shovel","Mummified Hand","Sozu","War Paint","Bag of Marbles","Bottled Lightning","Kunai"],"acts_visited":["Exordium","TheCity","TheBeyond"],"potions_floor_usage":[],"damage_taken":[{"damage":0.0,"enemies":"2 Louse","floor":1.0,"turns":1.0},{"damage":0.0,"enemies":"Cultist","floor":3.0,"turns":1.0},{"damage":0.0,"enemies":"Lagavulin","floor":7.0,"turns":1.0},{"damage":0.0,"enemies":"Jaw Worm","floor":10.0,"turns":2.0},{"damage":0.0,"enemies":"Exordium Wildlife","floor":12.0,"turns":3.0},{"damage":0.0,"enemies":"Exordium Thugs","floor":13.0,"turns":3.0},{"damage":1.0,"enemies":"3 Sentries","floor":14.0,"turns":7.0},{"damage":0.0,"enemies":"Hexaghost","floor":16.0,"turns":9.0},{"damage":0.0,"enemies":"Chosen","floor":18.0,"turns":3.0},{"damage":0.0,"enemies":"2 Thieves","floor":21.0,"turns":5.0},{"damage":19.0,"enemies":"Book of Stabbing","floor":24.0,"turns":6.0},{"damage":0.0,"enemies":"Snecko","floor":25.0,"turns":4.0},{"damage":0.0,"enemies":"Cultist and Chosen","floor":27.0,"turns":3.0},{"damage":6.0,"enemies":"Slavers","floor":28.0,"turns":4.0},{"damage":11.0,"enemies":"Snake Plant","floor":29.0,"turns":4.0},{"damage":5.0,"enemies":"Collector","floor":33.0,"turns":6.0},{"damage":0.0,"enemies":"3 Shapes","floor":35.0,"turns":1.0},{"damage":1.0,"enemies":"Orb Walker","floor":36.0,"turns":3.0},{"damage":8.0,"enemies":"Sphere and 2 Shapes","floor":38.0,"turns":4.0},{"damage":24.0,"enemies":"Maw","floor":39.0,"turns":9.0},{"damage":7.0,"enemies":"Reptomancer","floor":40.0,"turns":7.0},{"damage":0,"enemies":"Giant Head","floor":44,"turns":5},{"damage":0,"enemies":"4 Shapes","floor":45,"turns":3},{"damage":19,"enemies":"Nemesis","floor":48,"turns":5},{"damage":30,"enemies":"Time Eater","floor":50,"turns":12}],"seed_played":"4147504894785496479","potions_obtained":[{"floor":3.0,"key":"Energy Potion"},{"floor":10.0,"key":"SneckoOil"},{"floor":12.0,"key":"GhostInAJar"},{"floor":14.0,"key":"EssenceOfSteel"},{"floor":16.0,"key":"FearPotion"},{"floor":18.0,"key":"Strength Potion"},{"floor":21.0,"key":"PowerPotion"},{"floor":29.0,"key":"FearPotion"}],"is_trial":false,"path_per_floor":["M","?","M","?","$","R","E","R","T","M","?","M","M","E","R","B",null,"M","?","$","M","$","R","E","M","T","M","E","M","R","$","R","B",null,"M","M","?","M","M","E","R","?","T","E","M","R","?","E","R","B"],"character_chosen":"THE_SILENT","items_purchased":["Accuracy","Blade Dance"],"campfire_rested":0,"item_purchase_floors":[5,5],"current_hp_per_floor":[59,39,39,39,39,39,39,39,39,39,39,39,39,38,47,47,61,61,61,61,61,61,66,47,47,47,47,41,30,42,42,51,46,61,61,60,60,52,28,21,33,33,33,33,33,45,35,16,28,0,0],"gold":515,"neow_bonus":"THREE_ENEMY_KILL","is_daily":false,"chose_seed":false,"campfire_upgraded":4,"win_rate":0.0,"timestamp":1609770127,"path_taken":["M","?","M","?","$","R","E","R","T","?","?","M","M","E","R","BOSS","M","?","$","M","?","R","E","M","T","M","E","M","R","$","R","BOSS","M","M","?","?","M","E","R","?","T","E","M","R","?","E","R","BOSS"],"items_purchased_type":["Card","Card"],"build_version":"2020-12-22","purchased_purges":2,"victory":false,"max_hp_per_floor":[66,66,66,66,66,66,66,66,66,66,66,66,66,66,66,66,66,66,66,66,66,66,66,66,66,66,66,66,66,66,66,66,66,66,66,66,66,66,66,66,66,66,66,66,66,66,66,66,66,66,66],"relic_stats":{"Peace Pipe":4,"Sozu":5,"Shovel":0,"counters":[25,111],"Mummified Hand":[21],"Bronze Scales":[281],"Eternal Feather":71,"Letter Opener":[328],"Kunai":[12],"War Paint":["Escape Plan","Tactician"],"obtain_stats":[{"NeowsBlessing":0,"Oddly Smooth Stone":4,"Thread and Needle":9,"Eternal Feather":14,"Letter Opener":17,"War Paint":40,"Calling Bell":17,"Peace Pipe":17,"Sozu":34,"CaptainsWheel":7,"Shovel":24,"Mummified Hand":28,"Bronze Scales":17,"Bag of Marbles":43,"Bottled Lightning":44,"Kunai":48,"Ring of the Snake":0},{"NeowsBlessing":0,"Oddly Smooth Stone":2,"Thread and Needle":3,"Eternal Feather":7,"Letter Opener":8,"War Paint":21,"Calling Bell":8,"Peace Pipe":8,"Sozu":16,"CaptainsWheel":3,"Shovel":11,"Mummified Hand":14,"Bronze Scales":8,"Bag of Marbles":21,"Bottled Lightning":22,"Kunai":24,"Ring of the Snake":0},{"NeowsBlessing":0,"Oddly Smooth Stone":2,"Thread and Needle":3,"Eternal Feather":18,"Letter Opener":27,"War Paint":86,"Calling Bell":27,"Peace Pipe":27,"Sozu":62,"CaptainsWheel":3,"Shovel":41,"Mummified Hand":52,"Bronze Scales":27,"Bag of Marbles":86,"Bottled Lightning":91,"Kunai":99,"Ring of the Snake":0}],"Ring of the Snake":[50]},"card_choices":[{"not_picked":["Leg Sweep","Acrobatics"],"picked":"Dagger Throw","floor":1.0},{"not_picked":["Dodge and Roll","Prepared"],"picked":"Blade Dance","floor":3.0},{"not_picked":["Escape Plan","Slice"],"picked":"Malaise","floor":7.0},{"not_picked":["Caltrops","Flying Knee","Poisoned Stab"],"picked":"SKIP","floor":10.0},{"not_picked":["Underhanded Strike","Bouncing Flask","Concentrate"],"picked":"SKIP","floor":12.0},{"not_picked":["Sucker Punch","Masterful Stab","Slice"],"picked":"SKIP","floor":13.0},{"not_picked":["Cloak And Dagger","Dagger Spray","Predator"],"picked":"SKIP","floor":14.0},{"not_picked":["Bullet Time","Tools of the Trade"],"picked":"Corpse Explosion","floor":16.0},{"not_picked":["Blade Dance","Bouncing Flask"],"picked":"Acrobatics","floor":18.0},{"not_picked":["Endless Agony","Acrobatics","Riddle With Holes"],"picked":"SKIP","floor":21.0},{"not_picked":["Cloak And Dagger","Skewer"],"picked":"Crippling Poison","floor":24.0},{"not_picked":["A Thousand Cuts","Infinite Blades","Dagger Throw"],"picked":"SKIP","floor":25.0},{"not_picked":["Dagger Spray","Dash"],"picked":"Tactician","floor":27.0},{"not_picked":["Corpse Explosion","Dagger Throw","Riddle With Holes"],"picked":"SKIP","floor":28.0},{"not_picked":["Bouncing Flask","Slice"],"picked":"Dodge and Roll+1","floor":29.0},{"not_picked":["Venomology","Die Die Die"],"picked":"Wraith Form v2","floor":33.0},{"not_picked":["Bouncing Flask","Poisoned Stab+1","Masterful Stab"],"picked":"SKIP","floor":35.0},{"not_picked":["All Out Attack","Bane"],"picked":"Blade Dance+1","floor":36.0},{"not_picked":["Predator","Tactician","Sucker Punch"],"picked":"SKIP","floor":38.0},{"not_picked":["Dagger Throw","Concentrate","Sucker Punch"],"picked":"SKIP","floor":39.0},{"not_picked":["Dodge and Roll","Expertise","Deflect"],"picked":"SKIP","floor":40.0},{"not_picked":["Eviscerate","Outmaneuver+1"],"picked":"Blur","floor":44},{"not_picked":["Predator","Leg Sweep"],"picked":"PiercingWail","floor":45},{"not_picked":["PanicButton","Blind"],"picked":"Impatience","floor":47},{"not_picked":["Dash","Terror","Outmaneuver+1"],"picked":"SKIP","floor":48}],"player_experience":1486168,"relics_obtained":[{"floor":7.0,"key":"CaptainsWheel"},{"floor":9.0,"key":"Thread and Needle"},{"floor":14.0,"key":"Eternal Feather"},{"floor":17.0,"key":"Bronze Scales"},{"floor":17.0,"key":"Letter Opener"},{"floor":17.0,"key":"Peace Pipe"},{"floor":24.0,"key":"Shovel"},{"floor":28.0,"key":"Mummified Hand"},{"floor":40.0,"key":"War Paint"},{"floor":43.0,"key":"Bag of Marbles"},{"floor":44,"key":"Bottled Lightning"},{"floor":48,"key":"Kunai"}],"event_choices":[{"damage_healed":0.0,"max_hp_gain":0.0,"max_hp_loss":0.0,"gold_gain":0.0,"event_name":"Shining Light","player_choice":"Entered Light","floor":2.0,"gold_loss":0.0,"damage_taken":20.0,"cards_upgraded":["Defend_G","Defend_G"]},{"damage_healed":0.0,"max_hp_gain":0.0,"max_hp_loss":0.0,"gold_gain":0.0,"event_name":"WeMeetAgain","player_choice":"Gave Potion","floor":4.0,"gold_loss":0.0,"damage_taken":0.0,"relics_obtained":["Oddly Smooth Stone"]},{"cards_removed":["Strike_G"],"damage_healed":0.0,"max_hp_gain":0.0,"max_hp_loss":0.0,"gold_gain":0.0,"event_name":"The Cleric","player_choice":"Card Removal","floor":11.0,"gold_loss":75.0,"damage_taken":0.0},{"damage_healed":0.0,"max_hp_gain":0.0,"max_hp_loss":0.0,"gold_gain":0.0,"cards_transformed":["Strike_G"],"event_name":"Transmorgrifier","player_choice":"Transformed","floor":19.0,"gold_loss":0.0,"damage_taken":0.0,"cards_obtained":["Escape Plan"]},{"damage_healed":0.0,"max_hp_gain":0.0,"max_hp_loss":0.0,"gold_gain":50.0,"event_name":"Golden Shrine","player_choice":"Pray","floor":37.0,"gold_loss":0.0,"damage_taken":0.0},{"damage_healed":0.0,"max_hp_gain":0.0,"max_hp_loss":0.0,"gold_gain":0.0,"event_name":"Tomb of Lord Red Mask","player_choice":"Ignored","floor":42.0,"gold_loss":0.0,"damage_taken":0.0},{"damage_healed":0,"gold_gain":0,"player_choice":"Memory 3","damage_taken":10,"max_hp_gain":0,"max_hp_loss":0,"event_name":"SensoryStone","floor":47,"gold_loss":0}],"is_beta":false,"boss_relics":[{"not_picked":["Fusion Hammer","Runic Pyramid"],"picked":"Calling Bell"},{"not_picked":["Busted Crown","Philosopher\u0027s Stone"],"picked":"Sozu"}],"items_purged_floors":[20,31],"is_endless":false,"potions_floor_spawned":[3,10,12,14,16,18,21,29,35,40,44,45,48],"killed_by":"Time Eater","ascension_level":20}}