{"host":"x1qj4d8ympd5jdqh","time":1609749723,"event":{"mods":["AchievementEnabler","AlwaysNeverKeys","BaseMod","Colored Map","Custom Start","DeckTracker","Highlight Path","Minty Spire (QoL Compilation)","StSLib","SuperFastMode"],"gold_per_floor":[117,186,186,52,69,100,100,100,148,176,190,190,204,222,222,297,297,307,58,76,76,76,76],"floor_reached":22,"playtime":466,"items_purged":["Strike_R","Twin Strike"],"score":438,"play_id":"d81e91b2-3d03-4d85-b472-7d8d9bd04f05","local_time":"20210104174203","is_ascension_mode":true,"campfire_choices":[{"data":"Pommel Strike","floor":7,"key":"SMITH"},{"data":"Rampage","floor":15,"key":"SMITH"}],"circlet_count":0,"master_deck":["AscendersBane","Defend_R+1","Defend_R","Defend_R","Defend_R+1","Bash+1","Pommel Strike+1","Second Wind","Evolve","Anger","Rampage+1","Feel No Pain","Offering","Clothesline+1","Dropkick+1","Thunderclap+1","Deep Breath"],"relics":["Burning Blood","NeowsBlessing","InkBottle","Whetstone","War Paint","HornCleat","Astrolabe"],"acts_visited":["Exordium","TheCity"],"potions_floor_usage":[13],"damage_taken":[{"damage":0,"enemies":"Cultist","floor":1,"turns":1},{"damage":0,"enemies":"Small Slimes","floor":5,"turns":1},{"damage":0,"enemies":"3 Sentries","floor":6,"turns":2},{"damage":32,"enemies":"Gremlin Nob","floor":10,"turns":4},{"damage":4,"enemies":"Jaw Worm","floor":11,"turns":3},{"damage":0,"enemies":"Lots of Slimes","floor":13,"turns":4},{"damage":4,"enemies":"3 Louse","floor":14,"turns":4},{"damage":48,"enemies":"Hexaghost","floor":16,"turns":10},{"damage":30,"enemies":"3 Byrds","floor":18,"turns":5},{"damage":28,"enemies":"Spheric Guardian","floor":20,"turns":4},{"damage":22,"enemies":"Shelled Parasite and Fungi","floor":22,"turns":1}],"seed_played":"-6683915846218952758","potions_obtained":[{"floor":5,"key":"Block Potion"},{"floor":10,"key":"SpeedPotion"},{"floor":16,"key":"Ancient Potion"}],"is_trial":false,"path_per_floor":["M","T","?","$","M","E","R","?","T","E","M","?","M","M","R","B",null,"M","$","M","?","M"],"character_chosen":"IRONCLAD","items_purchased":["Pommel Strike","Deep Breath","Strength Potion"],"campfire_rested":0,"item_purchase_floors":[4,19,19],"current_hp_per_floor":[74,74,79,79,80,80,80,80,80,54,56,56,62,64,64,22,66,42,42,20,36,14,14],"gold":76,"neow_bonus":"THREE_ENEMY_KILL","is_daily":false,"chose_seed":false,"campfire_upgraded":2,"win_rate":0.0,"timestamp":1609749723,"path_taken":["M","?","?","?","?","E","R","?","T","E","M","?","M","M","R","BOSS","M","$","?","?","M"],"items_purchased_type":["Card","Card","Potion"],"build_version":"2020-12-22","purchased_purges":2,"victory":false,"max_hp_per_floor":[75,75,80,80,80,80,80,80,80,80,80,80,80,80,80,80,80,80,80,80,80,80,80],"card_choices":[{"not_picked":["Dark Embrace","Clothesline"],"picked":"Twin Strike","floor":1},{"not_picked":["Body Slam","Pommel Strike"],"picked":"Second Wind","floor":5},{"not_picked":["Combust","Searing Blow"],"picked":"Evolve","floor":6},{"not_picked":["Burning Pact","Seeing Red"],"picked":"Anger","floor":10},{"not_picked":["True Grit","Iron Wave"],"picked":"Rampage","floor":11},{"not_picked":["Rampage","Cleave"],"picked":"Feel No Pain","floor":13},{"not_picked":["Iron Wave","Pommel Strike","Perfected Strike"],"picked":"SKIP","floor":14},{"not_picked":["Berserk","Barricade"],"picked":"Offering","floor":16},{"not_picked":["Armaments+1","Metallicize+1","Twin Strike"],"picked":"SKIP","floor":18},{"not_picked":["Perfected Strike","Twin Strike","Reckless Charge"],"picked":"SKIP","floor":20}],"player_experience":1318837,"relics_obtained":[{"floor":2,"key":"InkBottle"},{"floor":6,"key":"Whetstone"},{"floor":9,"key":"War Paint"},{"floor":10,"key":"HornCleat"}],"event_choices":[{"damage_healed":0,"gold_gain":0,"player_choice":"Donut","damage_taken":0,"max_hp_gain":5,"max_hp_loss":0,"event_name":"Big Fish","floor":3,"gold_loss":0},{"damage_healed":0,"gold_gain":0,"player_choice":"Ignored","damage_taken":0,"max_hp_gain":0,"max_hp_loss":0,"event_name":"Liars Game","floor":8,"gold_loss":0},{"cards_removed":["Strike_R"],"damage_healed":0,"gold_gain":0,"player_choice":"Purged","damage_taken":0,"max_hp_gain":0,"max_hp_loss":0,"event_name":"Purifier","floor":12,"gold_loss":0},{"damage_healed":16,"gold_gain":0,"player_choice":"Heal","damage_taken":0,"max_hp_gain":0,"max_hp_loss":0,"event_name":"The Library","floor":21,"gold_loss":0}],"is_beta":false,"boss_relics":[{"not_picked":["Sozu","Philosopher\u0027s Stone"],"picked":"Astrolabe"}],"items_purged_floors":[4,19],"is_endless":false,"potions_floor_spawned":[5,10,11,16,18],"killed_by":"Shelled Parasite and Fungi","ascension_level":20}}