{"host":"zpgqcfwzjt3ivxzp","time":1609753868,"event":{"mods":["BaseMod","Better Altar","Better Match","Better Note","Better Sensory Stone","Better Skull","Better Third Choice","BetterRewards","Card Forge","Colored Map","Colored Powertips","Custom Start","Highlight Path","Infinite Spire","Minty Spire (QoL Compilation)","Quick Restart","Replay The Spire","StSLib","The Senshi"],"gold_per_floor":[118,118,130,144,162,192,192,222,222,237,237,237,237,267,267,341,341,355,315,69,86,100,133,48,74,149,167,184,184,214,314,314,389,389,424,472,472,520,568,638,638,711,787,855,926,926,1017,541,541,541,541,541,136,178,178],"floor_reached":56,"playtime":5433,"items_purged":["theSenshi:SailorKick","theSenshi:RoseThrow","theSenshi:SailorKick","theSenshi:SailorBlock","theSenshi:SailorBlock"],"score":2869,"play_id":"bf74f912-203d-4546-b425-d3287140925a","local_time":"20210104035108","is_ascension_mode":true,"campfire_choices":[{"data":"theSenshi:MoonPrismPowerMakeUp","floor":7,"key":"SMITH"},{"floor":41,"key":"RECALL"},{"data":"theSenshi:IWillPunishYou","floor":46,"key":"SMITH"},{"data":"infinitespire:Collect","floor":49,"key":"SMITH"},{"floor":52,"key":"REST"}],"circlet_count":2,"master_deck":["AscendersBane","theSenshi:MoonPrismPowerMakeUp+1","theSenshi:MoonKick+1","theSenshi:MoonCrystalPowerMakeUp+1","theSenshi:MoonHealingEscalation+1","Bandage Up+1","theSenshi:MoonCrystalPowerMakeUp+1","theSenshi:MoonPrincessHalation+1","theSenshi:TallSilhouette+1","theSenshi:MoonCrisisMakeUp+1","theSenshi:TallSilhouette+1","Panacea+1","theSenshi:YouCanTalk+1","Deep Breath+1","theSenshi:MoonTiaraMagic+1","theSenshi:MoonGorgeousMeditation+1","theSenshi:MoonPunch+1","theSenshi:MoonPunch+1","theSenshi:InTheNameOfTheMoon+1","theSenshi:MoonPunch+1","theSenshi:TallSilhouette+1","theSenshi:MoonGorgeousMeditation+1","theSenshi:IWillPunishYou+1","Insight+1","infinitespire:Collect+1","theSenshi:MoonCrisisMakeUp+1"],"relics":["theSenshi:TransformationBroochRelic","Hammer of Thor","Seething Fire","Anvil of the Gods","theSenshi:RedHairPiecesRelic","Molten Egg 2","Pen Nib","theSenshi:CutieMoonRodRelic","theSenshi:SailorFukuRelic","ClockworkSouvenir","BargainBundle","Blue Doll","infinitespire:PuzzleCube","Prayer Wheel","Bird Faced Urn","Art of War","Circlet","Guide Book","Lizard Tail","ReplayTheSpireMod:TigerMarble","theSenshi:SuperSailorFukuRelic","Ginger","Replay:Ringing Soul","theSenshi:HolyMoonChaliceRelic","infinitespire:EvilPickle","Sozu","Vajra","Strawberry","InkBottle","infinitespire:Beetle Shell","ReplayTheSpireMod:Shallot"],"acts_visited":["TheCity","TheBeyond","TheEnding"],"potions_floor_usage":[6,20,23,31,40,55],"damage_taken":[{"damage":0,"enemies":"Cultist","floor":1,"turns":4},{"damage":1,"enemies":"2 Louse","floor":3,"turns":3},{"damage":0,"enemies":"Small Slimes","floor":4,"turns":3},{"damage":14,"enemies":"Looter","floor":5,"turns":3},{"damage":0,"enemies":"Nightmare","floor":6,"turns":1},{"damage":0,"enemies":"Lagavulin","floor":8,"turns":4},{"damage":6,"enemies":"Large Slime","floor":10,"turns":4},{"damage":6,"enemies":"3 Sentries","floor":14,"turns":3},{"damage":0,"enemies":"Slime Boss","floor":16,"turns":4},{"damage":3,"enemies":"Chosen","floor":18,"turns":3},{"damage":10,"enemies":"2 Thieves","floor":21,"turns":2},{"damage":6,"enemies":"Snecko","floor":22,"turns":4},{"damage":8,"enemies":"Gremlin Leader","floor":23,"turns":3},{"damage":19,"enemies":"Replay:Snechameleon","floor":25,"turns":5},{"damage":0,"enemies":"3 Cultists","floor":27,"turns":3},{"damage":0,"enemies":"Cultist and Chosen","floor":28,"turns":4},{"damage":0,"enemies":"Book of Stabbing","floor":30,"turns":5},{"damage":6,"enemies":"Colosseum Slavers","floor":31,"turns":4},{"damage":0,"enemies":"Colosseum Nobs","floor":31,"turns":2},{"damage":19,"enemies":"Pondfish","floor":33,"turns":5},{"damage":0,"enemies":"Orb Walker","floor":35,"turns":4},{"damage":0,"enemies":"3 Shapes","floor":36,"turns":4},{"damage":0,"enemies":"Transient","floor":38,"turns":5},{"damage":0,"enemies":"Sphere and 2 Shapes","floor":39,"turns":1},{"damage":5,"enemies":"R_Hoarder","floor":40,"turns":6},{"damage":39,"enemies":"Nemesis","floor":42,"turns":5},{"damage":0,"enemies":"Writhing Mass","floor":44,"turns":3},{"damage":14,"enemies":"Maw","floor":45,"turns":5},{"damage":0,"enemies":"R_Hoarder","floor":47,"turns":6},{"damage":8,"enemies":"Donu and Deca","floor":50,"turns":5},{"damage":5,"enemies":"Shield and Spear","floor":54,"turns":4},{"damage":0,"enemies":"The Heart","floor":55,"turns":8}],"seed_played":"3949499680897050341","potions_obtained":[{"floor":5,"key":"infinitespire:BlackPotion"},{"floor":6,"key":"Energy Potion"},{"floor":21,"key":"SkillPotion"},{"floor":25,"key":"Elixir"},{"floor":30,"key":"SkillPotion"},{"floor":33,"key":"Fire Potion"}],"is_trial":false,"path_per_floor":["M","$","M","M","M","NM","R","E","T","M","?","?","?","E","R_BF","B",null,"M","?","$","M","M","E","?","E","T","M","M","?","E","?","R_BF","B",null,"M","M","?","M","M","E","R","E","T","M","M","R","E","?","R","B",null,"R","$","E","B",null],"character_chosen":"THE_SENSHI","items_purchased":["theSenshi:RedHairPiecesRelic","Molten Egg 2","theSenshi:MoonKick+1","theSenshi:MoonCrystalPowerMakeUp","theSenshi:MoonHealingEscalation","Bandage Up","theSenshi:MoonCrystalPowerMakeUp","theSenshi:MoonTwilightFlash+1","Pen Nib","theSenshi:CutieMoonRodRelic","theSenshi:MoonTiaraMagic+1","theSenshi:MoonPrincessHalation+1","theSenshi:TallSilhouette","theSenshi:SailorFukuRelic","theSenshi:MoonCrisisMakeUp","theSenshi:TallSilhouette","Panacea","ClockworkSouvenir","BargainBundle","theSenshi:YouCanTalk","Deep Breath","Explosive Potion","Strength Potion","theSenshi:MoonTiaraMagic+1","theSenshi:MoonGorgeousMeditation+1","Blue Doll","Guide Book","Fruit Juice","InkBottle","infinitespire:Beetle Shell"],"campfire_rested":1,"item_purchase_floors":[0,0,0,0,0,0,0,0,0,0,0,0,0,0,0,0,0,0,0,0,0,0,0,0,0,0,20,20,53,53],"current_hp_per_floor":[72,72,75,75,61,65,65,75,75,73,66,41,75,69,75,75,75,74,74,79,76,80,74,74,66,66,78,80,80,80,80,80,79,80,80,83,86,86,86,89,89,70,70,94,99,99,102,105,105,105,105,105,108,108,108],"gold":178,"neow_bonus":"","is_daily":false,"chose_seed":false,"campfire_upgraded":3,"win_rate":0.0,"timestamp":1609753868,"path_taken":["M","$","M","M","?","NM","R","E","T","M","?","?","?","E","R_BF","BOSS","M","?","$","M","?","E","?","E","T","M","M","?","E","?","R_BF","BOSS","M","M","?","M","M","E","R","E","T","M","M","R","E","?","R","BOSS","R","$","E","BOSS"],"items_purchased_type":["Relic","Relic","Card","Card","Card","Card","Card","Card","Relic","Relic","Card","Card","Card","Relic","Card","Card","Card","Relic","Relic","Card","Card","Potion","Potion","Card","Card","Relic","Relic","Potion","Relic","Relic"],"build_version":"2020-12-22","purchased_purges":5,"victory":true,"max_hp_per_floor":[75,75,75,75,75,75,75,75,75,75,75,75,75,75,75,75,75,75,75,80,80,80,80,80,80,80,80,80,80,80,80,80,80,80,80,83,86,86,86,89,89,99,99,99,99,99,102,105,105,105,105,105,108,108,108],"card_choices":[{"not_picked":["theSenshi:SailorNeptuneAssists","theSenshi:SailorMercuryAssists","theSenshi:SailorJupiterAssists+1"],"picked":"SKIP","floor":1},{"not_picked":["theSenshi:SailorV","theSenshi:SailorPlanetAttack+1","theSenshi:TuxedoMaskAssists+1"],"picked":"SKIP","floor":3},{"not_picked":["theSenshi:MoonPrincessHalation+1","theSenshi:EncouragingSpeech","theSenshi:VenusGlamour+1"],"picked":"SKIP","floor":4},{"not_picked":["theSenshi:MoonHealingEscalation","theSenshi:MoonsReflection"],"picked":"theSenshi:MoonPunch+1","floor":5},{"not_picked":["theSenshi:MoonPrincessHalation+1","theSenshi:SailorMarsAssists+1"],"picked":"theSenshi:MoonPunch+1","floor":6},{"not_picked":["theSenshi:MoonKick+1","theSenshi:MoonSpiralHeartAttack+1","theSenshi:MoonCosmicPowerMakeUp"],"picked":"SKIP","floor":8},{"not_picked":["theSenshi:SailorJupiterAssists+1","theSenshi:MoonTiaraMagic+1","theSenshi:TallSilhouette"],"picked":"SKIP","floor":10},{"not_picked":["theSenshi:SailorMercuryAssists","theSenshi:EncouragingSpeech","theSenshi:MoonPower+1"],"picked":"SKIP","floor":10},{"not_picked":["theSenshi:TuxedoSmokingBomber+1","theSenshi:SailorJupiterAssists+1","theSenshi:SupersonicWaves+1"],"picked":"SKIP","floor":14},{"not_picked":["theSenshi:MoonEternalMakeUp","theSenshi:WarriorOfTheMoon"],"picked":"theSenshi:InTheNameOfTheMoon","floor":16},{"not_picked":["theSenshi:CrisisMakeUp+1","theSenshi:TuxedoSmokingBomber+1","theSenshi:SailorPlanetAttack+1"],"picked":"SKIP","floor":18},{"not_picked":["theSenshi:TuxedoSmokingBomber+1","theSenshi:VenusGlamour+1","theSenshi:SaturnsMystery+1"],"picked":"SKIP","floor":18},{"not_picked":["theSenshi:OdangoHead","theSenshi:KlutzyLuck"],"picked":"theSenshi:MoonPunch+1","floor":21},{"not_picked":["theSenshi:SailorMarsAssists+1","theSenshi:SchoolBag","theSenshi:MercurysCunning+1"],"picked":"SKIP","floor":21},{"not_picked":["theSenshi:Sidestep","theSenshi:MercurysCunning+1","theSenshi:MoonPower+1"],"picked":"SKIP","floor":22},{"not_picked":["theSenshi:MoonTwilightFlash+1","theSenshi:SchoolBag+1","theSenshi:SailorMercuryAssists"],"picked":"SKIP","floor":22},{"not_picked":["theSenshi:MoonsReflection","theSenshi:MercurysCunning+1","theSenshi:GatheringStrength"],"picked":"SKIP","floor":23},{"not_picked":["theSenshi:MoonCrisisMakeUp","theSenshi:MoonPower+1","theSenshi:SailorVenusAssists+1"],"picked":"SKIP","floor":25},{"not_picked":["theSenshi:TallSilhouette","theSenshi:MoonCrystalPowerMakeUp","theSenshi:JupitersPower+1"],"picked":"SKIP","floor":27},{"not_picked":["theSenshi:CrisisMakeUp","theSenshi:SupersonicWaves+1","theSenshi:SailorMercuryAssists"],"picked":"SKIP","floor":27},{"not_picked":["theSenshi:MoonTiaraMagic+1","theSenshi:SupersonicWaves+1","theSenshi:MoonHealingEscalation"],"picked":"SKIP","floor":28},{"not_picked":["theSenshi:SailorJupiterAssists+1","theSenshi:MoonlightKnight","theSenshi:TallSilhouette"],"picked":"SKIP","floor":28},{"not_picked":["theSenshi:MoonPrincessHalation+1","theSenshi:TuxedoMaskAssists+1","theSenshi:GatheringStrength"],"picked":"SKIP","floor":30},{"not_picked":["theSenshi:MoonPunch+1","theSenshi:MoonKick+1","theSenshi:SailorMarsAssists+1"],"picked":"SKIP","floor":35},{"not_picked":["theSenshi:SailorStarMakerAssists","theSenshi:SailorMercuryAssists+1","theSenshi:MoonCrystalPowerMakeUp"],"picked":"SKIP","floor":35},{"not_picked":["theSenshi:MoonTiaraMagic+1","theSenshi:SupersonicWaves+1"],"picked":"theSenshi:TallSilhouette+1","floor":36},{"not_picked":["theSenshi:SailorPlanetPower+1","theSenshi:MoonTiaraMagic+1","theSenshi:KlutzyLuck"],"picked":"SKIP","floor":36},{"not_picked":["theSenshi:SailorPlanetPower+1","theSenshi:MoonTiaraMagic+1","theSenshi:KlutzyLuck"],"picked":"SKIP","floor":36},{"not_picked":["theSenshi:TuxedoSmokingBomber+1","theSenshi:MoonsReflection","theSenshi:SailorJupiterAssists+1"],"picked":"SKIP","floor":38},{"not_picked":["theSenshi:MoonCrisisMakeUp","theSenshi:MarsPride","theSenshi:OdangoHead+1"],"picked":"SKIP","floor":38},{"not_picked":["theSenshi:GatheringStrength","theSenshi:LateForSchool","theSenshi:MoonCrystalPowerMakeUp"],"picked":"SKIP","floor":39},{"not_picked":["theSenshi:SailorMercuryAssists","theSenshi:YouCanTalk","theSenshi:MoonKick+1"],"picked":"SKIP","floor":39},{"not_picked":["theSenshi:MoonPrincessHalation+1","theSenshi:RainbowMoonHeartAche+1"],"picked":"theSenshi:MoonGorgeousMeditation+1","floor":40},{"not_picked":["theSenshi:MoonPunch+1","theSenshi:MoonTwilightFlash+1","theSenshi:Sidestep"],"picked":"SKIP","floor":42},{"not_picked":["theSenshi:MercurysCunning+1","theSenshi:MarsPride","theSenshi:SailorJupiterAssists+1"],"picked":"SKIP","floor":44},{"not_picked":["theSenshi:MoonPunch+1","theSenshi:InTheNameOfTheMoon","theSenshi:MarsPride"],"picked":"SKIP","floor":44},{"not_picked":["theSenshi:SchoolBag","theSenshi:SailorMercuryAssists","theSenshi:TallSilhouette+1"],"picked":"SKIP","floor":45},{"not_picked":["theSenshi:SailorMarsAssists+1","theSenshi:SchoolBag","theSenshi:SailorChibiMoonAssists+1"],"picked":"SKIP","floor":45},{"not_picked":["theSenshi:SailorNeptuneAssists","theSenshi:MoonHealingEscalation","theSenshi:MoonKick+1"],"picked":"SKIP","floor":47},{"not_picked":["infinitespire:FutureSight","infinitespire:UltimateForm"],"picked":"infinitespire:Collect","floor":48},{"not_picked":["theSenshi:OdangoHead","theSenshi:MoonTiaraMagic+1","theSenshi:MoonsReflection"],"picked":"SKIP","floor":54}],"player_experience":1135903,"relics_obtained":[{"floor":6,"key":"infinitespire:PuzzleCube"},{"floor":8,"key":"Prayer Wheel"},{"floor":14,"key":"Art of War"},{"floor":23,"key":"Lizard Tail"},{"floor":25,"key":"theSenshi:SuperSailorFukuRelic"},{"floor":30,"key":"Ginger"},{"floor":31,"key":"Replay:Ringing Soul"},{"floor":31,"key":"theSenshi:HolyMoonChaliceRelic"},{"floor":40,"key":"Vajra"},{"floor":42,"key":"Strawberry"},{"floor":43,"key":"Circlet"},{"floor":54,"key":"ReplayTheSpireMod:Shallot"}],"event_choices":[{"cards_removed":["theSenshi:SailorKick"],"damage_healed":0,"gold_gain":0,"player_choice":"Card Removal","damage_taken":7,"max_hp_gain":0,"max_hp_loss":0,"event_name":"Golden Wing","floor":11,"gold_loss":0},{"damage_healed":0,"gold_gain":0,"player_choice":"Relic ","damage_taken":25,"max_hp_gain":0,"max_hp_loss":0,"event_name":"betterThird:BetterScrap","floor":12,"gold_loss":0,"cards_obtained":["Alpha"]},{"cards_removed":["theSenshi:MoonTwilightFlash"],"damage_healed":34,"gold_gain":0,"player_choice":"Offered Uncommon","damage_taken":0,"max_hp_gain":0,"max_hp_loss":0,"event_name":"Bonfire Elementals","floor":13,"gold_loss":0},{"damage_healed":0,"gold_gain":0,"player_choice":"Upgrade","damage_taken":0,"max_hp_gain":0,"max_hp_loss":0,"event_name":"Designer","floor":19,"gold_loss":40,"cards_upgraded":["theSenshi:InTheNameOfTheMoon"]},{"damage_healed":0,"gold_gain":0,"player_choice":"Obtained Relic","damage_taken":0,"relics_obtained":["ReplayTheSpireMod:TigerMarble"],"max_hp_gain":0,"max_hp_loss":0,"event_name":"Addict","floor":24,"gold_loss":85},{"damage_healed":0,"gold_gain":0,"player_choice":"Ignored","damage_taken":0,"max_hp_gain":0,"max_hp_loss":0,"event_name":"Vampires","floor":29,"gold_loss":0},{"damage_healed":0,"gold_gain":0,"player_choice":"Fight","damage_taken":0,"max_hp_gain":0,"max_hp_loss":0,"event_name":"Colosseum","floor":31,"gold_loss":0},{"damage_healed":0,"gold_gain":0,"player_choice":"Fought Nobs","damage_taken":0,"max_hp_gain":0,"max_hp_loss":0,"event_name":"Colosseum","floor":31,"gold_loss":0},{"cards_removed":["theSenshi:SailorBlock"],"damage_healed":0,"gold_gain":0,"player_choice":"Elegance","damage_taken":0,"max_hp_gain":0,"max_hp_loss":0,"event_name":"betterThird:BetterWriting","floor":32,"gold_loss":0}],"is_beta":false,"boss_relics":[{"not_picked":["ReplayTheSpireMod:DimensionalGlitch","ReplayTheSpireMod:SealedPack"],"picked":"Circlet"},{"not_picked":["Coffee Dripper","Ring of Chaos"],"picked":"Sozu"}],"items_purged_floors":[0,0,0,0,0],"is_endless":false,"potions_floor_spawned":[3,5,6,10,18,21,25,30,31,33,36,39,40,42,44],"ascension_level":14}}