{"host":"Bilverbakes","time":1609753875,"event":{"mods":["2.2 Compatiblity","AchievementEnabler","BaseMod","Bestiary","Colored Map","Minty Spire (QoL Compilation)","Relic Stats","StSLib","ojb\u0027s Info Mod"],"gold_per_floor":[109,259,259,38,38,72,72,85,85,101,118,134,134,99,99,99,99],"floor_reached":16,"playtime":645,"items_purged":["Defend_B"],"score":195,"play_id":"47894389-4e5d-4bfb-9b62-125dc423733d","local_time":"20210104035115","is_ascension_mode":true,"campfire_choices":[{"floor":7,"key":"REST"},{"data":"Reinforced Body","floor":15,"key":"SMITH"}],"circlet_count":0,"master_deck":["AscendersBane","Strike_B","Strike_B","Strike_B","Defend_B","Defend_B","Zap","Dualcast","Steam","Buffer","Sweeping Beam","Lockon","Leap","Reinforced Body+1","Ball Lightning","Cold Snap","Glacier","Hologram+1"],"relics":["Cracked Core","GremlinMask","Oddly Smooth Stone","Singing Bowl"],"acts_visited":["Exordium"],"potions_floor_usage":[12,16],"damage_taken":[{"damage":0,"enemies":"Cultist","floor":1,"turns":3},{"damage":54,"enemies":"Gremlin Nob","floor":6,"turns":5},{"damage":14,"enemies":"Small Slimes","floor":8,"turns":3},{"damage":7,"enemies":"2 Louse","floor":10,"turns":3},{"damage":0,"enemies":"Exordium Wildlife","floor":11,"turns":5},{"damage":0,"enemies":"3 Louse","floor":12,"turns":3},{"damage":17,"enemies":"Hexaghost","floor":16,"turns":9}],"seed_played":"8461382295558777226","potions_obtained":[{"floor":8,"key":"Swift Potion"},{"floor":10,"key":"Strength Potion"}],"is_trial":false,"path_per_floor":["M","?","?","$","?","E","R","M","T","M","M","M","?","?","R","B"],"character_chosen":"DEFECT","items_purchased":["Lockon","Leap"],"campfire_rested":1,"item_purchase_floors":[4,4],"current_hp_per_floor":[64,64,57,57,57,3,22,8,8,1,1,1,1,17,17,0,0],"gold":99,"neow_bonus":"TRANSFORM_TWO_CARDS","is_daily":false,"chose_seed":false,"campfire_upgraded":1,"win_rate":0.0,"timestamp":1609753875,"path_taken":["M","?","?","$","?","E","R","?","T","M","M","M","?","?","R","BOSS"],"items_purchased_type":["Card","Card"],"build_version":"2020-12-18","purchased_purges":1,"victory":false,"max_hp_per_floor":[64,64,64,64,64,64,64,64,64,64,64,64,64,64,64,64,64],"relic_stats":{"Singing Bowl":0,"counters":[7,31],"obtain_stats":[{"Singing Bowl":9,"Oddly Smooth Stone":6,"GremlinMask":5,"Cracked Core":0},{"Singing Bowl":3,"Oddly Smooth Stone":2,"GremlinMask":1,"Cracked Core":0},{"Singing Bowl":11,"Oddly Smooth Stone":8,"GremlinMask":3,"Cracked Core":0}]},"card_choices":[{"not_picked":["Beam Cell","Barrage"],"picked":"Sweeping Beam","floor":1},{"not_picked":["Seek","Lockon"],"picked":"Reinforced Body","floor":6},{"not_picked":["Compile Driver","Coolheaded"],"picked":"Ball Lightning","floor":8},{"not_picked":["Beam Cell","Streamline"],"picked":"Cold Snap","floor":10},{"not_picked":["Machine Learning","Steam"],"picked":"Glacier","floor":11},{"not_picked":["Leap","Storm"],"picked":"Hologram","floor":12}],"player_experience":573531,"relics_obtained":[{"floor":6,"key":"Oddly Smooth Stone"},{"floor":9,"key":"Singing Bowl"}],"event_choices":[{"damage_healed":0,"gold_gain":150,"player_choice":"AGREE","damage_taken":0,"max_hp_gain":0,"max_hp_loss":0,"event_name":"Liars Game","floor":2,"gold_loss":0,"cards_obtained":["Doubt"]},{"cards_removed":["Doubt"],"damage_healed":0,"gold_gain":0,"player_choice":"Card Removal","damage_taken":7,"max_hp_gain":0,"max_hp_loss":0,"event_name":"Golden Wing","floor":3,"gold_loss":0},{"damage_healed":0,"gold_gain":0,"player_choice":"Trade","damage_taken":0,"relics_obtained":["GremlinMask"],"max_hp_gain":0,"max_hp_loss":0,"event_name":"FaceTrader","floor":5,"gold_loss":0},{"damage_healed":0,"gold_gain":0,"player_choice":"Grow","damage_taken":0,"max_hp_gain":0,"max_hp_loss":0,"event_name":"Living Wall","floor":13,"gold_loss":0,"cards_upgraded":["Hologram"]},{"damage_healed":16,"gold_gain":0,"player_choice":"Healed","damage_taken":0,"max_hp_gain":0,"max_hp_loss":0,"event_name":"The Cleric","floor":14,"gold_loss":35}],"is_beta":true,"boss_relics":[],"items_purged_floors":[4],"is_endless":false,"potions_floor_spawned":[8,10],"killed_by":"Hexaghost","ascension_level":19}}