{"host":"armnliea5o2aqs4b","time":1609724324,"event":{"mods":["BaseMod","Hubris","Infinite Spire","Minty Spire (QoL Compilation)","Quick Restart","StSLib"],"gold_per_floor":[115,77,77,27,27,58,74,85,85,85,112,112,130,140,140,245,245,264,276,276,276],"floor_reached":20,"playtime":556,"items_purged":[],"score":219,"play_id":"a6213577-1e61-4853-a8ea-d1956b5eaae5","local_time":"20210104123844","is_ascension_mode":true,"campfire_choices":[{"data":"Zap","floor":10,"key":"SMITH"},{"data":"Consume","floor":12,"key":"SMITH"},{"data":"Cold Snap","floor":15,"key":"SMITH"}],"circlet_count":0,"master_deck":["Strike_B","Strike_B","Strike_B","Defend_B","Defend_B","Defend_B","Defend_B","Zap+1","Dualcast","Ball Lightning","Blizzard","Capacitor","Conserve Battery","Heatsinks","Consume+1","Capacitor","Cold Snap+1","Reboot","Redo"],"relics":["Cracked Core","NeowsBlessing","hubris:Towel","hubris:Icosahedron","Dead Branch","Bottled Lightning","Shuriken"],"acts_visited":["Exordium","TheCity"],"potions_floor_usage":[16,18],"damage_taken":[{"damage":0.0,"enemies":"Small Slimes","floor":1.0,"turns":1.0},{"damage":0.0,"enemies":"Gremlin Nob","floor":6.0,"turns":1.0},{"damage":0.0,"enemies":"2 Louse","floor":7.0,"turns":1.0},{"damage":0,"enemies":"Jaw Worm","floor":8,"turns":2},{"damage":19,"enemies":"Lagavulin","floor":11,"turns":6},{"damage":26,"enemies":"Gremlin Gang","floor":13,"turns":4},{"damage":2,"enemies":"3 Louse","floor":14,"turns":3},{"damage":3,"enemies":"Slime Boss","floor":16,"turns":7},{"damage":19,"enemies":"2 Thieves","floor":18,"turns":4},{"damage":21,"enemies":"3 Byrds","floor":19,"turns":4},{"damage":44,"enemies":"Masked Bandits","floor":20,"turns":3}],"seed_played":"2293088757888277957","potions_obtained":[{"floor":1.0,"key":"SpeedPotion"},{"floor":6.0,"key":"FocusPotion"},{"floor":7.0,"key":"LiquidBronze"},{"floor":18,"key":"Fruit Juice"}],"is_trial":false,"path_per_floor":["M","$","?","?","?","E","M","M","T","R","E","R","M","M","R","B",null,"M","M","?"],"character_chosen":"DEFECT","items_purchased":["Blizzard"],"campfire_rested":0,"item_purchase_floors":[2],"current_hp_per_floor":[75,75,75,75,75,75,75,75,75,75,56,56,30,28,28,25,75,61,40,0,0],"gold":276,"neow_bonus":"THREE_ENEMY_KILL","is_daily":false,"chose_seed":false,"campfire_upgraded":3,"win_rate":0.0,"timestamp":1609724324,"path_taken":["M","$","?","?","?","E","M","?","T","R","E","R","?","M","R","BOSS","M","M","?"],"items_purchased_type":["Card"],"build_version":"2020-12-22","purchased_purges":0,"victory":false,"max_hp_per_floor":[75,75,75,75,75,75,75,75,75,75,75,75,75,75,75,75,75,80,80,80,80],"card_choices":[{"not_picked":["Steam","Auto Shields"],"picked":"Ball Lightning","floor":1.0},{"not_picked":["Loop","Undo"],"picked":"Capacitor","floor":6.0},{"not_picked":["Sunder","Barrage"],"picked":"Conserve Battery","floor":7.0},{"not_picked":["Conserve Battery","Barrage"],"picked":"Heatsinks","floor":8},{"not_picked":["Genetic Algorithm","Conserve Battery"],"picked":"Consume","floor":11},{"not_picked":["Stack","Gash"],"picked":"Capacitor","floor":13},{"not_picked":["Hologram","Go for the Eyes"],"picked":"Cold Snap","floor":14},{"not_picked":["All For One","Fission"],"picked":"Reboot","floor":16},{"not_picked":["Stack","Barrage"],"picked":"Redo","floor":18},{"not_picked":["Conserve Battery+1","Compile Driver+1","Hologram"],"picked":"SKIP","floor":19}],"player_experience":174694,"relics_obtained":[{"floor":6.0,"key":"Dead Branch"},{"floor":9,"key":"Bottled Lightning"},{"floor":11,"key":"Shuriken"}],"event_choices":[{"cards_removed":["Strike_B"],"damage_healed":0.0,"max_hp_gain":0.0,"max_hp_loss":0.0,"gold_gain":0.0,"event_name":"The Cleric","player_choice":"Card Removal","floor":4.0,"gold_loss":50.0,"damage_taken":0.0},{"damage_healed":0,"gold_gain":0,"player_choice":"Fought Bandits","damage_taken":0,"max_hp_gain":0,"max_hp_loss":0,"event_name":"Masked Bandits","floor":20,"gold_loss":0}],"is_beta":false,"boss_relics":[{"not_picked":["hubris:GrandSneckoEye","Runic Dome","Velvet Choker"]}],"items_purged_floors":[],"is_endless":false,"potions_floor_spawned":[1,6,7,18],"killed_by":"Masked Bandits","ascension_level":1}}