{"host":"t179ovrkr5k1gnfh","time":1609763646,"event":{"mods":["AchievementEnabler","BaseMod","Colored Map","Downfall","Minty Spire (QoL Compilation)","StSLib"],"gold_per_floor":[19,19,19,32,6,40,40,61,61,80,105,105,123,137,137,261,261,277,192,208,224,224,224,251,251,251,251,270,284,69,84,84,184,184,198,218,218,265,17,50,50,0,0,18,31,51,70,88,88,88,88,88,10,35,35],"floor_reached":56,"playtime":4122,"items_purged":["Slimebound:Strike_Slimebound","Slimebound:Defend_Slimebound"],"score":1742,"play_id":"a2d309b3-4d2e-4c9b-a397-2d9b5750df97","local_time":"20210104133406","is_ascension_mode":true,"campfire_choices":[{"data":"Slimebound:CorrosiveSpit","floor":7,"key":"SMITH"},{"data":"Slimebound:GrowthPunch","floor":12,"key":"SMITH"},{"data":"Slimebound:LeechEnergy","floor":15,"key":"SMITH"},{"data":"Slimebound:MassFeed","floor":23,"key":"SMITH"},{"data":"Slimebound:MegaLick","floor":25,"key":"SMITH"},{"data":"Slimebound:Split","floor":27,"key":"SMITH"},{"data":"Slimebound:HauntingLick","floor":32,"key":"SMITH"},{"data":"Slimebound:WasteNot","floor":41,"key":"SMITH"},{"floor":49,"key":"RECALL"},{"data":"Slimebound:Replication","floor":52,"key":"SMITH"}],"circlet_count":0,"master_deck":["AscendersBane","Slimebound:Tackle","Slimebound:Split+1","Slimebound:CorrosiveSpit+1","Slimebound:HauntingLick+1","Slimebound:SplitBruiser","Slimebound:GrowthPunch+1","Slimebound:SplitLeeching","Slimebound:SplitMire","Slimebound:LeechEnergy+1","Slimebound:MassFeed+1","Slimebound:MegaLick+1","Slimebound:SamplingLick+1","Slimebound:SlimeTap+1","Slimebound:Overexert+1","Slimebound:Teamwork","Slimebound:FirmFortitude+1","Slimebound:Prepare+1","Slimebound:Repurpose+1","Slimebound:SlimeSpikes","Slimebound:SlimeSpikes","Slimebound:WasteNot+1","Slimebound:LevelUp+1","Slimebound:Replication+1","Slimebound:ProtectTheBoss+1"],"relics":["Slimebound:AbsorbEndCombat","Bloody Idol","Eternal Feather","HornCleat","Frozen Egg 2","Slimebound:TarBlob","Mummified Hand","Unceasing Top","Pantograph","Astrolabe","Ginger","Chemical X","Potion Belt","StoneCalendar","Slimebound:PotencyRelic"],"acts_visited":["Exordium","TheCity","TheBeyond","TheEnding"],"potions_floor_usage":[6,6,20,24,31,33,40,46,48,55],"damage_taken":[{"damage":8,"enemies":"Cultist","floor":1,"turns":3},{"damage":10,"enemies":"Small Slimes","floor":4,"turns":3},{"damage":25,"enemies":"Lagavulin","floor":6,"turns":6},{"damage":20,"enemies":"Jaw Worm","floor":8,"turns":3},{"damage":16,"enemies":"Exordium Thugs","floor":10,"turns":4},{"damage":17,"enemies":"Lots of Slimes","floor":11,"turns":3},{"damage":9,"enemies":"Looter","floor":13,"turns":2},{"damage":20,"enemies":"Large Slime","floor":14,"turns":4},{"damage":27,"enemies":"Slime Boss","floor":16,"turns":9},{"damage":20,"enemies":"Chosen","floor":18,"turns":5},{"damage":40,"enemies":"2 Thieves","floor":20,"turns":4},{"damage":29,"enemies":"Centurion and Healer","floor":21,"turns":5},{"damage":76,"enemies":"Slavers","floor":24,"turns":6},{"damage":43,"enemies":"Sentry and Sphere","floor":28,"turns":5},{"damage":43,"enemies":"Shelled Parasite and Fungi","floor":29,"turns":4},{"damage":28,"enemies":"Snecko","floor":31,"turns":4},{"damage":107,"enemies":"Collector","floor":33,"turns":8},{"damage":21,"enemies":"3 Shapes","floor":35,"turns":3},{"damage":19,"enemies":"3 Darklings","floor":36,"turns":3},{"damage":72,"enemies":"2 Orb Walkers","floor":38,"turns":5},{"damage":18,"enemies":"Nemesis","floor":40,"turns":4},{"damage":13,"enemies":"Sphere and 2 Shapes","floor":44,"turns":3},{"damage":24,"enemies":"Jaw Worm Horde","floor":45,"turns":2},{"damage":19,"enemies":"3 Darklings","floor":46,"turns":4},{"damage":6,"enemies":"Spire Growth","floor":47,"turns":4},{"damage":28,"enemies":"Maw","floor":48,"turns":5},{"damage":43,"enemies":"Time Eater","floor":50,"turns":5},{"damage":59,"enemies":"Shield and Spear","floor":54,"turns":4},{"damage":115,"enemies":"The Heart","floor":55,"turns":7}],"seed_played":"-38774337244383389","potions_obtained":[{"floor":1,"key":"Swift Potion"},{"floor":4,"key":"Slimebound:SlimedPotion"},{"floor":6,"key":"FairyPotion"},{"floor":14,"key":"FearPotion"},{"floor":21,"key":"Explosive Potion"},{"floor":29,"key":"DuplicationPotion"},{"floor":31,"key":"Slimebound:SpawnSlimePotion"},{"floor":33,"key":"Ancient Potion"},{"floor":36,"key":"Energy Potion"},{"floor":45,"key":"BlessingOfTheForge"},{"floor":46,"key":"SteroidPotion"},{"floor":47,"key":"ColorlessPotion"}],"is_trial":false,"path_per_floor":["M","?","?","M","$","E","R","M","T","M","M","R","M","M","R","B",null,"M","?","M","M","?","R","E","R","T","R","M","M","$","M","R","B",null,"M","M","?","?","$","E","R","?","T","M","M","M","M","M","R","B",null,"R","$","E","B",null],"character_chosen":"SLIMEBOUND","items_purchased":["Slimebound:GrowthPunch","Slimebound:Overexert+1","Chemical X","Ancient Potion"],"campfire_rested":0,"item_purchase_floors":[5,30,39,53],"current_hp_per_floor":[56,41,29,27,27,22,28,22,22,26,27,36,41,39,48,55,59,60,60,47,62,62,69,34,43,43,52,52,58,58,65,74,19,63,77,81,81,47,47,82,85,85,85,89,93,97,101,101,101,96,100,101,101,78,50],"gold":35,"neow_bonus":"REMOVE_TWO","is_daily":false,"chose_seed":false,"campfire_upgraded":9,"win_rate":0.0,"timestamp":1609763646,"path_taken":["M","?","?","M","?","E","R","?","T","M","M","R","?","M","R","BOSS","M","?","M","M","?","R","E","R","T","R","M","M","$","M","R","BOSS","M","M","?","?","$","E","R","?","T","?","M","M","M","M","R","BOSS","R","$","E","BOSS"],"items_purchased_type":["Card","Card","Relic","Potion"],"build_version":"2020-12-22","purchased_purges":2,"victory":true,"max_hp_per_floor":[60,60,60,60,60,60,60,60,60,60,60,60,60,60,60,60,60,60,60,63,69,69,69,69,69,69,69,69,73,73,77,77,77,77,77,81,81,81,81,85,85,85,85,89,93,97,101,101,101,101,101,101,101,101,101],"card_choices":[{"not_picked":["Slimebound:RainOfGoop","Slimebound:ComboTackle"],"picked":"Slimebound:HauntingLick","floor":1},{"not_picked":["Slimebound:RainOfGoop","Slimebound:Repurpose"],"picked":"Slimebound:SplitBruiser","floor":4},{"not_picked":["Slimebound:Chomp","Slimebound:TongueLash"],"picked":"Slimebound:SplitLeeching","floor":6},{"not_picked":["Slimebound:Dissolve","Slimebound:LeechingTouch"],"picked":"Slimebound:SplitMire","floor":8},{"not_picked":["Slimebound:GoopSpray","Slimebound:SlimeSpikes"],"picked":"Slimebound:LeechEnergy","floor":10},{"not_picked":["Slimebound:LivingWall","Slimebound:SplitLeeching","Slimebound:DisruptingSlam"],"picked":"SKIP","floor":11},{"not_picked":["Slimebound:FirmFortitude+1","Slimebound:RollThrough","Slimebound:BestDefense+1"],"picked":"SKIP","floor":13},{"not_picked":["Slimebound:Replication","Slimebound:BestDefense+1","Slimebound:SplitLeeching"],"picked":"SKIP","floor":14},{"not_picked":["Slimebound:LeechLife","Slimebound:DuplicatedForm+1"],"picked":"Slimebound:MassFeed","floor":16},{"not_picked":["Slimebound:FinishingTackle","Slimebound:LeechEnergy"],"picked":"Slimebound:MegaLick","floor":18},{"not_picked":["Slimebound:DisruptingSlam","Slimebound:BestDefense+1"],"picked":"Slimebound:SamplingLick+1","floor":20},{"not_picked":["Slimebound:Prepare","Slimebound:Nibble+1","Slimebound:FinishingTackle"],"picked":"SKIP","floor":21},{"not_picked":["Slimebound:Equalize","Slimebound:FinishingTackle","Slimebound:SplitLeeching"],"picked":"SKIP","floor":24},{"not_picked":["Slimebound:FinishingTackle","Slimebound:GrowthPunch+1","Slimebound:GoopSpray"],"picked":"SKIP","floor":28},{"not_picked":["Slimebound:SplitMire","Slimebound:GrowthPunch+1"],"picked":"Slimebound:SlimeTap+1","floor":29},{"not_picked":["Slimebound:LeechEnergy","Slimebound:Nibble","Slimebound:GoopSpray"],"picked":"SKIP","floor":31},{"not_picked":["Slimebound:Overexert+1","Slimebound:CheckThePlaybook"],"picked":"Slimebound:Teamwork","floor":33},{"not_picked":["Slimebound:Repurpose","Slimebound:RainOfGoop+1"],"picked":"Slimebound:SlimeSpikes","floor":35},{"not_picked":["Slimebound:SplitBruiser","Slimebound:SamplingLick"],"picked":"Slimebound:SlimeSpikes","floor":36},{"not_picked":["Slimebound:GoopSpray+1","Slimebound:Equalize"],"picked":"Slimebound:WasteNot","floor":40},{"not_picked":["Slimebound:GrowthPunch+1","Slimebound:ItLooksTasty+1","Slimebound:HauntingLick"],"picked":"SKIP","floor":44},{"not_picked":["Slimebound:SplitLeeching","Slimebound:SplitMire+1","Slimebound:GoopSpray+1"],"picked":"SKIP","floor":45},{"not_picked":["Slimebound:Schlurp","Slimebound:ViciousTackle"],"picked":"Slimebound:LevelUp+1","floor":46},{"not_picked":["Slimebound:ViciousTackle","Slimebound:PressTheAttack","Slimebound:RollThrough+1"],"picked":"SKIP","floor":47},{"not_picked":["Slimebound:Grow+1","Slimebound:SamplingLick"],"picked":"Slimebound:Replication","floor":48},{"not_picked":["Slimebound:Grow+1","Slimebound:GrowthPunch+1"],"picked":"Slimebound:ProtectTheBoss+1","floor":54}],"player_experience":207942,"relics_obtained":[{"floor":6,"key":"HornCleat"},{"floor":9,"key":"Frozen Egg 2"},{"floor":24,"key":"Unceasing Top"},{"floor":26,"key":"Pantograph"},{"floor":38,"key":"Ginger"},{"floor":40,"key":"Potion Belt"},{"floor":54,"key":"Slimebound:PotencyRelic"}],"event_choices":[{"damage_healed":0,"gold_gain":0,"player_choice":"Take Damage","damage_taken":15,"relics_obtained":["Golden Idol"],"max_hp_gain":0,"max_hp_loss":0,"event_name":"Golden Idol","floor":2,"gold_loss":0},{"damage_healed":0,"gold_gain":0,"player_choice":"Success","damage_taken":12,"relics_obtained":["Eternal Feather"],"max_hp_gain":0,"max_hp_loss":0,"event_name":"Scrap Ooze","floor":3,"gold_loss":0},{"damage_healed":0,"gold_gain":0,"player_choice":"Obtained Relic","damage_taken":0,"relics_obtained":["Mummified Hand"],"max_hp_gain":0,"max_hp_loss":0,"event_name":"Addict","floor":19,"gold_loss":85},{"damage_healed":0,"gold_gain":0,"player_choice":"Gave Idol","damage_taken":0,"relics_obtained":["Bloody Idol"],"max_hp_gain":0,"max_hp_loss":0,"event_name":"Forgotten Altar","floor":22,"relics_lost":["Golden Idol"],"gold_loss":0},{"damage_healed":0,"gold_gain":0,"player_choice":"Ignored","damage_taken":0,"max_hp_gain":0,"max_hp_loss":0,"event_name":"Tomb of Lord Red Mask","floor":37,"gold_loss":0},{"damage_healed":0,"gold_gain":0,"player_choice":"Fight","damage_taken":0,"max_hp_gain":0,"max_hp_loss":0,"event_name":"Mysterious Sphere","floor":38,"gold_loss":0},{"damage_healed":0,"gold_gain":0,"player_choice":"Paid Gold","damage_taken":0,"relics_obtained":["StoneCalendar"],"max_hp_gain":0,"max_hp_loss":0,"event_name":"WeMeetAgain","floor":42,"gold_loss":50}],"is_beta":false,"boss_relics":[{"not_picked":["SacredBark","Black Star"],"picked":"Slimebound:TarBlob"},{"not_picked":["Tiny House","Cursed Key"],"picked":"Astrolabe"}],"items_purged_floors":[30,39],"is_endless":false,"potions_floor_spawned":[1,4,6,14,21,29,31,33,36,45,46,47],"ascension_level":11}}