{"host":"a6mtgqd1w6td3a4j","time":1609748659,"event":{"mods":["BaseMod","Mimic Mod","Minty Spire (QoL Compilation)","Prisma Mod","Remilia£¨?Ú·×é?£©","Shop Mod","StSLib"],"gold_per_floor":[109,184,359,359,68,96,96,131,204,204,222,236,253,283,283,387,387,400,412,440,93,109,109,134,144,169,204,223,235,235,250,250,348,348,361,461,121,155,155,155,30,30,78,94,122,122,149,168,168,168,168,168,22,57,57,57],"floor_reached":55,"playtime":2682,"items_purged":["Doubt","Strike_G","Defend_G"],"score":1075,"play_id":"a768a1e9-da4a-43cc-a0b1-aee19280f668","local_time":"20210104172419","is_ascension_mode":true,"campfire_choices":[{"data":"Accuracy","floor":7,"key":"SMITH"},{"floor":10,"key":"REST"},{"data":"After Image","floor":15,"key":"SMITH"},{"data":"After Image","floor":23,"key":"SMITH"},{"data":"Accuracy","floor":30,"key":"SMITH"},{"floor":32,"key":"RECALL"},{"data":"Storm of Steel","floor":40,"key":"SMITH"},{"data":"Blade Dance","floor":42,"key":"SMITH"},{"data":"Acrobatics","floor":49,"key":"SMITH"},{"data":"Acrobatics","floor":52,"key":"SMITH"}],"circlet_count":0,"master_deck":["Strike_G","Strike_G","Defend_G","Defend_G","Defend_G","Survivor","Neutralize","Blade Dance+1","Accuracy+1","Cloak And Dagger","Prepared","After Image+1","Accuracy+1","Outmaneuver","Cloak And Dagger","Blade Dance+1","After Image+1","Calculated Gamble+1","Slice+1","Footwork+1","PiercingWail","Acrobatics+1","Cloak And Dagger","Acrobatics+1","Accuracy","Escape Plan+1","Storm of Steel+1","Accuracy","Accuracy","Prepared+1","Cloak And Dagger+1","Cloak And Dagger+1","After Image"],"relics":["Ring of the Snake","Turnip","Paper Crane","Mummified Hand","Gremlin Horn","Astrolabe","Red Mask","MerchantsRug","Bottled Flame","Regal Pillow","Philosopher\u0027s Stone","Omamori","Frozen Eye","TungstenRod","Bronze Scales","Prayer Wheel","Oddly Smooth Stone","Nunchaku","White Beast Statue"],"acts_visited":["Exordium","TheCity","TheBeyond","TheEnding"],"potions_floor_usage":[21,27,44],"damage_taken":[{"damage":16,"enemies":"Jaw Worm","floor":1,"turns":4},{"damage":15,"enemies":"3 Sentries","floor":6,"turns":8},{"damage":35,"enemies":"Gremlin Nob","floor":8,"turns":5},{"damage":0,"enemies":"2 Louse","floor":11,"turns":3},{"damage":1,"enemies":"Cultist","floor":12,"turns":3},{"damage":7,"enemies":"Red Slaver","floor":13,"turns":3},{"damage":3,"enemies":"3 Sentries","floor":14,"turns":5},{"damage":1,"enemies":"Slime Boss","floor":16,"turns":9},{"damage":2,"enemies":"Shell Parasite","floor":18,"turns":5},{"damage":0,"enemies":"Spheric Guardian","floor":19,"turns":6},{"damage":0,"enemies":"Masked Bandits","floor":20,"turns":4},{"damage":0,"enemies":"Shelled Parasite and Fungi","floor":22,"turns":5},{"damage":0,"enemies":"Gremlin Leader","floor":24,"turns":4},{"damage":0,"enemies":"Centurion and Healer","floor":25,"turns":4},{"damage":18,"enemies":"Slavers","floor":27,"turns":6},{"damage":2,"enemies":"Sentry and Sphere","floor":28,"turns":4},{"damage":0,"enemies":"Snake Plant","floor":29,"turns":4},{"damage":0,"enemies":"3 Cultists","floor":31,"turns":5},{"damage":0,"enemies":"Collector","floor":33,"turns":5},{"damage":0,"enemies":"Orb Walker","floor":35,"turns":3},{"damage":0,"enemies":"3 Darklings","floor":38,"turns":5},{"damage":0,"enemies":"3 Darklings","floor":44,"turns":3},{"damage":31,"enemies":"Nemesis","floor":45,"turns":5},{"damage":0,"enemies":"Giant Head","floor":47,"turns":4},{"damage":0,"enemies":"Writhing Mass","floor":48,"turns":5},{"damage":24,"enemies":"Awakened One","floor":50,"turns":8},{"damage":3,"enemies":"Shield and Spear","floor":54,"turns":3},{"damage":106,"enemies":"The Heart","floor":55,"turns":6}],"seed_played":"-173640856753310830","potions_obtained":[{"floor":1,"key":"Weak Potion"},{"floor":13,"key":"SpeedPotion"},{"floor":19,"key":"PowerPotion"},{"floor":24,"key":"FairyPotion"},{"floor":28,"key":"Strength Potion"},{"floor":29,"key":"Energy Potion"},{"floor":44,"key":"Fruit Juice"},{"floor":45,"key":"Explosive Potion"},{"floor":46,"key":"LiquidMemories"}],"is_trial":false,"path_per_floor":["M","?","?","?","$","E","R","E","T","R","M","M","M","E","R","B",null,"M","M","?","$","M","R","E","M","T","E","M","M","R","M","R","B",null,"M","?","$","MIM","?","R","$","R","T","M","E","?","E","M","R","B",null,"R","$","E","B"],"character_chosen":"THE_SILENT","items_purchased":["Accuracy","Cloak And Dagger","FairyPotion","Fruit Juice","MerchantsRug","Accuracy","Omamori","Frozen Eye","Nunchaku"],"campfire_rested":1,"item_purchase_floors":[5,5,5,21,21,37,37,37,53],"current_hp_per_floor":[61,50,50,50,50,35,35,23,23,46,46,45,38,35,35,34,77,75,75,75,80,80,80,80,80,80,62,60,60,60,60,60,60,82,82,82,82,82,78,78,78,78,78,83,52,52,52,52,52,28,83,83,83,80,0,0],"gold":57,"neow_bonus":"TEN_PERCENT_HP_BONUS","is_daily":false,"chose_seed":false,"campfire_upgraded":8,"win_rate":0.0,"timestamp":1609748659,"path_taken":["M","?","?","?","$","E","R","E","T","R","M","?","M","E","R","BOSS","M","M","?","$","M","R","E","M","T","E","M","M","R","M","R","BOSS","M","?","$","?","?","R","$","R","T","M","E","?","E","M","R","BOSS","R","$","E","BOSS"],"items_purchased_type":["Card","Card","Potion","Potion","Relic","Card","Relic","Relic","Relic"],"build_version":"2020-12-22","purchased_purges":3,"victory":false,"max_hp_per_floor":[77,77,77,77,77,77,77,77,77,77,77,77,77,77,77,77,77,77,77,77,82,82,82,82,82,82,82,82,82,82,82,82,82,82,82,82,82,82,78,78,78,78,78,83,83,83,83,83,83,83,83,83,83,83,83,83],"card_choices":[{"not_picked":["Endless Agony","Cloak And Dagger"],"picked":"Blade Dance","floor":1},{"not_picked":["Quick Slash","Tactician"],"picked":"Prepared","floor":6},{"not_picked":["Acrobatics","Slice"],"picked":"After Image","floor":8},{"not_picked":["Acrobatics","Endless Agony"],"picked":"Accuracy","floor":11},{"not_picked":["Bane","Deadly Poison"],"picked":"Outmaneuver","floor":12},{"not_picked":["Deflect","Dagger Throw"],"picked":"Cloak And Dagger","floor":13},{"not_picked":["Bullet Time","Crippling Poison"],"picked":"Blade Dance","floor":14},{"not_picked":["Malaise","Storm of Steel"],"picked":"After Image","floor":16},{"not_picked":["Deflect","Prepared"],"picked":"PiercingWail","floor":18},{"not_picked":["Outmaneuver+1","Poisoned Stab"],"picked":"Acrobatics","floor":19},{"not_picked":["Leg Sweep","Prepared"],"picked":"Cloak And Dagger","floor":20},{"not_picked":["Catalyst+1","Noxious Fumes+1"],"picked":"Acrobatics","floor":22},{"not_picked":["Deflect","Dagger Throw+1","Calculated Gamble"],"picked":"SKIP","floor":24},{"not_picked":["Heel Hook+1","Bane","Sucker Punch+1"],"picked":"SKIP","floor":25},{"not_picked":["Catalyst","Underhanded Strike"],"picked":"Accuracy","floor":27},{"not_picked":["Skewer","Predator","Outmaneuver+1"],"picked":"SKIP","floor":28},{"not_picked":["Dagger Throw+1","Deflect","Setup"],"picked":"SKIP","floor":29},{"not_picked":["Terror+1","Prepared"],"picked":"Escape Plan+1","floor":31},{"not_picked":["Glass Knife","Burst"],"picked":"Storm of Steel","floor":33},{"not_picked":["Dash+1","PiercingWail+1","Dagger Throw+1"],"picked":"SKIP","floor":35},{"not_picked":["Slice","Dodge and Roll"],"picked":"Accuracy","floor":38},{"not_picked":["Terror","Predator+1"],"picked":"Prepared+1","floor":44},{"not_picked":["Corpse Explosion","Reflex+1"],"picked":"Cloak And Dagger+1","floor":45},{"not_picked":["Deflect+1","Predator","Heel Hook+1"],"picked":"SKIP","floor":47},{"not_picked":["Slice+1","Backflip+1"],"picked":"Cloak And Dagger+1","floor":48},{"not_picked":["Quick Slash+1","Underhanded Strike+1","Calculated Gamble+1"],"picked":"SKIP","floor":48},{"not_picked":["Endless Agony+1","Flying Knee"],"picked":"After Image","floor":54}],"player_experience":803198,"relics_obtained":[{"floor":6,"key":"Turnip"},{"floor":8,"key":"Paper Crane"},{"floor":9,"key":"Mummified Hand"},{"floor":14,"key":"Gremlin Horn"},{"floor":20,"key":"Red Mask"},{"floor":24,"key":"Bottled Flame"},{"floor":27,"key":"Regal Pillow"},{"floor":38,"key":"TungstenRod"},{"floor":43,"key":"Bronze Scales"},{"floor":45,"key":"Prayer Wheel"},{"floor":47,"key":"Oddly Smooth Stone"},{"floor":54,"key":"White Beast Statue"}],"event_choices":[{"damage_healed":0,"gold_gain":75,"player_choice":"Gather Gold","damage_taken":11,"max_hp_gain":0,"max_hp_loss":0,"event_name":"World of Goop","floor":2,"gold_loss":0},{"damage_healed":0,"gold_gain":175,"player_choice":"AGREE","damage_taken":0,"max_hp_gain":0,"max_hp_loss":0,"event_name":"Liars Game","floor":3,"gold_loss":0,"cards_obtained":["Doubt"]},{"damage_healed":0,"gold_gain":0,"player_choice":"Upgraded","damage_taken":0,"max_hp_gain":0,"max_hp_loss":0,"event_name":"Upgrade Shrine","floor":4,"gold_loss":0,"cards_upgraded":["Blade Dance"]},{"damage_healed":0,"gold_gain":0,"player_choice":"Fought Bandits","damage_taken":0,"max_hp_gain":0,"max_hp_loss":0,"event_name":"Masked Bandits","floor":20,"gold_loss":0},{"damage_healed":0,"gold_gain":100,"player_choice":"Pray","damage_taken":0,"max_hp_gain":0,"max_hp_loss":0,"event_name":"Golden Shrine","floor":36,"gold_loss":0},{"damage_healed":0,"gold_gain":0,"player_choice":"Max HP","damage_taken":0,"max_hp_gain":0,"max_hp_loss":4,"event_name":"Winding Halls","floor":39,"gold_loss":0},{"damage_healed":0,"gold_gain":0,"player_choice":"Got Potions","damage_taken":0,"max_hp_gain":0,"max_hp_loss":0,"event_name":"Lab","floor":46,"gold_loss":0}],"is_beta":false,"boss_relics":[{"not_picked":["Cursed Key","Runic Pyramid"],"picked":"Astrolabe"},{"not_picked":["Coffee Dripper","SacredBark"],"picked":"Philosopher\u0027s Stone"}],"items_purged_floors":[5,21,41],"is_endless":false,"potions_floor_spawned":[1,13,19,24,28,29,44,45],"killed_by":"The Heart","ascension_level":4}}