{"host":"qdfumeom6htv8yxl","time":1609793675,"event":{"mods":["AchievementEnabler","BaseMod","Block Reminder","Minty Spire (QoL Compilation)","Quick Restart","Relic Stats"],"gold_per_floor":[111,131,131,57,68,93,93,104,159,159,178,205,130,130,130,207,207,225,236,21,37,47,47,61,80,125,125,145,145,145,180,180,180,180],"floor_reached":33,"playtime":5312,"items_purged":[],"score":502,"play_id":"02d28655-91fa-4844-be36-f75c305fad92","local_time":"20210104145435","is_ascension_mode":true,"campfire_choices":[{"floor":7.0,"key":"REST"},{"floor":10.0,"key":"REST"},{"data":"Panache","floor":15,"key":"SMITH"},{"floor":23,"key":"REST"},{"floor":27,"key":"REST"},{"floor":30,"key":"REST"},{"floor":32,"key":"REST"}],"circlet_count":0,"master_deck":["AscendersBane","Strike_G","Strike_G","Strike_G","Strike_G","Defend_G","Defend_G","Defend_G","Defend_G","Defend_G","Survivor","Neutralize","Panache+1","Cloak And Dagger+1","Noxious Fumes+1","Dodge and Roll","Blur","After Image","Blade Dance","Predator","Cloak And Dagger","Accuracy","Injury","Calculated Gamble","Noxious Fumes","Cloak And Dagger"],"relics":["Ring of the Snake","StrikeDummy","Nunchaku","Happy Flower","Cursed Key","Bronze Scales","Dream Catcher","Snake Skull"],"acts_visited":["Exordium","TheCity"],"potions_floor_usage":[21,33,33],"damage_taken":[{"damage":7.0,"enemies":"2 Louse","floor":1.0,"turns":3.0},{"damage":2.0,"enemies":"Cultist","floor":2.0,"turns":5.0},{"damage":0.0,"enemies":"Small Slimes","floor":5.0,"turns":5.0},{"damage":46.0,"enemies":"Lagavulin","floor":6.0,"turns":11.0},{"damage":0.0,"enemies":"Gremlin Gang","floor":8.0,"turns":4.0},{"damage":2.0,"enemies":"Blue Slaver","floor":11.0,"turns":3.0},{"damage":10.0,"enemies":"3 Sentries","floor":12.0,"turns":8.0},{"damage":13,"enemies":"Hexaghost","floor":16,"turns":11},{"damage":6,"enemies":"Chosen","floor":18,"turns":5},{"damage":0,"enemies":"3 Byrds","floor":19,"turns":4},{"damage":0,"enemies":"Snecko","floor":21,"turns":4},{"damage":16,"enemies":"Snake Plant","floor":22,"turns":4},{"damage":0,"enemies":"3 Cultists","floor":24,"turns":3},{"damage":29,"enemies":"Sentry and Sphere","floor":25,"turns":6},{"damage":11,"enemies":"Snake Plant","floor":28,"turns":4},{"damage":34,"enemies":"Slavers","floor":31,"turns":6},{"damage":26,"enemies":"Champ","floor":33,"turns":7}],"seed_played":"272076046204913914","potions_obtained":[{"floor":5.0,"key":"ColorlessPotion"},{"floor":6.0,"key":"Ancient Potion"},{"floor":8.0,"key":"SteroidPotion"},{"floor":24,"key":"FearPotion"},{"floor":25,"key":"EssenceOfSteel"},{"floor":31,"key":"Fire Potion"}],"is_trial":false,"path_per_floor":["M","M","?","$","M","E","R","M","T","R","M","E","?","?","R","B",null,"M","M","$","M","M","R","M","M","T","R","M","?","R","E","R","B"],"character_chosen":"THE_SILENT","items_purchased":["Noxious Fumes","Cloak And Dagger","Bronze Scales"],"campfire_rested":6,"item_purchase_floors":[4,20,20],"current_hp_per_floor":[52,50,50,50,50,4,22,22,22,40,38,28,28,28,28,15,49,43,43,43,43,27,45,45,16,16,34,23,23,41,7,25,0,0],"gold":180,"neow_bonus":"RANDOM_COLORLESS_2","is_daily":false,"chose_seed":false,"campfire_upgraded":1,"win_rate":0.0,"timestamp":1609793675,"path_taken":["M","M","?","$","?","E","R","M","T","R","M","E","?","?","R","BOSS","M","M","$","M","?","R","M","M","T","R","M","?","R","E","R","BOSS"],"items_purchased_type":["Card","Card","Relic"],"build_version":"2020-12-22","purchased_purges":0,"victory":false,"max_hp_per_floor":[60,60,60,60,60,60,60,60,60,60,60,60,60,60,60,60,60,60,60,60,60,60,60,60,60,60,60,60,60,60,60,60,60,60],"relic_stats":{"Nunchaku":[15],"Dream Catcher":3,"Happy Flower":[18],"counters":[17,93],"Bronze Scales":[93],"Snake Skull":[6],"Cursed Key":1,"obtain_stats":[{"Nunchaku":9,"Dream Catcher":26,"Happy Flower":12,"Bronze Scales":20,"Snake Skull":31,"StrikeDummy":6,"Cursed Key":17,"Ring of the Snake":0},{"Nunchaku":5,"Dream Catcher":14,"Happy Flower":7,"Bronze Scales":10,"Snake Skull":16,"StrikeDummy":4,"Cursed Key":8,"Ring of the Snake":0},{"Nunchaku":28,"Dream Catcher":76,"Happy Flower":39,"Bronze Scales":59,"Snake Skull":86,"StrikeDummy":24,"Cursed Key":50,"Ring of the Snake":0}],"Ring of the Snake":[34]},"card_choices":[{"not_picked":["Secret Technique","Apotheosis"],"picked":"Panache","floor":0.0},{"not_picked":["Sucker Punch","Endless Agony"],"picked":"Cloak And Dagger","floor":1.0},{"not_picked":["Dash","Reflex","Outmaneuver"],"picked":"SKIP","floor":2.0},{"not_picked":["Bane","Masterful Stab"],"picked":"Dodge and Roll","floor":5.0},{"not_picked":["Wraith Form v2","Poisoned Stab","Masterful Stab"],"picked":"SKIP","floor":6.0},{"not_picked":["Dagger Throw","Catalyst","Flying Knee"],"picked":"SKIP","floor":8.0},{"not_picked":["Dodge and Roll","Underhanded Strike"],"picked":"Blur","floor":11.0},{"not_picked":["Flying Knee","Infinite Blades","All Out Attack"],"picked":"SKIP","floor":12.0},{"not_picked":["Malaise","Corpse Explosion"],"picked":"After Image","floor":16},{"not_picked":["Dodge and Roll","Dagger Spray"],"picked":"Blade Dance","floor":18},{"not_picked":["Slice","Deflect"],"picked":"Predator","floor":19},{"not_picked":["Distraction","Riddle With Holes","Bane"],"picked":"SKIP","floor":21},{"not_picked":["Well Laid Plans","Poisoned Stab","Tactician+1"],"picked":"SKIP","floor":22},{"not_picked":["Dagger Throw","Terror"],"picked":"Accuracy","floor":24},{"not_picked":["Deflect","Riddle With Holes","Masterful Stab"],"picked":"SKIP","floor":25},{"not_picked":["Bane","Outmaneuver"],"picked":"Calculated Gamble","floor":27},{"not_picked":["All Out Attack+1","Calculated Gamble","Dagger Spray"],"picked":"SKIP","floor":28},{"not_picked":["Burst","Well Laid Plans"],"picked":"Noxious Fumes","floor":31},{"not_picked":["Deadly Poison","Skewer"],"picked":"Cloak And Dagger","floor":32}],"player_experience":1697080,"relics_obtained":[{"floor":6.0,"key":"StrikeDummy"},{"floor":9.0,"key":"Nunchaku"},{"floor":12.0,"key":"Happy Flower"},{"floor":26,"key":"Dream Catcher"},{"floor":31,"key":"Snake Skull"}],"event_choices":[{"damage_healed":0.0,"max_hp_gain":0.0,"max_hp_loss":0.0,"gold_gain":0.0,"event_name":"Upgrade Shrine","player_choice":"Upgraded","floor":3.0,"gold_loss":0.0,"damage_taken":0.0,"cards_upgraded":["Cloak And Dagger"]},{"cards_removed":["Strike_G"],"damage_healed":0,"gold_gain":0,"player_choice":"Card Removal","damage_taken":0,"max_hp_gain":0,"max_hp_loss":0,"event_name":"The Cleric","floor":13,"gold_loss":75},{"damage_healed":0,"gold_gain":0,"player_choice":"Upgraded","damage_taken":0,"max_hp_gain":0,"max_hp_loss":0,"event_name":"Upgrade Shrine","floor":14,"gold_loss":0,"cards_upgraded":["Noxious Fumes"]},{"damage_healed":0,"gold_gain":0,"player_choice":"Ignored","damage_taken":0,"max_hp_gain":0,"max_hp_loss":0,"event_name":"Ghosts","floor":29,"gold_loss":0}],"is_beta":false,"boss_relics":[{"not_picked":["SacredBark","HoveringKite"],"picked":"Cursed Key"}],"items_purged_floors":[],"is_endless":false,"potions_floor_spawned":[5,6,8,24,25,28,31],"killed_by":"Champ","ascension_level":16}}