{"host":"gkp57zoegrd3f2ij","time":1609778891,"event":{"mods":["BaseMod","Colored Map","Colored Powertips","Minty Spire (QoL Compilation)","StSLib"],"gold_per_floor":[117,192,207,218,45,76,76,95,95,95,106,121,131,164,164,260,260,241,257,271,281,281,307,307,322,322,322,336,336,261,276,276,377,377,393,408,23,23,23,23,37,71,98,109,124,124,134,134,134,134,134],"floor_reached":50,"playtime":3325,"items_purged":["Strike_R"],"score":662,"play_id":"dbcc67e1-6acb-4026-b934-2bd3b49e4a8a","local_time":"20210104174811","is_ascension_mode":true,"campfire_choices":[{"data":"Bandage Up","floor":7,"key":"SMITH"},{"data":"Corruption","floor":15,"key":"SMITH"},{"floor":24,"key":"REST"},{"data":"Demon Form","floor":27,"key":"SMITH"},{"floor":29,"key":"REST"},{"data":"Armaments","floor":32,"key":"SMITH"},{"floor":40,"key":"REST"},{"floor":46,"key":"REST"},{"floor":49,"key":"REST"}],"circlet_count":0,"master_deck":["Strike_R","Strike_R","Defend_R","Defend_R","Defend_R","Defend_R","Bash","Heavy Blade","Anger","Pummel","Bandage Up+1","Impervious","Armaments+1","Thunderclap","Feed","Corruption+1","Demon Form+1","Metallicize","Inflame","Clothesline+1","Metallicize+1","Inflame+1","Flex+1","Exhume","Rampage+1","Ghostly Armor","Writhe","Shockwave","Battle Trance","Jack Of All Trades"],"relics":["Black Blood","Bag of Preparation","Charon\u0027s Ashes","Ginger","Pocketwatch","Art of War","PreservedInsect","Regal Pillow","SlaversCollar","Turnip","Red Skull","Juzu Bracelet"],"acts_visited":["Exordium","TheCity","TheBeyond"],"potions_floor_usage":[6,14,14,16,20,21,21,28,33,41,41,42,45,45],"damage_taken":[{"damage":4,"enemies":"Small Slimes","floor":1,"turns":4},{"damage":1,"enemies":"Cultist","floor":3,"turns":4},{"damage":2,"enemies":"Jaw Worm","floor":4,"turns":3},{"damage":40,"enemies":"3 Sentries","floor":6,"turns":9},{"damage":3,"enemies":"Blue Slaver","floor":8,"turns":4},{"damage":6,"enemies":"2 Fungi Beasts","floor":11,"turns":3},{"damage":1,"enemies":"3 Louse","floor":12,"turns":3},{"damage":4,"enemies":"Large Slime","floor":13,"turns":6},{"damage":14,"enemies":"Lagavulin","floor":14,"turns":6},{"damage":43,"enemies":"Hexaghost","floor":16,"turns":9},{"damage":12,"enemies":"2 Thieves","floor":18,"turns":5},{"damage":18,"enemies":"Spheric Guardian","floor":19,"turns":5},{"damage":5,"enemies":"3 Cultists","floor":20,"turns":4},{"damage":50,"enemies":"Snake Plant","floor":21,"turns":6},{"damage":48,"enemies":"Slavers","floor":23,"turns":6},{"damage":15,"enemies":"Cultist and Chosen","floor":25,"turns":6},{"damage":27,"enemies":"3 Cultists","floor":28,"turns":7},{"damage":11,"enemies":"Snake Plant","floor":31,"turns":5},{"damage":80,"enemies":"Automaton","floor":33,"turns":8},{"damage":5,"enemies":"Orb Walker","floor":35,"turns":5},{"damage":79,"enemies":"3 Darklings","floor":36,"turns":6},{"damage":23,"enemies":"Sphere and 2 Shapes","floor":41,"turns":7},{"damage":28,"enemies":"Nemesis","floor":42,"turns":7},{"damage":19,"enemies":"4 Shapes","floor":44,"turns":5},{"damage":99,"enemies":"Transient","floor":45,"turns":5},{"damage":52,"enemies":"Spire Growth","floor":47,"turns":8},{"damage":107,"enemies":"Awakened One","floor":50,"turns":9}],"seed_played":"6234787455211645100","potions_obtained":[{"floor":4,"key":"AttackPotion"},{"floor":11,"key":"Dexterity Potion"},{"floor":13,"key":"AttackPotion"},{"floor":14,"key":"SteroidPotion"},{"floor":16,"key":"Ancient Potion"},{"floor":18,"key":"Explosive Potion"},{"floor":20,"key":"EssenceOfSteel"},{"floor":25,"key":"Dexterity Potion"},{"floor":28,"key":"ColorlessPotion"},{"floor":36,"key":"EntropicBrew"},{"floor":41,"key":"SkillPotion"}],"is_trial":false,"path_per_floor":["M","?","M","M","$","E","R","M","T","?","M","M","M","E","R","B",null,"M","M","M","M","?","E","R","M","T","R","M","R","?","M","R","B",null,"M","M","$","?","?","R","M","E","T","M","M","R","M","?","R","B"],"character_chosen":"IRONCLAD","items_purchased":["Bandage Up","Turnip","Ghostly Armor"],"campfire_rested":5,"item_purchase_floors":[5,37,37],"current_hp_per_floor":[80,69,74,78,78,48,48,57,57,57,63,74,83,81,81,50,83,83,83,86,57,57,30,57,63,63,63,57,98,98,101,101,39,101,101,37,37,37,63,104,102,95,95,97,16,64,33,33,82,0,0],"gold":134,"neow_bonus":"RANDOM_COMMON_RELIC","is_daily":false,"chose_seed":false,"campfire_upgraded":4,"win_rate":0.0,"timestamp":1609778891,"path_taken":["M","?","M","M","$","E","R","M","T","?","M","M","M","E","R","BOSS","M","?","M","M","?","E","R","M","T","R","M","R","?","M","R","BOSS","M","M","$","?","?","R","M","E","T","M","M","R","M","?","R","BOSS"],"items_purchased_type":["Card","Relic","Card"],"build_version":"2020-12-22","purchased_purges":1,"victory":false,"max_hp_per_floor":[80,80,80,80,80,80,80,80,80,80,80,80,83,83,83,83,83,83,83,86,89,89,92,92,95,95,95,98,98,98,101,101,101,101,101,104,104,104,104,104,107,110,110,113,113,113,116,116,116,120,120],"card_choices":[{"not_picked":["Wild Strike","Havoc"],"picked":"Heavy Blade","floor":1},{"not_picked":["Clash","Twin Strike"],"picked":"Anger","floor":3},{"not_picked":["Warcry","Burning Pact"],"picked":"Pummel","floor":4},{"not_picked":["Sever Soul","Heavy Blade"],"picked":"Impervious","floor":6},{"not_picked":["Clothesline","Heavy Blade"],"picked":"Armaments","floor":8},{"not_picked":["Warcry","Shrug It Off"],"picked":"Thunderclap","floor":11},{"not_picked":["Entrench","Anger"],"picked":"Feed","floor":12},{"not_picked":["Anger","Flex","Body Slam"],"picked":"SKIP","floor":13},{"not_picked":["Juggernaut","Wild Strike"],"picked":"Corruption","floor":14},{"not_picked":["Brutality","Berserk"],"picked":"Demon Form","floor":16},{"not_picked":["Seeing Red","Sentinel"],"picked":"Metallicize","floor":18},{"not_picked":["Flex+1","Warcry+1"],"picked":"Inflame","floor":19},{"not_picked":["Wild Strike","Cleave"],"picked":"Clothesline+1","floor":20},{"not_picked":["Clothesline+1","Flex"],"picked":"Metallicize+1","floor":21},{"not_picked":["Headbutt+1","True Grit"],"picked":"Inflame+1","floor":23},{"not_picked":["Anger","Sword Boomerang","Body Slam"],"picked":"SKIP","floor":25},{"not_picked":["Brutality","Shrug It Off"],"picked":"Flex+1","floor":28},{"not_picked":["Clothesline+1","Sword Boomerang","Power Through+1"],"picked":"SKIP","floor":31},{"not_picked":["Juggernaut","Fiend Fire"],"picked":"Exhume","floor":33},{"not_picked":["Shrug It Off","Armaments+1","Iron Wave"],"picked":"SKIP","floor":35},{"not_picked":["Metallicize","Clothesline"],"picked":"Rampage+1","floor":36},{"not_picked":["Hemokinesis","Anger+1"],"picked":"Shockwave","floor":41},{"not_picked":["Armaments","Sword Boomerang+1"],"picked":"Battle Trance","floor":42},{"not_picked":["Dark Embrace+1","Dropkick","Pommel Strike"],"picked":"SKIP","floor":44},{"not_picked":["Clothesline","Anger","Dual Wield+1"],"picked":"SKIP","floor":45},{"not_picked":["Intimidate+1","Disarm","Clothesline"],"picked":"SKIP","floor":47},{"not_picked":["Trip","Swift Strike"],"picked":"Jack Of All Trades","floor":48}],"player_experience":251975,"relics_obtained":[{"floor":6,"key":"Charon\u0027s Ashes"},{"floor":9,"key":"Ginger"},{"floor":14,"key":"Pocketwatch"},{"floor":23,"key":"PreservedInsect"},{"floor":26,"key":"Regal Pillow"},{"floor":42,"key":"Red Skull"},{"floor":43,"key":"Juzu Bracelet"}],"event_choices":[{"damage_healed":0,"gold_gain":75,"player_choice":"Gather Gold","damage_taken":11,"max_hp_gain":0,"max_hp_loss":0,"event_name":"World of Goop","floor":2,"gold_loss":0},{"damage_healed":0,"gold_gain":0,"player_choice":"0 cards matched","damage_taken":0,"max_hp_gain":0,"max_hp_loss":0,"event_name":"Match and Keep!","floor":10,"gold_loss":0,"cards_obtained":[]},{"damage_healed":0,"gold_gain":0,"player_choice":"Opened","damage_taken":0,"relics_obtained":["Art of War"],"max_hp_gain":0,"max_hp_loss":0,"event_name":"The Mausoleum","floor":22,"gold_loss":0},{"cards_removed":["Strike_R"],"damage_healed":0,"gold_gain":0,"player_choice":"Gave Gold","damage_taken":0,"max_hp_gain":0,"max_hp_loss":0,"event_name":"Beggar","floor":30,"gold_loss":75},{"cards_removed":["Strike_R"],"damage_healed":0,"gold_gain":0,"player_choice":"Removed Attack","damage_taken":0,"max_hp_gain":0,"max_hp_loss":0,"event_name":"Falling","floor":38,"gold_loss":0},{"damage_healed":26,"gold_gain":0,"player_choice":"Writhe","damage_taken":0,"max_hp_gain":0,"max_hp_loss":0,"event_name":"Winding Halls","floor":39,"gold_loss":0,"cards_obtained":["Writhe"]},{"damage_healed":0,"gold_gain":0,"player_choice":"Memory 1","damage_taken":0,"max_hp_gain":0,"max_hp_loss":0,"event_name":"SensoryStone","floor":48,"gold_loss":0}],"is_beta":false,"boss_relics":[{"not_picked":["SacredBark","Philosopher\u0027s Stone"],"picked":"Black Blood"},{"not_picked":["Runic Dome","Astrolabe"],"picked":"SlaversCollar"}],"items_purged_floors":[5],"is_endless":false,"potions_floor_spawned":[4,11,13,14,16,18,20,25,28,36,41],"killed_by":"Awakened One","ascension_level":4}}