{"host":"3vgzk5mhz751jdrj","time":1609761365,"event":{"mods":["2.2 Compatiblity","AchievementEnabler","Act Like it!","Aspiration","BaseMod","Better Match","Better Note","Better Sensory Stone","Better Skull","Better Third Choice","Block Reminder","Colored Map","Conspire","Displayed Cursed Tome","Downfall","Friendly Minions","GifTheSpireLib","Halation","Hubris","Marked Mod","Mimic Mod","Minty Spire (QoL Compilation)","Quick Restart","Rare Cards Sparkle","Replay The Spire","Reworked Bosses","Shop Mod","Spicy Shops","Spikes Relics","StSLib","Stuff the Spire","Trackpad","vexMod"],"gold_per_floor":[99,116,116,130,9,24,58,58,72,72,103,119,147,158,168,168,168,168],"floor_reached":16,"playtime":1669,"items_purged":[],"score":120,"play_id":"64945143-d4f2-4ae2-8950-f436e134bff9","local_time":"20210104065605","is_ascension_mode":true,"campfire_choices":[{"data":"hexamod:Float","floor":1,"key":"SMITH"},{"data":"hexamod:RadiantFlame","floor":8,"key":"SMITH"}],"circlet_count":0,"master_deck":["hexamod:Strike","hexamod:Strike","hexamod:Strike","hexamod:Strike","hexamod:Defend+1","hexamod:Defend+1","hexamod:Defend+1","hexamod:Sear+1","hexamod:Float+1","hexamod:BurningTouch+1","hexamod:DynamicBlow","hexamod:RecurringNightmare","hexamod:RadiantFlame+1","hexamod:HauntingEcho","hexamod:ChargedBarrage","hexamod:HeatShield","Regret","hexamod:HauntingEcho","hexamod:GhostflameInferno","hexamod:GhostOfSpirePast"],"relics":["hexamod:SpiritBrand","Orichalcum","War Paint"],"acts_visited":["Exordium"],"potions_floor_usage":[11,13,15],"damage_taken":[{"damage":2,"enemies":"conspire:RoseBush","floor":2,"turns":3},{"damage":5,"enemies":"Jaw Worm","floor":4,"turns":3},{"damage":0,"enemies":"downfall:FleeingMerchant","floor":5,"turns":4},{"damage":0,"enemies":"2 Louse","floor":6,"turns":3},{"damage":0,"enemies":"Blue Slaver","floor":7,"turns":6},{"damage":6,"enemies":"Blue Slaver","floor":9,"turns":3},{"damage":6,"enemies":"Lagavulin","floor":11,"turns":8},{"damage":12,"enemies":"Exordium Thugs","floor":12,"turns":6},{"damage":10,"enemies":"3 Sentries","floor":13,"turns":7},{"damage":2,"enemies":"2 Fungi Beasts","floor":14,"turns":3},{"damage":3,"enemies":"3 Louse","floor":15,"turns":3},{"damage":32,"enemies":"downfall:Ironclad","floor":16,"turns":7}],"seed_played":"7633589018418371821","potions_obtained":[{"floor":6,"key":"Venom Potion"},{"floor":9,"key":"Block Potion"},{"floor":12,"key":"Dexterity Potion"},{"floor":14,"key":"Adrenaline Potion"},{"floor":15,"key":"Cursed Concoction"}],"is_trial":false,"path_per_floor":["R","M","?","M","$","M","MIM","R","M","?","E","M","E","M","M","B"],"character_chosen":"THE_SPIRIT","items_purchased":["hexamod:RadiantFlame"],"campfire_rested":0,"item_purchase_floors":[5],"current_hp_per_floor":[77,75,75,70,70,70,70,70,64,64,58,46,36,34,31,0,0,0],"gold":168,"neow_bonus":"TEN_PERCENT_HP_BONUS","is_daily":false,"chose_seed":false,"campfire_upgraded":2,"win_rate":0.0,"timestamp":1609761365,"path_taken":["R","M","?","M","?","M","MIM","R","M","?","E","M","E","M","M","BOSS"],"items_purchased_type":["Card"],"build_version":"2020-12-22","purchased_purges":0,"victory":false,"max_hp_per_floor":[77,77,77,77,77,77,77,77,77,77,77,77,77,77,77,77,77,77],"card_choices":[{"not_picked":["hexamod:SwordOfDarkness","hexamod:Firestarter"],"picked":"hexamod:BurningTouch","floor":2},{"not_picked":["hexamod:Hexaguard","hexamod:Haunt"],"picked":"hexamod:DynamicBlow","floor":4},{"not_picked":["hexamod:GhostLash","hexamod:GhostShield"],"picked":"hexamod:RecurringNightmare","floor":5},{"not_picked":["hexamod:SuperheatedStrike","hexamod:BacktrackSmack"],"picked":"hexamod:HauntingEcho","floor":6},{"not_picked":["hexamod:HauntingEcho","hexamod:EmpoweredFlame"],"picked":"hexamod:ChargedBarrage","floor":7},{"not_picked":["hexamod:GhostOfSpireFuture","hexamod:ChargedBarrage"],"picked":"hexamod:HeatShield","floor":9},{"not_picked":["hexamod:Haunt","hexamod:NecessarySacrifice"],"picked":"hexamod:HauntingEcho","floor":11},{"not_picked":["hexamod:RainOfEmbers","hexamod:FourthSeal","hexamod:PhantomFireball"],"picked":"SKIP","floor":12},{"not_picked":["hexamod:SecondSeal","hexamod:InspiringFlames"],"picked":"hexamod:GhostflameInferno","floor":13},{"not_picked":["hexamod:HeatMetal","hexamod:InspiringFlames"],"picked":"hexamod:GhostOfSpirePast","floor":14},{"not_picked":["hexamod:SpectralAdrenaline","hexamod:BacktrackSmack","hexamod:NecessarySacrifice"],"picked":"SKIP","floor":15}],"player_experience":292490,"relics_obtained":[{"floor":11,"key":"Orichalcum"},{"floor":13,"key":"War Paint"}],"event_choices":[{"cards_removed":["hexamod:Defend"],"damage_healed":0,"gold_gain":0,"player_choice":"Offered Basic","damage_taken":0,"max_hp_gain":0,"max_hp_loss":0,"event_name":"Bonfire Elementals","floor":3,"gold_loss":0}],"is_beta":false,"boss_relics":[],"items_purged_floors":[],"is_endless":false,"potions_floor_spawned":[6,9,12,14,15],"killed_by":"downfall:Ironclad","ascension_level":1}}