{"host":"ewfe3cr33ktd9xzj","time":1609751587,"event":{"mods":["AchievementEnabler","BaseMod","Colored Map","Custom Start","DeckTracker","Minty Spire (QoL Compilation)","Rare Cards Sparkle","StSLib","everything is the same but u backflip on backflip"],"gold_per_floor":[111,111,23,42,42,73,73,104,104,127,127,127,151,190,190,190,190],"floor_reached":16,"playtime":309,"items_purged":[],"score":306,"play_id":"d867beca-8336-4aac-8d58-f27850582a21","local_time":"20210104181307","is_ascension_mode":true,"campfire_choices":[{"data":"Rampage","floor":7.0,"key":"SMITH"},{"data":"Bash","floor":11.0,"key":"SMITH"},{"data":"Shrug It Off","floor":15,"key":"SMITH"}],"circlet_count":0,"master_deck":["AscendersBane","Strike_R","Strike_R","Strike_R","Strike_R","Strike_R","Defend_R","Defend_R","Defend_R","Defend_R","Bash+1","Rampage+1","Shrug It Off+1"],"relics":["Burning Blood","NeowsBlessing","Golden Idol","Toy Ornithopter","StoneCalendar","Blue Candle","Strawberry"],"acts_visited":["Exordium"],"potions_floor_usage":[12,14,16],"damage_taken":[{"damage":0.0,"enemies":"2 Louse","floor":1.0,"turns":1.0},{"damage":0.0,"enemies":"Small Slimes","floor":4.0,"turns":2.0},{"damage":0.0,"enemies":"3 Sentries","floor":6.0,"turns":2.0},{"damage":42.0,"enemies":"Lagavulin","floor":8.0,"turns":9.0},{"damage":0.0,"enemies":"Cultist","floor":10.0,"turns":3.0},{"damage":0,"enemies":"3 Sentries","floor":12,"turns":1},{"damage":17,"enemies":"Red Slaver","floor":13,"turns":4},{"damage":31,"enemies":"Lagavulin","floor":14,"turns":6},{"damage":11,"enemies":"Hexaghost","floor":16,"turns":8}],"seed_played":"-3743842751541107895","potions_obtained":[{"floor":6.0,"key":"SmokeBomb"},{"floor":10.0,"key":"Energy Potion"},{"floor":14,"key":"Block Potion"}],"is_trial":false,"path_per_floor":["M","?","$","M","$","E","R","E","T","M","R","E","M","E","R","B"],"character_chosen":"IRONCLAD","items_purchased":["Rampage"],"campfire_rested":0,"item_purchase_floors":[3],"current_hp_per_floor":[74,48,48,54,54,60,60,24,24,30,30,41,30,17,17,11,11],"gold":190,"neow_bonus":"THREE_ENEMY_KILL","is_daily":false,"chose_seed":false,"campfire_upgraded":3,"win_rate":0.0,"timestamp":1609751587,"path_taken":["M","?","$","M","$","E","R","E","T","M","R","E","M","E","R","BOSS"],"items_purchased_type":["Card"],"build_version":"2020-12-22","purchased_purges":0,"victory":false,"max_hp_per_floor":[75,75,75,75,75,75,75,75,75,75,75,75,75,82,82,82,82],"card_choices":[{"not_picked":["Armaments","Bloodletting","Headbutt"],"picked":"SKIP","floor":1.0},{"not_picked":["Clothesline","Rage","Heavy Blade"],"picked":"SKIP","floor":4.0},{"not_picked":["Exhume","Intimidate"],"picked":"Shrug It Off","floor":6.0},{"not_picked":["Entrench","Flex","Thunderclap"],"picked":"SKIP","floor":8.0},{"not_picked":["Armaments","Dark Embrace","Iron Wave"],"picked":"SKIP","floor":10.0},{"not_picked":["Cleave","Thunderclap","Anger"],"picked":"SKIP","floor":13},{"not_picked":["True Grit","Cleave","Exhume"],"picked":"SKIP","floor":14}],"player_experience":9591,"relics_obtained":[{"floor":6.0,"key":"Toy Ornithopter"},{"floor":8.0,"key":"StoneCalendar"},{"floor":9.0,"key":"Blue Candle"},{"floor":14,"key":"Strawberry"}],"event_choices":[{"damage_healed":0.0,"max_hp_gain":0.0,"max_hp_loss":0.0,"gold_gain":0.0,"event_name":"Golden Idol","player_choice":"Take Damage","floor":2.0,"gold_loss":0.0,"damage_taken":26.0,"relics_obtained":["Golden Idol"]}],"is_beta":false,"boss_relics":[],"items_purged_floors":[],"is_endless":false,"potions_floor_spawned":[6,10,12,14],"killed_by":"Hexaghost","ascension_level":20}}