{"host":"rolltorest","time":1609718465,"event":{"mods":["BaseMod","Minty Spire (QoL Compilation)","Relic Stats","Slay the Relics Exporter","StSLib","The Marked"],"gold_per_floor":[115,127,127,145,17,17,49,49,49,49,62,87,107,118,118,215,215,234,38,137,152,161,161,189,189,266,266,266,284,284,303,303,408,408,420,420,420,226,244,244,270,282,342,374,406,418,192,208,208,208,208],"floor_reached":50,"playtime":1355,"items_purged":["theMarked:Strike","theMarked:Strike","theMarked:Strike+1","Shame"],"score":498,"play_id":"46b6f501-5ad4-45c6-aee9-5b035c004117","local_time":"20210103160105","is_ascension_mode":false,"campfire_choices":[{"data":"theMarked:HeritageOfTheMarked","floor":6,"key":"SMITH"},{"data":"theMarked:ComboAttacks","floor":8,"key":"SMITH"},{"data":"theMarked:BanishingStrike","floor":15,"key":"SMITH"},{"data":"theMarked:Challenge","floor":23,"key":"SMITH"},{"data":"theMarked:HeritageOfTheMarked","floor":25,"key":"SMITH"},{"data":"theMarked:BanishingStrike","floor":27,"key":"SMITH"},{"data":"theMarked:Seal","floor":32,"key":"SMITH"},{"data":"theMarked:Abjuration","floor":40,"key":"SMITH"},{"floor":46,"key":"REST"},{"floor":49,"key":"RECALL"}],"circlet_count":0,"master_deck":["theMarked:Defend+1","theMarked:Defend+1","theMarked:Defend+1","theMarked:Defend+1","theMarked:SoldierOfQuellstein","theMarked:ThrowWeapon+1","theMarked:BanishingStrike+1","theMarked:SelfDefenseTraining","theMarked:HeritageOfTheMarked+1","theMarked:BanishingStrike+1","theMarked:ComboAttacks+1","theMarked:HeritageOfTheMarked+1","theMarked:BanishingStrike","theMarked:DeterminationOfTheMarked","theMarked:Challenge+1","theMarked:Frustration","theMarked:Seal+1","theMarked:Abjuration+1","theMarked:KeepCalmAndFightOn+1","theMarked:TwofoldDefense"],"relics":["theMarked:ArtifactOfAir","theMarked:NailFile","Whetstone","White Beast Statue","Black Star","Membership Card","CeramicFish","Singing Bowl","Frozen Egg 2","Gremlin Horn","StoneCalendar","Philosopher\u0027s Stone","Pantograph","MawBank","PreservedInsect","theMarked:DemonDagger","Lantern"],"acts_visited":["Exordium","TheCity","TheBeyond"],"potions_floor_usage":[12,16,21,24,24,33,35,39,41,44,45,48],"damage_taken":[{"damage":3,"enemies":"Small Slimes","floor":1,"turns":3},{"damage":1,"enemies":"Cultist","floor":2,"turns":3},{"damage":6,"enemies":"2 Louse","floor":4,"turns":3},{"damage":39,"enemies":"3 Sentries","floor":7,"turns":7},{"damage":10,"enemies":"2 Fungi Beasts","floor":11,"turns":5},{"damage":14,"enemies":"Gremlin Nob","floor":12,"turns":3},{"damage":6,"enemies":"Large Slime","floor":13,"turns":3},{"damage":0,"enemies":"3 Louse","floor":14,"turns":6},{"damage":19,"enemies":"Hexaghost","floor":16,"turns":6},{"damage":25,"enemies":"Spheric Guardian","floor":18,"turns":5},{"damage":24,"enemies":"3 Byrds","floor":21,"turns":5},{"damage":10,"enemies":"Book of Stabbing","floor":24,"turns":5},{"damage":13,"enemies":"3 Cultists","floor":31,"turns":4},{"damage":26,"enemies":"Champ","floor":33,"turns":9},{"damage":33,"enemies":"3 Darklings","floor":35,"turns":5},{"damage":11,"enemies":"Orb Walker","floor":39,"turns":4},{"damage":27,"enemies":"Reptomancer","floor":41,"turns":3},{"damage":0,"enemies":"Writhing Mass","floor":44,"turns":4},{"damage":15,"enemies":"Transient","floor":45,"turns":5},{"damage":11,"enemies":"Maw","floor":48,"turns":5},{"damage":68,"enemies":"Donu and Deca","floor":50,"turns":6}],"seed_played":"1224773938637101983","potions_obtained":[{"floor":1,"key":"theMarked:ChargePotion"},{"floor":7,"key":"DistilledChaos"},{"floor":13,"key":"Dexterity Potion"},{"floor":14,"key":"Energy Potion"},{"floor":16,"key":"ColorlessPotion"},{"floor":21,"key":"AttackPotion"},{"floor":24,"key":"DistilledChaos"},{"floor":31,"key":"Energy Potion"},{"floor":33,"key":"SkillPotion"},{"floor":35,"key":"EssenceOfSteel"},{"floor":39,"key":"Energy Potion"},{"floor":41,"key":"Block Potion"},{"floor":44,"key":"SkillPotion"},{"floor":45,"key":"Explosive Potion"},{"floor":48,"key":"Swift Potion"}],"is_trial":false,"path_per_floor":["M","M","?","M","$","R","E","R","T","$","M","E","M","M","R","B",null,"M","$","?","M","?","R","E","R","T","R","?","?","T","M","R","B",null,"M","?","?","$","M","R","E","?","T","M","M","R","$","M","R","B"],"character_chosen":"THE_DEFAULT","items_purchased":["theMarked:BanishingStrike","Membership Card","Pantograph","theMarked:DemonDagger","Lantern","theMarked:TwofoldDefense"],"campfire_rested":1,"item_purchase_floors":[5,19,38,47,47,47],"current_hp_per_floor":[67,66,66,60,60,60,21,21,21,21,31,27,31,41,41,32,70,55,55,55,61,61,61,53,53,53,53,53,53,53,72,72,56,74,43,43,43,43,44,44,19,19,19,31,16,40,40,41,41,0,0],"gold":208,"neow_bonus":"ONE_RANDOM_RARE_CARD","is_daily":false,"chose_seed":false,"campfire_upgraded":8,"win_rate":0.0,"timestamp":1609718465,"path_taken":["M","M","?","M","$","R","E","R","T","$","M","E","M","M","R","BOSS","M","$","?","M","?","R","E","R","T","R","?","?","?","M","R","BOSS","M","?","?","?","M","R","E","?","T","M","M","R","$","M","R","BOSS"],"items_purchased_type":["Card","Relic","Relic","Relic","Relic","Card"],"build_version":"2020-12-18","purchased_purges":4,"victory":false,"max_hp_per_floor":[70,70,70,70,70,70,70,70,70,70,70,70,70,70,70,70,70,70,70,70,70,70,70,72,72,72,72,72,72,72,74,74,74,74,76,76,76,76,78,78,80,80,80,82,82,82,82,84,84,84,84],"relic_stats":{"Singing Bowl":14,"Gremlin Horn":[8,8],"counters":[21,91],"CeramicFish":54,"Pantograph":25,"StoneCalendar":[52],"PreservedInsect":0,"Black Star":2,"Whetstone":["theMarked:Strike","theMarked:ThrowWeapon"],"MawBank":72,"obtain_stats":[{"theMarked:NailFile":7,"theMarked:DemonDagger":47,"Lantern":47,"Singing Bowl":24,"Gremlin Horn":26,"CeramicFish":22,"StoneCalendar":30,"PreservedInsect":41,"Whetstone":9,"Frozen Egg 2":24,"MawBank":41,"White Beast Statue":12,"theMarked:ArtifactOfAir":0,"Pantograph":38,"Philosopher\u0027s Stone":34,"Black Star":17,"Membership Card":19},{"theMarked:NailFile":4,"theMarked:DemonDagger":19,"Lantern":19,"Singing Bowl":12,"Gremlin Horn":12,"CeramicFish":11,"StoneCalendar":12,"PreservedInsect":17,"Whetstone":4,"Frozen Egg 2":12,"MawBank":17,"White Beast Statue":6,"theMarked:ArtifactOfAir":0,"Pantograph":15,"Philosopher\u0027s Stone":14,"Black Star":9,"Membership Card":10},{"theMarked:NailFile":15,"theMarked:DemonDagger":81,"Lantern":81,"Singing Bowl":48,"Gremlin Horn":48,"CeramicFish":43,"StoneCalendar":48,"PreservedInsect":72,"Whetstone":15,"Frozen Egg 2":48,"MawBank":72,"White Beast Statue":21,"theMarked:ArtifactOfAir":0,"Pantograph":66,"Philosopher\u0027s Stone":61,"Black Star":35,"Membership Card":39}]},"card_choices":[{"not_picked":["theMarked:MaelstromOfLightning","theMarked:ContemptForTheProud"],"picked":"theMarked:BanishingStrike","floor":1},{"not_picked":["theMarked:Static","theMarked:Frustration"],"picked":"theMarked:SelfDefenseTraining","floor":2},{"not_picked":["theMarked:Aftermath","theMarked:Overcharge"],"picked":"theMarked:HeritageOfTheMarked","floor":4},{"not_picked":["theMarked:TakeCover","theMarked:ContemptForTheProud"],"picked":"theMarked:ComboAttacks","floor":7},{"not_picked":["theMarked:LightningStrikesTwice","theMarked:Panic"],"picked":"theMarked:HeritageOfTheMarked","floor":11},{"not_picked":["theMarked:UnarmedFury","theMarked:EmpowerWeapon"],"picked":"theMarked:BanishingStrike","floor":12},{"not_picked":["theMarked:WastefulDefense","theMarked:ResourceFulStrike","theMarked:SwordAndMagic"],"picked":"SKIP","floor":13},{"not_picked":["theMarked:RepellingDischarge","theMarked:ShockingTouch"],"picked":"theMarked:DeterminationOfTheMarked","floor":14},{"not_picked":["theMarked:SuspiciousRaven","theMarked:TakeOffHeels"],"picked":"theMarked:Challenge","floor":16},{"not_picked":["theMarked:ChainLightning","theMarked:EmpowerWeapon","theMarked:Parkour"],"picked":"SKIP","floor":18},{"not_picked":["theMarked:GodGivenPower+1","theMarked:Electrify","theMarked:SelfDefenseTraining"],"picked":"SKIP","floor":21},{"not_picked":["theMarked:HeightenedSenses","theMarked:EmpowerWeapon","theMarked:ChannelForce"],"picked":"Singing Bowl","floor":24},{"not_picked":["theMarked:Convert+1","theMarked:WastefulDefense","theMarked:ReduceFriction"],"picked":"Singing Bowl","floor":31},{"not_picked":["theMarked:SoldierForm+1","theMarked:DispelDoubt"],"picked":"theMarked:Abjuration","floor":33},{"not_picked":["theMarked:EmpowerWeapon+1","theMarked:Aftermath+1","theMarked:ContemptForTheProud"],"picked":"Singing Bowl","floor":35},{"not_picked":["theMarked:Overthink+1","theMarked:Static","theMarked:Parkour"],"picked":"Singing Bowl","floor":39},{"not_picked":["theMarked:MagicAdept+1","theMarked:EmpowerWeapon+1","theMarked:RepellingDischarge"],"picked":"Singing Bowl","floor":41},{"not_picked":["theMarked:HeightenedSenses","theMarked:Static+1","theMarked:SwordAndMagic"],"picked":"Singing Bowl","floor":44},{"not_picked":["theMarked:WastefulDefense","theMarked:Static+1"],"picked":"theMarked:KeepCalmAndFightOn+1","floor":45},{"not_picked":["theMarked:ElectricStrings","theMarked:BanishingStrike","theMarked:ShockingTouch"],"picked":"Singing Bowl","floor":48}],"player_experience":1721226,"relics_obtained":[{"floor":7,"key":"theMarked:NailFile"},{"floor":9,"key":"Whetstone"},{"floor":12,"key":"White Beast Statue"},{"floor":24,"key":"Singing Bowl"},{"floor":24,"key":"Frozen Egg 2"},{"floor":26,"key":"Gremlin Horn"},{"floor":30,"key":"StoneCalendar"},{"floor":41,"key":"MawBank"},{"floor":41,"key":"PreservedInsect"}],"event_choices":[{"damage_healed":0,"gold_gain":0,"player_choice":"Ignored","damage_taken":0,"max_hp_gain":0,"max_hp_loss":0,"event_name":"NoteForYourself","floor":3,"gold_loss":0},{"damage_healed":0,"gold_gain":99,"player_choice":"Stole From Cult","damage_taken":0,"max_hp_gain":0,"max_hp_loss":0,"event_name":"Nest","floor":20,"gold_loss":0},{"damage_healed":0,"gold_gain":0,"player_choice":"Stole Relic","damage_taken":0,"relics_obtained":["CeramicFish"],"max_hp_gain":0,"max_hp_loss":0,"event_name":"Addict","floor":22,"gold_loss":0,"cards_obtained":["Shame"]},{"damage_healed":0,"gold_gain":0,"player_choice":"Simplicity","damage_taken":0,"max_hp_gain":0,"max_hp_loss":0,"event_name":"Back to Basics","floor":28,"gold_loss":0,"cards_upgraded":["theMarked:Strike","theMarked:Strike","theMarked:Defend","theMarked:Defend","theMarked:Defend","theMarked:Defend"]},{"damage_healed":0,"gold_gain":0,"cards_transformed":["theMarked:Strike","theMarked:Strike"],"player_choice":"Became Test Subject","damage_taken":0,"max_hp_gain":0,"max_hp_loss":0,"event_name":"Drug Dealer","floor":29,"gold_loss":0,"cards_obtained":["theMarked:Frustration","theMarked:Seal"]},{"damage_healed":0,"gold_gain":0,"player_choice":"Ignored","damage_taken":0,"max_hp_gain":0,"max_hp_loss":0,"event_name":"Tomb of Lord Red Mask","floor":36,"gold_loss":0},{"damage_healed":0,"gold_gain":0,"player_choice":"Ignored","damage_taken":0,"max_hp_gain":0,"max_hp_loss":0,"event_name":"Mysterious Sphere","floor":37,"gold_loss":0},{"damage_healed":0,"gold_gain":0,"player_choice":"Got Potions","damage_taken":0,"max_hp_gain":0,"max_hp_loss":0,"event_name":"Lab","floor":42,"gold_loss":0}],"is_beta":true,"boss_relics":[{"not_picked":["Pandora\u0027s Box","Velvet Choker"],"picked":"Black Star"},{"not_picked":["Tiny House","Calling Bell"],"picked":"Philosopher\u0027s Stone"}],"items_purged_floors":[5,19,38,47],"is_endless":false,"potions_floor_spawned":[1,7,13,14,16,18,21,24,31,33,35,39,41,44,45,48],"killed_by":"Donu and Deca","ascension_level":0}}