{"host":"6gnv7me3tk2udb7q","time":1609784996,"event":{"mods":["BaseMod","Bestiary","Colored Map","Minty Spire (QoL Compilation)"],"gold_per_floor":[114,132,132,108,124,124,150,150,150,150,325,400,420,18,18,90,90,102,102,102,17,29,29,61,80,107,107,107],"floor_reached":27,"playtime":1034,"items_purged":["Doubt"],"score":444,"play_id":"1d2189fd-c22e-4347-a118-47fbb65512ad","local_time":"20210104132956","is_ascension_mode":true,"campfire_choices":[{"data":"Eruption","floor":6.0,"key":"SMITH"},{"floor":8.0,"key":"REST"},{"data":"WheelKick","floor":10.0,"key":"SMITH"},{"data":"TalkToTheHand","floor":15.0,"key":"SMITH"},{"data":"Blasphemy","floor":23,"key":"SMITH"}],"circlet_count":0,"master_deck":["AscendersBane","Defend_P","Defend_P","Eruption+1","Vigilance","CrushJoints","CutThroughFate","FlurryOfBlows","DeusExMachina","WheelKick+1","Regret","TalkToTheHand+1","Panache","Blasphemy+1","Wallop+1","ClearTheMind+1","MasterReality+1","FlyingSleeves","Bite","Bite","Bite","Bite","Bite","Halt+1","Sanctity","Normality"],"relics":["Cursed Key","Unceasing Top","Regal Pillow","Bottled Flame","HandDrill","Astrolabe","Enchiridion","Shuriken","Dream Catcher"],"acts_visited":["Exordium","TheCity"],"potions_floor_usage":[16,18,18,25,27],"damage_taken":[{"damage":2.0,"enemies":"Jaw Worm","floor":1.0,"turns":5.0},{"damage":0.0,"enemies":"2 Louse","floor":2.0,"turns":2.0},{"damage":0.0,"enemies":"Small Slimes","floor":5.0,"turns":2.0},{"damage":24.0,"enemies":"3 Sentries","floor":7.0,"turns":6.0},{"damage":0.0,"enemies":"3 Louse","floor":13.0,"turns":2.0},{"damage":23,"enemies":"The Guardian","floor":16,"turns":7},{"damage":0,"enemies":"2 Thieves","floor":18,"turns":2},{"damage":0,"enemies":"Shell Parasite","floor":22,"turns":2},{"damage":22,"enemies":"Book of Stabbing","floor":24,"turns":3},{"damage":25,"enemies":"Centurion and Healer","floor":25,"turns":4},{"damage":36,"enemies":"Gremlin Leader","floor":27,"turns":4}],"seed_played":"1486744958471307578","potions_obtained":[{"floor":7.0,"key":"Block Potion"},{"floor":13.0,"key":"Strength Potion"},{"floor":16,"key":"Swift Potion"},{"floor":22,"key":"Regen Potion"},{"floor":25,"key":"ColorlessPotion"}],"is_trial":false,"path_per_floor":["M","M","?","$","M","R","E","R","T","R","?","?","M","$","R","B",null,"M","?","?","?","M","R","E","M","T","E"],"character_chosen":"WATCHER","items_purchased":["FlurryOfBlows","HandDrill","Panache"],"campfire_rested":1,"item_purchase_floors":[4,14,14],"current_hp_per_floor":[63,63,45,45,45,45,21,57,57,57,57,46,46,46,46,23,60,60,44,44,44,48,48,32,24,24,0,0],"gold":107,"neow_bonus":"BOSS_RELIC","is_daily":false,"chose_seed":false,"campfire_upgraded":4,"win_rate":0.0,"timestamp":1609784996,"path_taken":["M","M","?","$","M","R","E","R","T","R","?","?","M","$","R","BOSS","M","?","?","?","M","R","E","M","T","E"],"items_purchased_type":["Card","Relic","Card"],"build_version":"2020-12-22","purchased_purges":1,"victory":false,"max_hp_per_floor":[72,72,72,72,72,72,72,72,72,72,72,72,72,72,72,72,72,72,72,50,50,50,50,50,50,50,50,50],"card_choices":[{"not_picked":["Vengeance","SashWhip"],"picked":"CrushJoints","floor":1.0},{"not_picked":["EmptyBody","Crescendo"],"picked":"CutThroughFate","floor":2.0},{"not_picked":["CutThroughFate","EmptyFist"],"picked":"DeusExMachina","floor":5.0},{"not_picked":["SignatureMove","PathToVictory"],"picked":"WheelKick","floor":7.0},{"not_picked":["Sanctity","Perseverance"],"picked":"TalkToTheHand","floor":13.0},{"not_picked":["DeusExMachina","MasterReality"],"picked":"Blasphemy","floor":16},{"not_picked":["SashWhip","Halt"],"picked":"FlyingSleeves","floor":18},{"not_picked":["Consecrate+1","Evaluate"],"picked":"Halt+1","floor":22},{"not_picked":["Ragnarok","Prostrate"],"picked":"Sanctity","floor":24},{"not_picked":["Halt","EmptyFist","EmptyBody"],"picked":"SKIP","floor":25}],"player_experience":583502,"relics_obtained":[{"floor":7.0,"key":"Regal Pillow"},{"floor":9.0,"key":"Bottled Flame"},{"floor":19,"key":"Enchiridion"},{"floor":24,"key":"Dream Catcher"}],"event_choices":[{"damage_healed":0.0,"max_hp_gain":0.0,"max_hp_loss":0.0,"gold_gain":0.0,"event_name":"Scrap Ooze","player_choice":"Success","floor":3.0,"gold_loss":0.0,"damage_taken":18.0,"relics_obtained":["Unceasing Top"]},{"damage_healed":0.0,"max_hp_gain":0.0,"max_hp_loss":0.0,"gold_gain":175.0,"event_name":"Liars Game","player_choice":"AGREE","floor":11.0,"gold_loss":0.0,"damage_taken":0.0,"cards_obtained":["Doubt"]},{"damage_healed":0.0,"max_hp_gain":0.0,"max_hp_loss":0.0,"gold_gain":75.0,"event_name":"World of Goop","player_choice":"Gather Gold","floor":12.0,"gold_loss":0.0,"damage_taken":11.0},{"damage_healed":0,"gold_gain":0,"player_choice":"Obtained Book","damage_taken":16,"max_hp_gain":0,"max_hp_loss":0,"event_name":"Cursed Tome","floor":19,"gold_loss":0},{"damage_healed":0,"gold_gain":0,"player_choice":"Became a vampire","damage_taken":0,"max_hp_gain":0,"max_hp_loss":22,"event_name":"Vampires","floor":20,"gold_loss":0,"cards_obtained":["Bite","Bite","Bite","Bite","Bite"]},{"damage_healed":0,"gold_gain":0,"player_choice":"Obtained Relic","damage_taken":0,"relics_obtained":["Shuriken"],"max_hp_gain":0,"max_hp_loss":0,"event_name":"Addict","floor":21,"gold_loss":85}],"is_beta":false,"boss_relics":[{"not_picked":["Coffee Dripper","Tiny House"],"picked":"Astrolabe"}],"items_purged_floors":[14],"is_endless":false,"potions_floor_spawned":[7,13,16,22,25],"killed_by":"Gremlin Leader","ascension_level":13}}