{"host":"Bilverbakes","time":1609726333,"event":{"mods":["2.2 Compatiblity","AchievementEnabler","BaseMod","Bestiary","Colored Map","Minty Spire (QoL Compilation)","Relic Stats","StSLib","ojb\u0027s Info Mod"],"gold_per_floor":[113,133,133,149,149,181,181,181,181],"floor_reached":8,"playtime":933,"items_purged":[],"score":106,"play_id":"ccd77797-121b-45d9-a9a5-362d21f1b8e6","local_time":"20210103201213","is_ascension_mode":true,"campfire_choices":[{"floor":7,"key":"REST"}],"circlet_count":0,"master_deck":["AscendersBane","Strike_B","Strike_B","Strike_B","Strike_B","Defend_B","Defend_B","Defend_B","Defend_B","Zap","Dualcast","Echo Form","Lockon+1","Turbo","Fission"],"relics":["Cracked Core","Pen Nib"],"acts_visited":[],"potions_floor_usage":[6],"damage_taken":[{"damage":5,"enemies":"Small Slimes","floor":1,"turns":3},{"damage":0,"enemies":"Cultist","floor":2,"turns":3},{"damage":12,"enemies":"Jaw Worm","floor":4,"turns":3},{"damage":48,"enemies":"3 Sentries","floor":6,"turns":12},{"damage":5,"enemies":"Lagavulin","floor":8,"turns":5}],"seed_played":"-1529894764982372368","potions_obtained":[{"floor":4,"key":"Block Potion"},{"floor":6,"key":"LiquidBronze"}],"is_trial":false,"path_per_floor":["M","M","?","M","?","E","R","E"],"character_chosen":"DEFECT","items_purchased":[],"campfire_rested":1,"item_purchase_floors":[],"current_hp_per_floor":[41,41,64,52,52,4,25,20,20],"gold":181,"neow_bonus":"THREE_RARE_CARDS","is_daily":false,"chose_seed":false,"campfire_upgraded":0,"win_rate":0.0,"timestamp":1609726333,"path_taken":["M","M","?","M","?","E","R","E"],"items_purchased_type":[],"build_version":"2020-12-18","purchased_purges":0,"victory":false,"max_hp_per_floor":[71,71,71,71,71,71,71,71,71],"relic_stats":{"counters":[5,26],"Pen Nib":[0],"obtain_stats":[{"Pen Nib":6,"Cracked Core":0},{"Pen Nib":4,"Cracked Core":0},{"Pen Nib":21,"Cracked Core":0}]},"card_choices":[{"not_picked":["Buffer","Seek"],"picked":"Echo Form","floor":0},{"not_picked":["Gash","Heatsinks"],"picked":"Lockon","floor":1},{"not_picked":["Consume","Aggregate","Gash"],"picked":"SKIP","floor":2},{"not_picked":["Coolheaded","Defragment"],"picked":"Turbo","floor":4},{"not_picked":["Conserve Battery","Coolheaded"],"picked":"Fission","floor":6}],"player_experience":565439,"relics_obtained":[{"floor":6,"key":"Pen Nib"}],"event_choices":[{"damage_healed":23,"gold_gain":0,"player_choice":"Banana","damage_taken":0,"max_hp_gain":0,"max_hp_loss":0,"event_name":"Big Fish","floor":3,"gold_loss":0},{"damage_healed":0,"gold_gain":0,"player_choice":"Upgraded","damage_taken":0,"max_hp_gain":0,"max_hp_loss":0,"event_name":"Upgrade Shrine","floor":5,"gold_loss":0,"cards_upgraded":["Lockon"]}],"is_beta":true,"boss_relics":[],"items_purged_floors":[],"is_endless":false,"potions_floor_spawned":[4,6],"killed_by":"Lagavulin","ascension_level":18}}