{"host":"088jo5vb400xciyq","time":1609734240,"event":{"mods":["BaseMod","Infinite Spire","Minty Spire (QoL Compilation)","Rare Cards Sparkle","Shop Mod","StSLib"],"gold_per_floor":[110,110,110,128,141,141,158,158,158,171,171,196,196,13,13,116,116,133,48,48,48,48,48,65,91,91,41,41,41,41],"floor_reached":29,"playtime":786,"items_purged":["Strike_B","Strike_B","Strike_B"],"score":239,"play_id":"e65dcd03-752f-4d93-bbbb-591d2812093b","local_time":"20210103212400","is_ascension_mode":false,"campfire_choices":[{"data":"Compile Driver","floor":6,"key":"SMITH"},{"data":"Redo","floor":8,"key":"SMITH"},{"data":"Hologram","floor":11,"key":"SMITH"},{"data":"Cold Snap","floor":15,"key":"SMITH"},{"data":"Conserve Battery","floor":23,"key":"SMITH"}],"circlet_count":0,"master_deck":["Strike_B","Defend_B+1","Defend_B","Defend_B","Zap+1","Dualcast","All For One","Ball Lightning+1","Compile Driver+1","Cold Snap+1","Redo+1","Hologram+1","Rebound+1","Conserve Battery+1","Go for the Eyes","FTL","Decay"],"relics":["Cracked Core","Pen Nib","Shuriken","Membership Card","SlaversCollar","Happy Flower","infinitespire:FocusingShard","Anchor","Kunai"],"acts_visited":["Exordium","TheCity"],"potions_floor_usage":[29,29],"damage_taken":[{"damage":3,"enemies":"Small Slimes","floor":1,"turns":3},{"damage":3,"enemies":"Jaw Worm","floor":4,"turns":2},{"damage":0,"enemies":"Cultist","floor":5,"turns":3},{"damage":0,"enemies":"Exordium Thugs","floor":7,"turns":4},{"damage":6,"enemies":"2 Fungi Beasts","floor":10,"turns":3},{"damage":9,"enemies":"3 Sentries","floor":12,"turns":6},{"damage":14,"enemies":"Slime Boss","floor":16,"turns":6},{"damage":1,"enemies":"Chosen","floor":18,"turns":4},{"damage":10,"enemies":"2 Thieves","floor":24,"turns":3},{"damage":19,"enemies":"Gremlin Leader","floor":25,"turns":4},{"damage":40,"enemies":"Slavers","floor":29,"turns":3}],"seed_played":"7822246948000380529","potions_obtained":[{"floor":1,"key":"Ancient Potion"},{"floor":5,"key":"Energy Potion"},{"floor":7,"key":"SkillPotion"}],"is_trial":false,"path_per_floor":["M","?","?","M","M","R","M","R","T","M","R","E","?","$","R","B",null,"M","?","?","?","AVR","R","M","E","T","$","?","E"],"character_chosen":"DEFECT","items_purchased":["Membership Card"],"campfire_rested":0,"item_purchase_floors":[14],"current_hp_per_floor":[72,72,57,54,54,54,54,54,54,48,48,39,39,39,39,25,75,74,74,60,60,60,60,50,31,31,31,31,0,0],"gold":41,"neow_bonus":"ONE_RANDOM_RARE_CARD","is_daily":false,"chose_seed":false,"campfire_upgraded":5,"win_rate":0.0,"timestamp":1609734240,"path_taken":["M","?","?","M","M","R","M","R","T","M","R","E","?","$","R","BOSS","M","?","?","?","AVR","R","?","E","T","?","?","E"],"items_purchased_type":["Relic"],"build_version":"2020-12-22","purchased_purges":3,"victory":false,"max_hp_per_floor":[75,75,75,75,75,75,75,75,75,75,75,75,75,75,75,75,75,75,75,80,80,80,80,80,80,80,80,80,80,80],"card_choices":[{"not_picked":["Self Repair","Stack"],"picked":"Ball Lightning","floor":1},{"not_picked":["Barrage","Fusion"],"picked":"Compile Driver","floor":4},{"not_picked":["Lockon","Redo"],"picked":"Cold Snap","floor":5},{"not_picked":["Sweeping Beam","Auto Shields"],"picked":"Redo","floor":7},{"not_picked":["Double Energy","Redo"],"picked":"Hologram","floor":10},{"not_picked":["Double Energy","Force Field"],"picked":"Rebound","floor":12},{"not_picked":["Aggregate","Loop+1"],"picked":"Conserve Battery","floor":18},{"not_picked":["Aggregate","Hello World"],"picked":"Go for the Eyes","floor":24},{"not_picked":["Reprogram","Chill"],"picked":"FTL","floor":25}],"player_experience":373745,"relics_obtained":[{"floor":9,"key":"Pen Nib"},{"floor":12,"key":"Shuriken"},{"floor":25,"key":"Anchor"},{"floor":26,"key":"Kunai"}],"event_choices":[{"damage_healed":0,"gold_gain":0,"player_choice":"Grow","damage_taken":0,"max_hp_gain":0,"max_hp_loss":0,"event_name":"Living Wall","floor":2,"gold_loss":0,"cards_upgraded":["Ball Lightning"]},{"damage_healed":0,"gold_gain":0,"player_choice":"Entered Light","damage_taken":15,"max_hp_gain":0,"max_hp_loss":0,"event_name":"Shining Light","floor":3,"gold_loss":0,"cards_upgraded":["Defend_B","Zap"]},{"damage_healed":0,"gold_gain":0,"player_choice":"Obtained Relic","damage_taken":0,"relics_obtained":["Happy Flower"],"max_hp_gain":0,"max_hp_loss":0,"event_name":"Addict","floor":19,"gold_loss":85},{"damage_healed":0,"gold_gain":0,"player_choice":"Shed Blood","damage_taken":19,"max_hp_gain":5,"max_hp_loss":0,"event_name":"Forgotten Altar","floor":20,"gold_loss":0},{"cards_removed":["Defend_B"],"damage_healed":0,"gold_gain":0,"player_choice":"Purged","damage_taken":0,"max_hp_gain":0,"max_hp_loss":0,"event_name":"Purifier","floor":21,"gold_loss":0},{"damage_healed":0,"gold_gain":0,"player_choice":"Cursed","damage_taken":0,"max_hp_gain":0,"max_hp_loss":0,"event_name":"Wheel of Change","floor":28,"gold_loss":0,"cards_obtained":["Decay"]}],"is_beta":false,"boss_relics":[{"not_picked":["Runic Dome","Cursed Key"],"picked":"SlaversCollar"}],"items_purged_floors":[14,22,27],"is_endless":false,"potions_floor_spawned":[1,5,7,16,24],"killed_by":"Slavers","ascension_level":0}}