{"host":"sav7uxregyirlf69","time":1609764769,"event":{"mods":["AchievementEnabler","BaseMod","Colored Map","DeckTracker","Keyboard Shortcuts","Minty Spire (QoL Compilation)","READ ME - Guardian Mod","StSLib","SuperFastMode"],"gold_per_floor":[365,378,17,33,50,50,70,70,150,170,196,207,207,49,49,126,126,143,143,58,68,68,68,99,109,163,180,211,211,226,240,240,317,317,317,333,30,49,49,83,408,425,425,439,464,464,464,484,484,484,484,484,484,17,17,17,17],"floor_reached":56,"playtime":1641,"items_purged":["Strike_R","Strike_R","Strike_R","Strike_R"],"score":1931,"play_id":"a493384c-bc44-4ce1-ac9a-c1d09d511924","local_time":"20210104215249","is_ascension_mode":true,"campfire_choices":[{"data":"Uppercut","floor":6.0,"key":"SMITH"},{"data":"Evolve","floor":8.0,"key":"SMITH"},{"data":"Body Slam","floor":15.0,"key":"SMITH"},{"data":"Offering","floor":23.0,"key":"SMITH"},{"data":"Second Wind","floor":29.0,"key":"SMITH"},{"data":"Dark Embrace","floor":32.0,"key":"SMITH"},{"data":"Feel No Pain","floor":47.0,"key":"SMITH"},{"floor":49.0,"key":"RECALL"},{"data":"Entrench","floor":53.0,"key":"SMITH"}],"circlet_count":0,"master_deck":["AscendersBane","Defend_R","Defend_R","Defend_R","Defend_R","Bash","Uppercut+1","Seeing Red","Second Wind+1","Shrug It Off","Evolve+1","Reaper","Body Slam+1","Offering+1","Pommel Strike+1","Battle Trance","Power Through","Ghostly Armor","Sentinel+1","Immolate","Dark Embrace+1","Fire Breathing","Berserk","Power Through","Entrench+1","Body Slam+1","Shrug It Off","Feel No Pain+1","Sentinel","Flame Barrier","PanicButton"],"relics":["Black Blood","Pear","Paper Frog","Charon\u0027s Ashes","Pen Nib","Potion Belt","Molten Egg 2","SlaversCollar","Membership Card","Gremlin Horn","Old Coin","Strawberry","Bottled Tornado","Boot"],"acts_visited":["Exordium","TheCity","TheBeyond","TheEnding"],"potions_floor_usage":[55,55,56,56],"damage_taken":[{"damage":12.0,"enemies":"Cultist","floor":1.0,"turns":4.0},{"damage":6.0,"enemies":"2 Louse","floor":2.0,"turns":3.0},{"damage":4.0,"enemies":"Small Slimes","floor":4.0,"turns":3.0},{"damage":14.0,"enemies":"Blue Slaver","floor":5.0,"turns":4.0},{"damage":27.0,"enemies":"Exordium Thugs","floor":7.0,"turns":5.0},{"damage":8.0,"enemies":"3 Louse","floor":10.0,"turns":5.0},{"damage":12.0,"enemies":"3 Sentries","floor":11.0,"turns":9.0},{"damage":10.0,"enemies":"2 Fungi Beasts","floor":12.0,"turns":4.0},{"damage":27.0,"enemies":"Hexaghost","floor":16.0,"turns":8.0},{"damage":15.0,"enemies":"2 Thieves","floor":18.0,"turns":4.0},{"damage":6.0,"enemies":"3 Byrds","floor":21.0,"turns":3.0},{"damage":15.0,"enemies":"Book of Stabbing","floor":24.0,"turns":4.0},{"damage":15.0,"enemies":"Shelled Parasite and Fungi","floor":25.0,"turns":3.0},{"damage":17.0,"enemies":"Centurion and Healer","floor":27.0,"turns":7.0},{"damage":19.0,"enemies":"Gremlin Leader","floor":28.0,"turns":4.0},{"damage":25.0,"enemies":"Snecko","floor":30.0,"turns":5.0},{"damage":6.0,"enemies":"Sentry and Sphere","floor":31.0,"turns":1.0},{"damage":35.0,"enemies":"Collector","floor":33.0,"turns":6.0},{"damage":0.0,"enemies":"3 Darklings","floor":35.0,"turns":2.0},{"damage":6.0,"enemies":"Orb Walker","floor":36.0,"turns":2.0},{"damage":10.0,"enemies":"4 Shapes","floor":38.0,"turns":5.0},{"damage":22.0,"enemies":"Reptomancer","floor":40.0,"turns":5.0},{"damage":23.0,"enemies":"Mind Bloom Boss Battle","floor":41.0,"turns":5.0},{"damage":54.0,"enemies":"Maw","floor":42.0,"turns":9.0},{"damage":27.0,"enemies":"3 Darklings","floor":44.0,"turns":3.0},{"damage":21.0,"enemies":"Nemesis","floor":45.0,"turns":7.0},{"damage":6.0,"enemies":"Sphere and 2 Shapes","floor":48.0,"turns":2.0},{"damage":28.0,"enemies":"Donu and Deca","floor":50.0,"turns":7.0},{"damage":22.0,"enemies":"Awakened One","floor":51.0,"turns":10.0},{"damage":76,"enemies":"Shield and Spear","floor":55,"turns":5},{"damage":24,"enemies":"The Heart","floor":56,"turns":2}],"seed_played":"8839008790346520149","potions_obtained":[{"floor":5.0,"key":"Energy Potion"},{"floor":7.0,"key":"BlessingOfTheForge"},{"floor":11.0,"key":"PowerPotion"},{"floor":16.0,"key":"LiquidMemories"},{"floor":24.0,"key":"BloodPotion"},{"floor":30.0,"key":"SmokeBomb"},{"floor":38.0,"key":"BlessingOfTheForge"},{"floor":40.0,"key":"Strength Potion"},{"floor":45.0,"key":"DistilledChaos"},{"floor":48.0,"key":"SmokeBomb"}],"is_trial":false,"path_per_floor":["M","M","$","M","M","R","M","R","T","M","E","M","?","$","R","B",null,"M","?","$","M","?","R","E","M","T","M","E","R","M","M","R","B",null,"M","M","$","M","?","E","?","M","T","M","E","?","R","M","R","B","B",null,"R","$","E","B"],"character_chosen":"IRONCLAD","items_purchased":["Pear","Body Slam","Battle Trance","Membership Card","Power Through","Energy Potion","Bottled Tornado","Flame Barrier","Swift Potion","Fire Potion","EssenceOfSteel","PanicButton","Boot"],"campfire_rested":0,"item_purchase_floors":[3,14,20,37,37,37,54,54,54,54,54,54,54],"current_hp_per_floor":[62,62,72,74,66,66,45,45,45,43,37,33,33,33,33,12,62,59,59,59,67,67,67,64,61,61,67,64,64,55,61,61,45,70,78,78,78,78,78,78,67,32,32,32,30,30,30,36,36,28,36,70,70,70,16,0,0],"gold":17,"neow_bonus":"TWO_FIFTY_GOLD","is_daily":false,"chose_seed":false,"campfire_upgraded":8,"win_rate":0.0,"timestamp":1609764769,"path_taken":["M","M","$","?","M","R","M","R","T","M","E","M","?","$","R","BOSS","M","?","$","M","?","R","E","M","T","M","E","R","M","M","R","BOSS","M","M","$","M","?","E","?","M","T","?","E","?","R","M","R","BOSS","BOSS","R","$","E","BOSS"],"items_purchased_type":["Relic","Card","Card","Relic","Card","Potion","Relic","Card","Potion","Potion","Potion","Card","Relic"],"build_version":"2020-12-22","purchased_purges":4,"victory":false,"max_hp_per_floor":[68,68,78,78,78,78,78,78,78,78,78,78,78,78,78,78,78,78,78,78,78,78,78,78,78,78,78,78,78,78,78,78,78,78,78,78,78,78,78,78,78,78,78,78,85,81,81,81,81,81,81,81,81,81,81,81,81],"card_choices":[{"not_picked":["Heavy Blade","Clothesline"],"picked":"Uppercut","floor":1.0},{"not_picked":["Dual Wield","Searing Blow"],"picked":"Seeing Red","floor":2.0},{"not_picked":["Sword Boomerang","Demon Form"],"picked":"Second Wind","floor":4.0},{"not_picked":["Clash","Heavy Blade"],"picked":"Shrug It Off","floor":5.0},{"not_picked":["Havoc","Fire Breathing"],"picked":"Evolve","floor":7.0},{"not_picked":["Perfected Strike","Sword Boomerang","True Grit"],"picked":"SKIP","floor":10.0},{"not_picked":["Sword Boomerang","Anger","Pommel Strike"],"picked":"SKIP","floor":11.0},{"not_picked":["Uppercut","Cleave"],"picked":"Intimidate","floor":12.0},{"not_picked":["Feed","Reaper"],"picked":"Offering","floor":16.0},{"not_picked":["Shockwave","Anger"],"picked":"Pommel Strike+1","floor":18.0},{"not_picked":["Inflame","Flex"],"picked":"Power Through","floor":21.0},{"not_picked":["Twin Strike","Flame Barrier"],"picked":"Ghostly Armor","floor":24.0},{"not_picked":["Armaments","Perfected Strike+1"],"picked":"Sentinel+1","floor":25.0},{"not_picked":["Pommel Strike+1","Warcry"],"picked":"Immolate","floor":27.0},{"not_picked":["Perfected Strike+1","Body Slam+1","Pummel+1"],"picked":"SKIP","floor":28.0},{"not_picked":["Wild Strike+1","Second Wind"],"picked":"Dark Embrace","floor":30.0},{"not_picked":["Clothesline+1","Flex"],"picked":"Fire Breathing","floor":31.0},{"not_picked":["Juggernaut","Double Tap"],"picked":"Berserk","floor":33.0},{"not_picked":["Sword Boomerang+1","Metallicize","Heavy Blade+1"],"picked":"SKIP","floor":36.0},{"not_picked":["Wild Strike+1","Battle Trance","Twin Strike+1"],"picked":"SKIP","floor":38.0},{"not_picked":["Whirlwind+1","Wild Strike+1"],"picked":"Entrench","floor":40.0},{"not_picked":["Dark Embrace","Thunderclap+1"],"picked":"Body Slam+1","floor":42.0},{"not_picked":["Spot Weakness","Havoc"],"picked":"Shrug It Off","floor":44.0},{"not_picked":["Clothesline+1","Corruption"],"picked":"Feel No Pain","floor":45.0},{"not_picked":["Clothesline+1","Clash+1"],"picked":"Sentinel","floor":48.0}],"player_experience":1135591,"relics_obtained":[{"floor":9.0,"key":"Paper Frog"},{"floor":11.0,"key":"Charon\u0027s Ashes"},{"floor":24.0,"key":"Pen Nib"},{"floor":26.0,"key":"Potion Belt"},{"floor":28.0,"key":"Molten Egg 2"},{"floor":40.0,"key":"Gremlin Horn"},{"floor":41.0,"key":"Old Coin"},{"floor":45.0,"key":"Strawberry"}],"event_choices":[{"damage_healed":0.0,"max_hp_gain":0.0,"max_hp_loss":0.0,"gold_gain":0.0,"cards_transformed":["Strike_R"],"event_name":"Living Wall","player_choice":"Change","floor":13.0,"gold_loss":0.0,"damage_taken":0.0,"cards_obtained":["Reaper"]},{"damage_healed":0.0,"max_hp_gain":0.0,"max_hp_loss":0.0,"gold_gain":0.0,"event_name":"Vampires","player_choice":"Ignored","floor":19.0,"gold_loss":0.0,"damage_taken":0.0},{"damage_healed":0.0,"max_hp_gain":0.0,"max_hp_loss":0.0,"gold_gain":0.0,"event_name":"Cursed Tome","player_choice":"Ignored","floor":22.0,"gold_loss":0.0,"damage_taken":0.0},{"cards_removed":["Intimidate"],"damage_healed":0.0,"max_hp_gain":0.0,"max_hp_loss":0.0,"gold_gain":0.0,"event_name":"Falling","player_choice":"Removed Skill","floor":39.0,"gold_loss":0.0,"damage_taken":0.0},{"damage_healed":0.0,"max_hp_gain":0.0,"max_hp_loss":0.0,"gold_gain":0.0,"event_name":"MindBloom","player_choice":"Fight","floor":41.0,"gold_loss":0.0,"damage_taken":0.0},{"damage_healed":0.0,"max_hp_gain":0.0,"max_hp_loss":4.0,"gold_gain":0.0,"event_name":"Winding Halls","player_choice":"Max HP","floor":46.0,"gold_loss":0.0,"damage_taken":0.0}],"is_beta":false,"boss_relics":[{"not_picked":["Runic Cube","Coffee Dripper"],"picked":"Black Blood"},{"not_picked":["Sozu","Velvet Choker"],"picked":"SlaversCollar"}],"items_purged_floors":[3,14,37,54],"is_endless":false,"potions_floor_spawned":[5,7,11,12,16,21,24,30,38,40,45,48],"killed_by":"The Heart","ascension_level":20}}