{"host":"922zt4fjsmmy4kg9","time":1609738884,"event":{"mods":["A Magickal Journey","Act Like it!","BaseMod","Better Third Choice","Downfall","Friendly Minions","Hermit","HololiveMod","Hubris","Jorbs\u0027s Wanderer Trilogy","Kiyohime????","Koishi","Marisa????????","Minty Spire (QoL Compilation)","Quick Restart","Reimu??????","Shop Mod","Spicy Shops","StSLib","SuperFastMode","The Animator","The Disciple","The Runesmith"],"gold_per_floor":[99,99,374,386,386,417,417,417,417],"floor_reached":8,"playtime":164,"items_purged":[],"score":116,"play_id":"9f64e87f-3533-40b7-ab86-ea6a29e09893","local_time":"20210104164124","is_ascension_mode":true,"campfire_choices":[{"data":"animator:IrohaTamaki","floor":1,"key":"SMITH"}],"circlet_count":0,"master_deck":["AscendersBane","animator:Strike_MadokaMagica","animator:Defend_MadokaMagica","animator:Strike","animator:Strike","animator:Strike","animator:Defend","animator:Defend","animator:Defend","animator:IrohaTamaki+1","Regret","animator:Tatsumaki","animator:YuiTsuruno","hubris:DuctTapeCard"],"relics":["animator:LivingPicture","animator:TheMissingPiece","downfall:HeartsMalice","downfall:ShatteredFragment","hubris:DuctTape","Paper Crane"],"acts_visited":["Exordium"],"potions_floor_usage":[],"damage_taken":[{"damage":0,"enemies":"Small Slimes","floor":4,"turns":1},{"damage":0,"enemies":"Cultist","floor":5,"turns":1},{"damage":0,"enemies":"Lagavulin","floor":6,"turns":1},{"damage":45,"enemies":"3 Sentries","floor":8,"turns":5}],"seed_played":"8880105470121314233","potions_obtained":[],"is_trial":false,"path_per_floor":["R","?","?","M","M","E","T","E"],"character_chosen":"THE_ANIMATOR","items_purchased":[],"campfire_rested":0,"item_purchase_floors":[],"current_hp_per_floor":[59,41,41,41,41,41,41,0,0],"gold":417,"neow_bonus":"THREE_ENEMY_KILL","is_daily":false,"chose_seed":false,"campfire_upgraded":1,"win_rate":0.0,"timestamp":1609738884,"path_taken":["R","?","?","M","M","E","T","E"],"items_purchased_type":[],"build_version":"2020-12-22","purchased_purges":0,"victory":false,"max_hp_per_floor":[66,66,66,66,66,66,66,66,66],"card_choices":[{"not_picked":["animator:Shigure","animator:IrohaTamaki"],"picked":"animator:Tatsumaki","floor":4},{"not_picked":["animator:MumenRider","animator:HiiragiShinya"],"picked":"animator:YuiTsuruno","floor":5},{"not_picked":["animator:Togame","animator:Yuuichirou"],"picked":"animator:AcuraAkari","floor":6}],"player_experience":1315520,"relics_obtained":[{"floor":6,"key":"hubris:DuctTape"},{"floor":7,"key":"Paper Crane"}],"event_choices":[],"is_beta":false,"boss_relics":[],"items_purged_floors":[],"is_endless":false,"potions_floor_spawned":[],"killed_by":"3 Sentries","ascension_level":11}}