{"host":"x55kpoxlefzp6sa3","time":1609777687,"event":{"mods":["AchievementEnabler","Act Like it!","BaseMod","BetterRewards","Colored Map","Colored Powertips","Highlight Path","Lobotomy","Minty Spire (QoL Compilation)","Quick Restart","Replay The Spire","StSLib"],"gold_per_floor":[114,312,331,348,367,401,420,420,447,485,534,566,566,594,594,708,758,793,829,859,859,308,308,353,383,383,185,185,185,185,210,210,330,330,356,377,377,377,92,92,102,102],"floor_reached":41,"playtime":3307,"items_purged":["Defend_G"],"score":475,"play_id":"cd19f4d4-7953-4b9b-80d9-33d53c686d87","local_time":"20210104172807","is_ascension_mode":false,"campfire_choices":[{"floor":8,"key":"REST"},{"floor":13,"key":"REST"},{"floor":15,"key":"REST"},{"floor":23,"key":"REST"},{"floor":29,"key":"REST"},{"floor":32,"key":"REST"},{"data":"Apotheosis","floor":40,"key":"SMITH"}],"circlet_count":0,"master_deck":["Strike_G+1","Strike_G+1","Strike_G+1","Strike_G+1","Strike_G+1","Defend_G+1","Defend_G+1","Defend_G+1","Survivor","Neutralize","Tactician+1","Reflex","Dagger Throw","Slice","Underhanded Strike","Prepared","After Image","Acrobatics+1","Reflex+1","Slice+1","A Thousand Cuts+1","A Thousand Cuts+1","Noxious Fumes+1","Footwork","Apotheosis+1"],"relics":["Ring of the Snake","Bottled Flame","Replay:Bandana","Boot","Tiny House","Kunai","Orrery","The Courier","Replay:Bottled Eggs","Lee\u0027s Waffle","Pen Nib"],"acts_visited":["Exordium","TheCity","TheBeyond"],"potions_floor_usage":[6,10,11,16,16,20,24,24,25,33,33,41,41,41],"damage_taken":[{"damage":1,"enemies":"Jaw Worm","floor":1,"turns":4},{"damage":0,"enemies":"2 Louse","floor":3,"turns":3},{"damage":5,"enemies":"Cultist","floor":4,"turns":4},{"damage":8,"enemies":"Large Slime","floor":5,"turns":8},{"damage":16,"enemies":"Replay:BlueRogue","floor":6,"turns":8},{"damage":7,"enemies":"Looter","floor":7,"turns":3},{"damage":0,"enemies":"Exordium Thugs","floor":10,"turns":3},{"damage":27,"enemies":"3 Sentries","floor":11,"turns":9},{"damage":7,"enemies":"Blue Slaver","floor":12,"turns":3},{"damage":0,"enemies":"2 Fungi Beasts","floor":14,"turns":3},{"damage":37,"enemies":"Hexaghost","floor":16,"turns":11},{"damage":17,"enemies":"3 Byrds","floor":18,"turns":8},{"damage":5,"enemies":"Shell Parasite","floor":19,"turns":7},{"damage":24,"enemies":"Snake Plant","floor":20,"turns":5},{"damage":11,"enemies":"Replay:Snechameleon","floor":24,"turns":8},{"damage":24,"enemies":"Shelled Parasite and Fungi","floor":25,"turns":5},{"damage":17,"enemies":"Sentry and Sphere","floor":31,"turns":4},{"damage":26,"enemies":"Automaton","floor":33,"turns":9},{"damage":22,"enemies":"3 Shapes","floor":35,"turns":4},{"damage":13,"enemies":"Orb Walker","floor":36,"turns":4},{"damage":89,"enemies":"Reptomancer","floor":41,"turns":5}],"seed_played":"7505722176040543711","potions_obtained":[{"floor":1,"key":"SteroidPotion"},{"floor":3,"key":"LifebloodPotion"},{"floor":5,"key":"Adrenaline Potion"},{"floor":7,"key":"Fire Potion"},{"floor":11,"key":"SkillPotion"},{"floor":17,"key":"ColorlessPotion"},{"floor":19,"key":"Milkshake"},{"floor":24,"key":"Dexterity Potion"},{"floor":25,"key":"Ancient Potion"},{"floor":31,"key":"Fruit Juice"},{"floor":36,"key":"Venom Potion"}],"is_trial":false,"path_per_floor":["M","?","M","M","M","E","M","R","T","M","E","M","R","M","R","B",null,"M","M","M","?","$","R","E","M","T","$","?","R","?","M","R","B",null,"M","M","?","?","$","R","E"],"character_chosen":"THE_SILENT","items_purchased":["Kunai","Regen Potion","Orrery","Replay:Bottled Eggs","Lee\u0027s Waffle","Pen Nib","Adrenaline Potion"],"campfire_rested":6,"item_purchase_floors":[22,22,22,27,39,39,39],"current_hp_per_floor":[69,69,69,64,56,40,33,54,54,54,27,20,41,41,62,25,75,58,53,29,17,17,39,43,19,19,19,19,41,41,24,46,25,80,58,45,45,45,87,87,0,0],"gold":102,"neow_bonus":"THREE_CARDS","is_daily":false,"chose_seed":false,"campfire_upgraded":1,"win_rate":0.0,"timestamp":1609777687,"path_taken":["M","?","M","M","M","E","M","R","T","M","E","M","R","M","R","BOSS","M","M","M","?","$","R","E","?","T","$","?","R","?","M","R","BOSS","M","M","?","?","$","R","E"],"items_purchased_type":["Relic","Potion","Relic","Relic","Relic","Relic","Potion"],"build_version":"2020-12-22","purchased_purges":1,"victory":false,"max_hp_per_floor":[70,70,70,70,70,70,70,70,70,70,70,70,70,70,70,70,75,75,75,75,75,75,75,75,75,75,75,75,75,75,75,75,80,80,80,80,80,80,87,87,87,87],"card_choices":[{"not_picked":["Hidden Blade","Quick Slash"],"picked":"Tactician","floor":0},{"not_picked":["Poisoned Stab","Backflip"],"picked":"Reflex","floor":1},{"not_picked":["Sucker Punch","Accuracy"],"picked":"Dagger Throw","floor":2},{"not_picked":["Dodge and Roll","Flechettes"],"picked":"Slice","floor":3},{"not_picked":["Phantasmal Killer","Poisoned Stab","Dagger Throw"],"picked":"SKIP","floor":4},{"not_picked":["Choke","Skewer"],"picked":"Underhanded Strike","floor":5},{"not_picked":["Sucker Punch","Storm of Steel","ReplayTheSpireMod:Scrap Shanks"],"picked":"SKIP","floor":6},{"not_picked":["Flying Knee","Slice","ReplayTheSpireMod:Shiv Toss"],"picked":"SKIP","floor":7},{"not_picked":["Deflect","Deadly Poison","Blade Dance"],"picked":"SKIP","floor":10},{"not_picked":["Sucker Punch","Blade Dance"],"picked":"Prepared","floor":11},{"not_picked":["Poisoned Stab","Caltrops","Cloak And Dagger"],"picked":"SKIP","floor":12},{"not_picked":["Concentrate","Acrobatics","Cloak And Dagger"],"picked":"SKIP","floor":14},{"not_picked":["Atom Bomb","Wraith Form v2"],"picked":"After Image","floor":16},{"not_picked":["Deadly Poison","Flechettes"],"picked":"Acrobatics+1","floor":18},{"not_picked":["Acrobatics","Bane+1","Poisoned Stab+1"],"picked":"SKIP","floor":19},{"not_picked":["Dodge and Roll","Catalyst","Malaise"],"picked":"SKIP","floor":20},{"not_picked":["Masterful Stab","Acrobatics"],"picked":"Reflex+1","floor":22},{"not_picked":["Blade Dance","Infinite Blades+1"],"picked":"Slice+1","floor":22},{"not_picked":["Masterful Stab","Setup"],"picked":"A Thousand Cuts","floor":22},{"not_picked":["Choke","Accuracy+1"],"picked":"A Thousand Cuts","floor":24},{"not_picked":["Hidden Blade+1","ReplayTheSpireMod:Shiv Toss","Blade Dance"],"picked":"SKIP","floor":25},{"not_picked":["Quick Slash","Bane","Flying Knee+1"],"picked":"SKIP","floor":31},{"not_picked":["Deadly Poison","Dagger Throw"],"picked":"Noxious Fumes+1","floor":35},{"not_picked":["Finisher","Poisoned Stab+1"],"picked":"Footwork","floor":36},{"not_picked":["Good Instincts","Panacea"],"picked":"Apotheosis","floor":37}],"player_experience":230871,"relics_obtained":[{"floor":6,"key":"Bottled Flame"},{"floor":9,"key":"Replay:Bandana"},{"floor":11,"key":"Boot"},{"floor":24,"key":"The Courier"}],"event_choices":[{"damage_healed":0,"gold_gain":0,"player_choice":"POTION ","damage_taken":12,"max_hp_gain":0,"max_hp_loss":0,"event_name":"Knowing Skull","floor":21,"potions_obtained":["Cursed Concoction"],"gold_loss":0,"cards_obtained":[]},{"damage_healed":0,"gold_gain":0,"player_choice":"Simplicity","damage_taken":0,"max_hp_gain":0,"max_hp_loss":0,"event_name":"Back to Basics","floor":28,"gold_loss":0,"cards_upgraded":["Strike_G","Strike_G","Strike_G","Strike_G","Strike_G","Defend_G","Defend_G","Defend_G","Defend_G"]},{"cards_removed":["Defend_G"],"damage_healed":0,"gold_gain":0,"player_choice":"Purged","damage_taken":0,"max_hp_gain":0,"max_hp_loss":0,"event_name":"Purifier","floor":30,"gold_loss":0},{"damage_healed":0,"gold_gain":0,"player_choice":"Memory 1","damage_taken":0,"max_hp_gain":0,"max_hp_loss":0,"event_name":"SensoryStone","floor":37,"gold_loss":0},{"damage_healed":0,"gold_gain":0,"player_choice":"Ignored","damage_taken":0,"max_hp_gain":0,"max_hp_loss":0,"event_name":"Tomb of Lord Red Mask","floor":38,"gold_loss":0}],"is_beta":false,"boss_relics":[{"not_picked":["SlaversCollar","SacredBark"],"picked":"Tiny House"},{"not_picked":["ReplayTheSpireMod:DimensionalGlitch","Philosopher\u0027s Stone","Coffee Dripper"]}],"items_purged_floors":[22],"is_endless":false,"potions_floor_spawned":[1,3,5,7,11,19,24,25,31,36],"killed_by":"Reptomancer","ascension_level":0}}