{"host":"fjaupvxe7fzqrf4j","time":1609775437,"event":{"mods":["ATMod(°¢èªMod)","BaseMod","Minty Spire (QoL Compilation)","StSLib"],"gold_per_floor":[111,111,111,111,128,159,194,219,219,245,270,298,328,8,8,82,82,93,93,103,103,117,151,183,215,215,247,282,317,342,374,374,451,451,468,519,439,439,457,489,521,546,593,620,652,682,424,424,424,424,424,424,424,32,61,61],"floor_reached":57,"playtime":1267,"items_purged":["Bane","Crippling Poison"],"score":4993,"play_id":"28fe2bff-dfeb-4df4-b75c-992053f6bb48","local_time":"20210104235037","daily_mods":["SealedDeck","Heirloom","Time Dilation","Flight","Elite Swarm"],"is_ascension_mode":true,"campfire_choices":[{"data":"AT_KingSlayer","floor":15.0,"key":"SMITH"},{"data":"Expertise","floor":32.0,"key":"SMITH"},{"floor":49.0,"key":"RECALL"},{"data":"Acrobatics","floor":53.0,"key":"SMITH"}],"circlet_count":0,"master_deck":["AscendersBane","PiercingWail","Backflip","Expertise+1","Prepared","Tactician+1","Acrobatics+1","Reflex","AT_KingSlayer+1","Grand Finale","AT_Desolate+1","Adrenaline","Well Laid Plans+1","After Image+1","AT_KneejerkReflex+1"],"relics":["Ring of the Snake","AT_ATBox","The Specimen","Darkstone Periapt","Bottled Flame","CaptainsWheel","AT_ForceNature","Tough Bandages","AT_RabadonDeathcap","Omamori","AT_BladeRuinedKing","PreservedInsect","Empty Cage","AT_DeathDance","The Courier","TungstenRod","Tingsha","Ginger","Orichalcum","AT_ChloranthyRing","WristBlade","Ice Cream","AT_LudenTempest","AT_RedNoBalance","Bronze Scales","Toy Ornithopter","Frozen Egg 2","Ancient Tea Set","Juzu Bracelet","TheAbacus","Pen Nib","AT_BellDemon","Mummified Hand","HornCleat","AT_Kusabimaru"],"acts_visited":["Exordium","TheCity","TheBeyond","TheEnding"],"potions_floor_usage":[56],"damage_taken":[{"damage":6.0,"enemies":"Small Slimes","floor":1.0,"turns":3.0},{"damage":0.0,"enemies":"Cultist","floor":5.0,"turns":1.0},{"damage":0.0,"enemies":"Gremlin Nob","floor":6.0,"turns":1.0},{"damage":0.0,"enemies":"Lagavulin","floor":7.0,"turns":1.0},{"damage":0.0,"enemies":"3 Sentries","floor":8.0,"turns":1.0},{"damage":0.0,"enemies":"Gremlin Nob","floor":10.0,"turns":1.0},{"damage":0.0,"enemies":"3 Sentries","floor":11.0,"turns":1.0},{"damage":0.0,"enemies":"Gremlin Nob","floor":12.0,"turns":1.0},{"damage":0.0,"enemies":"3 Sentries","floor":13.0,"turns":1.0},{"damage":0.0,"enemies":"Slime Boss","floor":16.0,"turns":1.0},{"damage":0.0,"enemies":"Chosen","floor":18.0,"turns":1.0},{"damage":0.0,"enemies":"Shell Parasite","floor":20.0,"turns":1.0},{"damage":0.0,"enemies":"Snecko","floor":22.0,"turns":1.0},{"damage":0.0,"enemies":"Gremlin Leader","floor":23.0,"turns":1.0},{"damage":0.0,"enemies":"Slavers","floor":24.0,"turns":1.0},{"damage":0.0,"enemies":"Gremlin Leader","floor":25.0,"turns":1.0},{"damage":0.0,"enemies":"Book of Stabbing","floor":27.0,"turns":1.0},{"damage":0.0,"enemies":"Slavers","floor":28.0,"turns":1.0},{"damage":0.0,"enemies":"Book of Stabbing","floor":29.0,"turns":1.0},{"damage":0.0,"enemies":"Slavers","floor":30.0,"turns":1.0},{"damage":0.0,"enemies":"Gremlin Leader","floor":31.0,"turns":1.0},{"damage":0.0,"enemies":"Automaton","floor":33.0,"turns":1.0},{"damage":0.0,"enemies":"3 Shapes","floor":35.0,"turns":1.0},{"damage":0.0,"enemies":"2 Orb Walkers","floor":36.0,"turns":1.0},{"damage":0.0,"enemies":"Orb Walker","floor":39.0,"turns":1.0},{"damage":0.0,"enemies":"Nemesis","floor":40.0,"turns":1.0},{"damage":0.0,"enemies":"Reptomancer","floor":41.0,"turns":1.0},{"damage":0.0,"enemies":"Giant Head","floor":42.0,"turns":1.0},{"damage":0.0,"enemies":"Reptomancer","floor":44.0,"turns":1.0},{"damage":0.0,"enemies":"Giant Head","floor":45.0,"turns":1.0},{"damage":0.0,"enemies":"Nemesis","floor":46.0,"turns":1.0},{"damage":0.0,"enemies":"Time Eater","floor":50.0,"turns":1.0},{"damage":0.0,"enemies":"Donu and Deca","floor":51.0,"turns":1.0},{"damage":0.0,"enemies":"Shield and Spear","floor":55.0,"turns":1.0},{"damage":0,"enemies":"The Heart","floor":56,"turns":4}],"seed_played":"2811015158022559493","potions_obtained":[{"floor":10.0,"key":"Fire Potion"},{"floor":22.0,"key":"AttackPotion"},{"floor":23.0,"key":"Explosive Potion"},{"floor":24.0,"key":"FearPotion"},{"floor":40.0,"key":"Fruit Juice"},{"floor":45.0,"key":"LiquidMemories"},{"floor":55.0,"key":"AttackPotion"}],"is_trial":true,"path_per_floor":["M","?","$","?","M","E","E","E","T","E","E","E","E","$","R","B",null,"M","?","M","?","M","E","E","E","T","E","E","E","E","E","R","B",null,"M","?","$","?","M","E","E","E","T","E","E","E","$","?","R","B","B",null,"R","$","E","B",null],"character_chosen":"THE_SILENT","items_purchased":["AT_Desolate","PreservedInsect","TheAbacus","Pen Nib","AT_BellDemon","Mummified Hand","AT_KneejerkReflex+1"],"campfire_rested":0,"item_purchase_floors":[14,14,47,47,54,54,54],"current_hp_per_floor":[53,53,53,53,53,53,53,53,53,53,53,53,53,53,53,53,63,63,63,63,63,63,63,63,63,63,63,63,63,63,63,63,63,65,65,65,65,62,62,67,67,35,35,35,35,35,35,35,35,35,35,62,62,62,35,40],"gold":61,"neow_bonus":"","is_daily":false,"chose_seed":false,"campfire_upgraded":3,"win_rate":0.0,"timestamp":1609775437,"path_taken":["M","?","?","?","?","E","E","E","T","E","E","E","E","$","R","BOSS","M","?","?","?","?","E","E","E","T","E","E","E","E","E","R","BOSS","M","?","$","?","?","E","E","E","T","E","E","E","$","?","R","BOSS","BOSS","R","$","E","BOSS"],"items_purchased_type":["Card","Relic","Relic","Relic","Relic","Relic","Card"],"build_version":"2020-12-22","purchased_purges":2,"victory":true,"max_hp_per_floor":[66,66,66,66,66,66,66,66,66,66,66,66,66,66,66,66,66,66,66,66,66,66,66,66,66,66,66,66,66,66,66,66,66,66,66,66,66,66,66,71,71,71,71,71,71,71,71,71,71,71,71,71,71,71,71,71],"card_choices":[{"not_picked":["Poisoned Stab","Backflip","AT_ThistleTea"],"picked":"SKIP","floor":1.0},{"not_picked":["Flechettes","AT_TinkerSharpsword"],"picked":"Reflex","floor":5.0},{"not_picked":["Tools of the Trade","Unload"],"picked":"AT_KingSlayer","floor":6.0},{"not_picked":["Venomology","Glass Knife","Night Terror"],"picked":"SKIP","floor":7.0},{"not_picked":["Die Die Die","Envenom","Venomology"],"picked":"SKIP","floor":8.0},{"not_picked":["Night Terror","Bullet Time"],"picked":"Grand Finale","floor":10.0},{"not_picked":["Glass Knife","Night Terror","Burst"],"picked":"SKIP","floor":11.0},{"not_picked":["Glass Knife","Malaise","Storm of Steel"],"picked":"SKIP","floor":12.0},{"not_picked":["AT_EssenceShift","Venomology","Night Terror"],"picked":"SKIP","floor":13.0},{"not_picked":["AT_MyraUnstableElement","Grand Finale"],"picked":"Adrenaline","floor":16.0},{"not_picked":["Prepared+1","Choke","Poisoned Stab"],"picked":"SKIP","floor":18.0},{"not_picked":["Outmaneuver","Sucker Punch","Riddle With Holes"],"picked":"SKIP","floor":20.0},{"not_picked":["Slice","AT_Desolate"],"picked":"Well Laid Plans+1","floor":22.0},{"not_picked":["Die Die Die","Venomology","Adrenaline"],"picked":"SKIP","floor":23.0},{"not_picked":["Tools of the Trade","Bullet Time","Envenom"],"picked":"SKIP","floor":24.0},{"not_picked":["Phantasmal Killer","Night Terror","Grand Finale"],"picked":"SKIP","floor":25.0},{"not_picked":["Die Die Die","Burst","Glass Knife"],"picked":"SKIP","floor":27.0},{"not_picked":["AT_KingSlayer","Venomology","Adrenaline"],"picked":"SKIP","floor":28.0},{"not_picked":["AT_MyraUnstableElement","Corpse Explosion","AT_EssenceShift"],"picked":"SKIP","floor":29.0},{"not_picked":["Bullet Time","A Thousand Cuts","Grand Finale"],"picked":"SKIP","floor":30.0},{"not_picked":["Malaise","Doppelganger","AT_MyraUnstableElement"],"picked":"SKIP","floor":31.0},{"not_picked":["Underhanded Strike","Poisoned Stab","Bane+1"],"picked":"SKIP","floor":35.0},{"not_picked":["Poisoned Stab","Deadly Poison+1","Quick Slash"],"picked":"SKIP","floor":39.0},{"not_picked":["Night Terror","Unload","AT_KingSlayer"],"picked":"SKIP","floor":40.0},{"not_picked":["A Thousand Cuts","Adrenaline","Wraith Form v2"],"picked":"SKIP","floor":41.0},{"not_picked":["Bullet Time","Glass Knife","Die Die Die"],"picked":"SKIP","floor":42.0},{"not_picked":["AT_EssenceShift+1","Die Die Die","Phantasmal Killer"],"picked":"SKIP","floor":44.0},{"not_picked":["Wraith Form v2+1","Unload"],"picked":"After Image+1","floor":45.0},{"not_picked":["Venomology","Burst","AT_MyraUnstableElement"],"picked":"SKIP","floor":46.0},{"not_picked":["Storm of Steel","AT_KingSlayer","Die Die Die"],"picked":"SKIP","floor":55.0}],"player_experience":342671,"relics_obtained":[{"floor":6.0,"key":"Darkstone Periapt"},{"floor":7.0,"key":"Bottled Flame"},{"floor":8.0,"key":"CaptainsWheel"},{"floor":9.0,"key":"AT_ForceNature"},{"floor":10.0,"key":"Tough Bandages"},{"floor":11.0,"key":"AT_RabadonDeathcap"},{"floor":12.0,"key":"Omamori"},{"floor":13.0,"key":"AT_BladeRuinedKing"},{"floor":23.0,"key":"The Courier"},{"floor":25.0,"key":"TungstenRod"},{"floor":27.0,"key":"Tingsha"},{"floor":28.0,"key":"Ginger"},{"floor":30.0,"key":"Orichalcum"},{"floor":31.0,"key":"AT_ChloranthyRing"},{"floor":36.0,"key":"Ice Cream"},{"floor":40.0,"key":"AT_LudenTempest"},{"floor":41.0,"key":"AT_SilverBalance"},{"floor":42.0,"key":"Bronze Scales"},{"floor":43.0,"key":"Toy Ornithopter"},{"floor":44.0,"key":"Frozen Egg 2"},{"floor":45.0,"key":"Ancient Tea Set"},{"floor":46.0,"key":"Juzu Bracelet"},{"floor":55.0,"key":"HornCleat"},{"floor":55.0,"key":"AT_Kusabimaru"}],"event_choices":[{"damage_healed":0.0,"max_hp_gain":0.0,"max_hp_loss":0.0,"gold_gain":0.0,"event_name":"Upgrade Shrine","player_choice":"Upgraded","floor":2.0,"gold_loss":0.0,"damage_taken":0.0,"cards_upgraded":["Tactician"]},{"damage_healed":0.0,"max_hp_gain":0.0,"max_hp_loss":0.0,"gold_gain":0.0,"event_name":"Match and Keep!","player_choice":"0 cards matched","floor":4.0,"gold_loss":0.0,"damage_taken":0.0,"cards_obtained":[]},{"damage_healed":0.0,"max_hp_gain":0.0,"max_hp_loss":0.0,"gold_gain":0.0,"event_name":"Accursed Blacksmith","player_choice":"Forge","floor":19.0,"gold_loss":0.0,"damage_taken":0.0,"cards_upgraded":["AT_Desolate"]},{"damage_healed":0.0,"max_hp_gain":0.0,"max_hp_loss":0.0,"gold_gain":0.0,"event_name":"WeMeetAgain","player_choice":"Gave Potion","floor":21.0,"gold_loss":0.0,"damage_taken":0.0,"relics_obtained":["AT_DeathDance"]},{"damage_healed":0.0,"max_hp_gain":0.0,"max_hp_loss":0.0,"gold_gain":0.0,"event_name":"Mysterious Sphere","player_choice":"Fight","floor":36.0,"gold_loss":0.0,"damage_taken":0.0},{"damage_healed":0.0,"max_hp_gain":0.0,"max_hp_loss":0.0,"gold_gain":0.0,"event_name":"Wheel of Change","player_choice":"Damaged","floor":38.0,"gold_loss":0.0,"damage_taken":9.0},{"damage_healed":0.0,"max_hp_gain":0.0,"max_hp_loss":0.0,"gold_gain":0.0,"event_name":"Tomb of Lord Red Mask","player_choice":"Ignored","floor":48.0,"gold_loss":0.0,"damage_taken":0.0}],"is_beta":false,"boss_relics":[{"not_picked":["SlaversCollar","Ring of the Serpent"],"picked":"Empty Cage"},{"not_picked":["Velvet Choker","AT_MortalBlade"],"picked":"WristBlade"}],"items_purged_floors":[14,37],"is_endless":false,"potions_floor_spawned":[7,10,11,16,22,23,24,25,33,35,39,40,45,46,55],"ascension_level":20}}