{"host":"ewfe3cr33ktd9xzj","time":1609802353,"event":{"mods":["AchievementEnabler","BaseMod","Colored Map","Custom Start","DeckTracker","Minty Spire (QoL Compilation)","Rare Cards Sparkle","StSLib","everything is the same but u backflip on backflip"],"gold_per_floor":[365,384,384,384,138,166,166,66,66,66,66,100,100,116,116,193,193,232,242,292,93,110,110,140,156,156,156,193,207,57,85,85,163,163,177,192,210,35,46,80,80,112,112,147,147,164,0,11,11,11,11,11,11,44,76,76,76],"floor_reached":56,"playtime":2167,"items_purged":["Strike_P","Strike_P","Strike_P","Strike_P","BattleHymn+1"],"score":2199,"play_id":"c3aab1e8-2e89-42cd-8b74-e3787d56b90d","local_time":"20210105081913","is_ascension_mode":true,"campfire_choices":[{"data":"Eruption","floor":7.0,"key":"SMITH"},{"data":"Adaptation","floor":11.0,"key":"SMITH"},{"data":"Adaptation","floor":15.0,"key":"SMITH"},{"floor":23.0,"key":"REST"},{"floor":27.0,"key":"REST"},{"data":"Scrawl","floor":32.0,"key":"SMITH"},{"floor":41.0,"key":"REST"},{"floor":45.0,"key":"REST"},{"floor":49.0,"key":"RECALL"},{"data":"InnerPeace","floor":53.0,"key":"SMITH"}],"circlet_count":0,"master_deck":["AscendersBane","Defend_P","Defend_P","Eruption+1","Vigilance","BowlingBash","Adaptation+1","CrushJoints","Adaptation+1","ReachHeaven","Scrawl+1","InnerPeace+1","FlurryOfBlows","Consecrate+1","Fasting2+1","Purity"],"relics":["PureWater","Pantograph","Shuriken","Kunai","Letter Opener","Busted Crown","Gremlin Horn","Strawberry","Astrolabe","Bronze Scales","Molten Egg 2","HornCleat","Meat on the Bone","Bag of Preparation"],"acts_visited":["Exordium","TheCity","TheBeyond","TheEnding"],"potions_floor_usage":[56],"damage_taken":[{"damage":2.0,"enemies":"2 Louse","floor":1.0,"turns":3.0},{"damage":0.0,"enemies":"Jaw Worm","floor":2.0,"turns":1.0},{"damage":3.0,"enemies":"Gremlin Nob","floor":6.0,"turns":3.0},{"damage":0.0,"enemies":"Lagavulin","floor":12.0,"turns":2.0},{"damage":0.0,"enemies":"Cultist","floor":13.0,"turns":2.0},{"damage":1.0,"enemies":"3 Louse","floor":14.0,"turns":2.0},{"damage":34.0,"enemies":"Hexaghost","floor":16.0,"turns":6.0},{"damage":0.0,"enemies":"Spheric Guardian","floor":18.0,"turns":1.0},{"damage":0.0,"enemies":"3 Byrds","floor":19.0,"turns":2.0},{"damage":25.0,"enemies":"Snake Plant","floor":22.0,"turns":3.0},{"damage":18.0,"enemies":"Gremlin Leader","floor":24.0,"turns":3.0},{"damage":22.0,"enemies":"Shelled Parasite and Fungi","floor":25.0,"turns":3.0},{"damage":0.0,"enemies":"Sentry and Sphere","floor":28.0,"turns":2.0},{"damage":0.0,"enemies":"Centurion and Healer","floor":29.0,"turns":3.0},{"damage":5.0,"enemies":"Book of Stabbing","floor":31.0,"turns":2.0},{"damage":4.0,"enemies":"Champ","floor":33.0,"turns":6.0},{"damage":16.0,"enemies":"Orb Walker","floor":35.0,"turns":2.0},{"damage":0.0,"enemies":"3 Darklings","floor":36.0,"turns":1.0},{"damage":19.0,"enemies":"Sphere and 2 Shapes","floor":37.0,"turns":4.0},{"damage":3.0,"enemies":"Writhing Mass","floor":39.0,"turns":2.0},{"damage":7.0,"enemies":"Reptomancer","floor":40.0,"turns":3.0},{"damage":16.0,"enemies":"Nemesis","floor":42.0,"turns":3.0},{"damage":0.0,"enemies":"Reptomancer","floor":44.0,"turns":2.0},{"damage":18.0,"enemies":"Transient","floor":46.0,"turns":6.0},{"damage":0.0,"enemies":"Maw","floor":48.0,"turns":2.0},{"damage":29.0,"enemies":"Donu and Deca","floor":50.0,"turns":5.0},{"damage":43.0,"enemies":"Awakened One","floor":51.0,"turns":5.0},{"damage":0,"enemies":"Shield and Spear","floor":55,"turns":2},{"damage":45,"enemies":"The Heart","floor":56,"turns":3}],"seed_played":"7963077394438061000","potions_obtained":[{"floor":1.0,"key":"DistilledChaos"},{"floor":6.0,"key":"EntropicBrew"},{"floor":14.0,"key":"Fruit Juice"},{"floor":16.0,"key":"PowerPotion"},{"floor":18.0,"key":"Strength Potion"},{"floor":19.0,"key":"PowerPotion"},{"floor":28.0,"key":"ColorlessPotion"},{"floor":31.0,"key":"Energy Potion"},{"floor":33.0,"key":"LiquidMemories"},{"floor":39.0,"key":"FearPotion"},{"floor":48.0,"key":"Regen Potion"}],"is_trial":false,"path_per_floor":["M","M","?","?","$","E","R","$","T","T","R","E","M","M","R","B",null,"M","M","?","$","M","R","E","M","T","R","M","M","$","E","R","B",null,"M","M","M","$","M","E","R","E","T","E","R","M","?","M","R","B","B",null,"R","$","E","B"],"character_chosen":"WATCHER","items_purchased":["CrushJoints","ForeignInfluence","Adaptation","InnerPeace","Purity"],"campfire_rested":4,"item_purchase_floors":[5,5,5,21,54],"current_hp_per_floor":[59,59,59,64,64,61,61,61,61,61,61,61,61,60,60,38,64,64,64,64,64,39,60,42,20,20,41,41,41,41,43,43,64,75,59,59,40,40,37,30,53,37,37,37,60,42,42,42,42,52,46,71,71,71,71,34,34],"gold":76,"neow_bonus":"TWO_FIFTY_GOLD","is_daily":false,"chose_seed":false,"campfire_upgraded":5,"win_rate":0.0,"timestamp":1609802353,"path_taken":["M","M","?","?","?","E","R","$","T","?","R","E","M","?","R","BOSS","M","M","?","$","M","R","E","M","T","R","M","M","$","E","R","BOSS","M","M","M","$","M","E","R","E","T","E","R","M","?","M","R","BOSS","BOSS","R","$","E","BOSS"],"items_purchased_type":["Card","Card","Card","Card","Card"],"build_version":"2020-12-22","purchased_purges":5,"victory":false,"max_hp_per_floor":[62,62,62,67,67,67,67,67,67,67,67,67,67,67,67,72,72,72,72,72,72,72,72,72,72,72,72,72,72,72,79,79,79,79,79,79,79,79,79,79,79,79,79,79,79,79,79,79,79,79,79,79,79,79,79,79,79],"card_choices":[{"not_picked":["Vengeance","WaveOfTheHand"],"picked":"BowlingBash","floor":1.0},{"not_picked":["SashWhip","EmptyFist"],"picked":"Adaptation","floor":2.0},{"not_picked":["EmptyFist","Consecrate"],"picked":"ReachHeaven","floor":6.0},{"not_picked":["FollowUp","Collect","BowlingBash"],"picked":"SKIP","floor":12.0},{"not_picked":["SandsOfTime","Conclude","Consecrate"],"picked":"SKIP","floor":13.0},{"not_picked":["Pray","CutThroughFate","Prostrate"],"picked":"SKIP","floor":14.0},{"not_picked":["DevaForm","DeusExMachina"],"picked":"Scrawl","floor":16.0},{"not_picked":["WheelKick"],"picked":"SKIP","floor":18.0},{"not_picked":["Indignation"],"picked":"SKIP","floor":19.0},{"not_picked":[],"picked":"FlurryOfBlows","floor":22.0},{"not_picked":["Evaluate"],"picked":"SKIP","floor":24.0},{"not_picked":["CutThroughFate"],"picked":"SKIP","floor":25.0},{"not_picked":["EmptyBody"],"picked":"SKIP","floor":28.0},{"not_picked":["BowlingBash+1"],"picked":"SKIP","floor":29.0},{"not_picked":["Vengeance"],"picked":"SKIP","floor":31.0},{"not_picked":["CrushJoints"],"picked":"SKIP","floor":35.0},{"not_picked":["Study"],"picked":"SKIP","floor":36.0},{"not_picked":["WreathOfFlame+1"],"picked":"SKIP","floor":37.0},{"not_picked":["ClearTheMind"],"picked":"SKIP","floor":39.0},{"not_picked":["FearNoEvil"],"picked":"SKIP","floor":40.0},{"not_picked":["Sanctity"],"picked":"SKIP","floor":42.0},{"not_picked":["FlurryOfBlows+1"],"picked":"SKIP","floor":44.0},{"not_picked":["Worship"],"picked":"SKIP","floor":46.0},{"not_picked":["Nirvana"],"picked":"SKIP","floor":48.0},{"not_picked":["EmptyMind+1"],"picked":"SKIP","floor":55}],"player_experience":14287,"relics_obtained":[{"floor":6.0,"key":"Pantograph"},{"floor":9.0,"key":"Shuriken"},{"floor":10.0,"key":"Kunai"},{"floor":12.0,"key":"Letter Opener"},{"floor":24.0,"key":"Gremlin Horn"},{"floor":31.0,"key":"Strawberry"},{"floor":40.0,"key":"Bronze Scales"},{"floor":42.0,"key":"Molten Egg 2"},{"floor":43.0,"key":"HornCleat"},{"floor":44.0,"key":"Meat on the Bone"},{"floor":55,"key":"Bag of Preparation"}],"event_choices":[{"damage_healed":0.0,"max_hp_gain":0.0,"max_hp_loss":0.0,"gold_gain":0.0,"event_name":"Liars Game","player_choice":"Ignored","floor":3.0,"gold_loss":0.0,"damage_taken":0.0},{"damage_healed":0.0,"max_hp_gain":5.0,"max_hp_loss":0.0,"gold_gain":0.0,"event_name":"Big Fish","player_choice":"Donut","floor":4.0,"gold_loss":0.0,"damage_taken":0.0},{"damage_healed":0.0,"max_hp_gain":0.0,"max_hp_loss":0.0,"gold_gain":100.0,"event_name":"The Joust","player_choice":"Bet on Murderer","floor":20.0,"gold_loss":50.0,"damage_taken":0.0},{"damage_healed":0.0,"max_hp_gain":0.0,"max_hp_loss":0.0,"gold_gain":0.0,"event_name":"Tomb of Lord Red Mask","player_choice":"Paid","floor":47.0,"gold_loss":164.0,"damage_taken":0.0,"relics_obtained":["Red Mask"]}],"is_beta":false,"boss_relics":[{"not_picked":["Tiny House","Sozu"],"picked":"Busted Crown"},{"not_picked":["VioletLotus","Black Star"],"picked":"Astrolabe"}],"items_purged_floors":[5,8,21,30,38],"is_endless":false,"potions_floor_spawned":[1,6,14,16,18,19,28,29,31,33,35,39,48],"killed_by":"The Heart","ascension_level":20}}