{"host":"w9yruvs4bqht6bhw","time":1609721715,"event":{"mods":["BaseMod","Colored Powertips","Minty Spire (QoL Compilation)"],"gold_per_floor":[109,128,128,142,38,38,68,68,68,96,107,118,165,15,15,115,115,125,154,171,19,19,19,53,3,3,19,44,64,80,107,107,206,206,217,217,230,245,97,97,109,135,147,159,171,183,195,6,6,6,6,6,6,6,6],"floor_reached":54,"playtime":2377,"items_purged":["Eruption","Strike_P","Apotheosis"],"score":848,"play_id":"cc12cc19-d55b-4b82-b0e1-4b590592995e","local_time":"20210103195515","is_ascension_mode":true,"campfire_choices":[{"data":"WheelKick","floor":6,"key":"SMITH"},{"data":"Alpha","floor":8,"key":"SMITH"},{"floor":15,"key":"REST"},{"data":"MasterReality","floor":23,"key":"SMITH"},{"floor":32,"key":"REST"},{"data":"Vault","floor":40,"key":"SMITH"},{"floor":44,"key":"RECALL"}],"circlet_count":0,"master_deck":["Strike_P+1","Strike_P+1","Strike_P+1","Defend_P+1","Defend_P+1","Defend_P+1","Defend_P+1","Vigilance+1","SashWhip+1","Prostrate+1","Prostrate+1","WheelKick+1","Alpha+1","ThirdEye+1","ForeignInfluence+1","Evaluate+1","Vault+1","Prostrate+1","Evaluate+1","MasterReality+1","Wireheading+1","Brilliance+1","Evaluate+1","Perseverance+1","Madness+1","Madness+1"],"relics":["HolyWater","Letter Opener","Blue Candle","Mummified Hand","Pen Nib","Damaru","Red Mask","Bag of Marbles","Bag of Preparation","Bird Faced Urn","Bottled Flame","Coffee Dripper","MawBank","Mark of the Bloom"],"acts_visited":["Exordium","TheCity","TheBeyond","TheEnding"],"potions_floor_usage":[11,16,24,28,33,33,50,50,54],"damage_taken":[{"damage":3,"enemies":"Jaw Worm","floor":1,"turns":3},{"damage":0,"enemies":"2 Louse","floor":2,"turns":3},{"damage":0,"enemies":"Small Slimes","floor":4,"turns":5},{"damage":5,"enemies":"Lagavulin","floor":7,"turns":7},{"damage":36,"enemies":"Gremlin Nob","floor":10,"turns":5},{"damage":2,"enemies":"Looter","floor":11,"turns":3},{"damage":23,"enemies":"Large Slime","floor":12,"turns":4},{"damage":49,"enemies":"The Guardian","floor":16,"turns":9},{"damage":13,"enemies":"2 Thieves","floor":18,"turns":3},{"damage":19,"enemies":"Masked Bandits","floor":19,"turns":4},{"damage":0,"enemies":"Spheric Guardian","floor":20,"turns":4},{"damage":8,"enemies":"Slavers","floor":24,"turns":3},{"damage":5,"enemies":"Chosen and Byrds","floor":27,"turns":6},{"damage":0,"enemies":"Gremlin Leader","floor":28,"turns":5},{"damage":0,"enemies":"Cultist and Chosen","floor":29,"turns":4},{"damage":0,"enemies":"Centurion and Healer","floor":30,"turns":3},{"damage":11,"enemies":"Book of Stabbing","floor":31,"turns":5},{"damage":0,"enemies":"Champ","floor":33,"turns":7},{"damage":2,"enemies":"Orb Walker","floor":35,"turns":4},{"damage":0,"enemies":"3 Shapes","floor":37,"turns":3},{"damage":6,"enemies":"Jaw Worm Horde","floor":38,"turns":5},{"damage":4,"enemies":"Sphere and 2 Shapes","floor":41,"turns":4},{"damage":6,"enemies":"Giant Head","floor":42,"turns":7},{"damage":35,"enemies":"Time Eater","floor":50,"turns":8},{"damage":34,"enemies":"Shield and Spear","floor":54,"turns":4}],"seed_played":"2356114117616037955","potions_obtained":[{"floor":11,"key":"Fruit Juice"},{"floor":12,"key":"Explosive Potion"},{"floor":20,"key":"Fire Potion"},{"floor":27,"key":"GamblersBrew"},{"floor":28,"key":"Dexterity Potion"},{"floor":35,"key":"Ambrosia"}],"is_trial":false,"path_per_floor":["M","M","?","M","$","R","E","R","T","E","M","M","T","$","R","B",null,"M","?","M","$","?","R","E","$","T","M","E","M","M","E","R","B",null,"M","?","M","M","$","R","M","E","T","R","?","?","?","$","R","B",null,"R","$","E"],"character_chosen":"WATCHER","items_purchased":["FairyPotion","Damaru","GamblersBrew","BlessingOfTheForge","SkillPotion","LiquidMemories"],"campfire_rested":2,"item_purchase_floors":[5,14,21,25,39,48],"current_hp_per_floor":[69,69,72,72,72,72,67,67,67,31,34,11,11,11,34,23,77,64,45,45,45,45,45,37,37,37,32,32,36,40,33,56,62,77,77,77,77,74,74,74,75,73,73,73,63,63,63,63,63,28,28,28,28,0,0],"gold":6,"neow_bonus":"THREE_CARDS","is_daily":false,"chose_seed":false,"campfire_upgraded":4,"win_rate":0.0,"timestamp":1609721715,"path_taken":["M","M","?","M","$","R","E","R","T","E","M","M","?","$","R","BOSS","M","?","M","$","?","R","E","$","T","M","E","M","M","E","R","BOSS","M","?","?","M","$","R","M","E","T","R","?","?","?","$","R","BOSS","R","$","E"],"items_purchased_type":["Potion","Relic","Potion","Potion","Potion","Potion"],"build_version":"2020-12-22","purchased_purges":3,"victory":false,"max_hp_per_floor":[72,72,72,72,72,72,72,72,72,72,77,77,77,77,77,77,77,77,77,77,77,77,77,77,77,77,77,77,77,77,77,77,77,77,77,77,77,77,77,77,77,77,77,77,77,77,77,77,77,77,77,77,77,77,77],"card_choices":[{"not_picked":["EmptyMind","FlyingSleeves"],"picked":"SashWhip","floor":0},{"not_picked":["ClearTheMind","Perseverance"],"picked":"Prostrate","floor":1},{"not_picked":["SashWhip","WreathOfFlame"],"picked":"Prostrate","floor":2},{"not_picked":["Protect","Adaptation"],"picked":"WheelKick","floor":4},{"not_picked":["SashWhip","CrushJoints"],"picked":"Alpha","floor":7},{"not_picked":["Conclude","Blasphemy"],"picked":"ThirdEye","floor":10},{"not_picked":["Consecrate","BowlingBash"],"picked":"ForeignInfluence","floor":11},{"not_picked":["EmptyBody","FollowUp"],"picked":"Evaluate","floor":12},{"not_picked":["SpiritShield","Blasphemy"],"picked":"Vault","floor":16},{"not_picked":["Wallop","Wireheading"],"picked":"Prostrate+1","floor":18},{"not_picked":["CutThroughFate","FlyingSleeves"],"picked":"Evaluate","floor":19},{"not_picked":["Prostrate+1","ThirdEye"],"picked":"MasterReality","floor":20},{"not_picked":["FlurryOfBlows+1","WheelKick","FearNoEvil+1"],"picked":"SKIP","floor":24},{"not_picked":["SandsOfTime","LikeWater","FollowUp"],"picked":"SKIP","floor":27},{"not_picked":["Crescendo","EmptyMind+1","SashWhip"],"picked":"SKIP","floor":28},{"not_picked":["MentalFortress","Wallop","Crescendo+1"],"picked":"SKIP","floor":29},{"not_picked":["Halt","FlurryOfBlows","LikeWater"],"picked":"SKIP","floor":30},{"not_picked":["Devotion","Indignation"],"picked":"Wireheading+1","floor":31},{"not_picked":["Devotion","Alpha"],"picked":"Brilliance","floor":33},{"not_picked":["FlyingSleeves+1","FlurryOfBlows+1"],"picked":"Evaluate+1","floor":35},{"not_picked":["Protect","Vengeance","Wireheading"],"picked":"SKIP","floor":37},{"not_picked":["EmptyFist+1","CrushJoints+1"],"picked":"Perseverance+1","floor":38},{"not_picked":["DeceiveReality","PathToVictory+1","DevaForm"],"picked":"SKIP","floor":41},{"not_picked":["Brilliance","LikeWater","DeceiveReality"],"picked":"SKIP","floor":42},{"not_picked":["Trip","Bandage Up"],"picked":"Apotheosis","floor":47}],"player_experience":309241,"relics_obtained":[{"floor":7,"key":"Letter Opener"},{"floor":9,"key":"Blue Candle"},{"floor":10,"key":"Mummified Hand"},{"floor":13,"key":"Pen Nib"},{"floor":19,"key":"Red Mask"},{"floor":24,"key":"Bag of Marbles"},{"floor":26,"key":"Bag of Preparation"},{"floor":28,"key":"Bird Faced Urn"},{"floor":31,"key":"Bottled Flame"},{"floor":42,"key":"MawBank"}],"event_choices":[{"damage_healed":24,"gold_gain":0,"player_choice":"Banana","damage_taken":0,"max_hp_gain":0,"max_hp_loss":0,"event_name":"Big Fish","floor":3,"gold_loss":0},{"damage_healed":0,"gold_gain":0,"player_choice":"Fought Bandits","damage_taken":0,"max_hp_gain":0,"max_hp_loss":0,"event_name":"Masked Bandits","floor":19,"gold_loss":0},{"damage_healed":0,"gold_gain":0,"player_choice":"Ignored","damage_taken":0,"max_hp_gain":0,"max_hp_loss":0,"event_name":"Transmorgrifier","floor":36,"gold_loss":0},{"damage_healed":0,"gold_gain":0,"player_choice":"Embrace Madness","damage_taken":10,"max_hp_gain":0,"max_hp_loss":0,"event_name":"Winding Halls","floor":45,"gold_loss":0,"cards_obtained":["Madness","Madness"]},{"damage_healed":0,"gold_gain":0,"player_choice":"Upgrade","damage_taken":0,"relics_obtained":["Mark of the Bloom"],"max_hp_gain":0,"max_hp_loss":0,"event_name":"MindBloom","floor":46,"gold_loss":0,"cards_upgraded":["Strike_P","Strike_P","Strike_P","Defend_P","Defend_P","Defend_P","Defend_P","Vigilance","SashWhip","Prostrate","Prostrate","ThirdEye","ForeignInfluence","Evaluate","Evaluate","Brilliance","Madness","Madness"]},{"damage_healed":0,"gold_gain":0,"player_choice":"Memory 1","damage_taken":0,"max_hp_gain":0,"max_hp_loss":0,"event_name":"SensoryStone","floor":47,"gold_loss":0}],"is_beta":false,"boss_relics":[{"not_picked":["Black Star","Philosopher\u0027s Stone"],"picked":"HolyWater"},{"not_picked":["Astrolabe","Runic Pyramid"],"picked":"Coffee Dripper"}],"items_purged_floors":[21,39,48],"is_endless":false,"potions_floor_spawned":[11,12,20,27,28,29,35,41],"killed_by":"Shield and Spear","ascension_level":1}}