{"host":"7gewg82ormp6yt4e","time":1609771888,"event":{"mods":["BaseMod","Block Reminder","Colored Map","Colored Powertips","DeckTracker","Highlight Path","Minty Spire (QoL Compilation)","Relic Stats","StSLib","ojb\u0027s Info Mod"],"gold_per_floor":[365,290,3,22,90,90,122,122,148,17,31,31,48,80,80,80,80],"floor_reached":16,"playtime":576,"items_purged":[],"score":216,"play_id":"e9731e5b-b204-4dac-b299-c3206f3a62ca","local_time":"20210104235128","is_ascension_mode":true,"campfire_choices":[{"data":"Sunder","floor":6,"key":"SMITH"},{"floor":8,"key":"REST"},{"data":"Self Repair","floor":12,"key":"SMITH"},{"data":"Streamline","floor":15,"key":"SMITH"}],"circlet_count":0,"master_deck":["AscendersBane","Strike_B","Strike_B","Strike_B","Defend_B","Defend_B","Defend_B","Defend_B","Zap","Dualcast","Ball Lightning","Sunder+1","Self Repair+1","Leap","Capacitor","Capacitor","Echo Form","Sweeping Beam","Streamline+1"],"relics":["Cracked Core","Membership Card","Girya","ClockworkSouvenir","Meat on the Bone"],"acts_visited":["Exordium"],"potions_floor_usage":[14,16],"damage_taken":[{"damage":3,"enemies":"2 Louse","floor":1,"turns":3},{"damage":10,"enemies":"Small Slimes","floor":4,"turns":4},{"damage":35,"enemies":"Lagavulin","floor":7,"turns":7},{"damage":12,"enemies":"Jaw Worm","floor":11,"turns":3},{"damage":2,"enemies":"3 Louse","floor":13,"turns":2},{"damage":1,"enemies":"3 Sentries","floor":14,"turns":6},{"damage":59,"enemies":"Slime Boss","floor":16,"turns":5}],"seed_played":"-5155400350303712346","potions_obtained":[{"floor":7,"key":"PowerPotion"}],"is_trial":false,"path_per_floor":["M","?","$","M","?","R","E","R","T","$","M","R","M","E","R","B"],"character_chosen":"DEFECT","items_purchased":["Membership Card","Sunder","Self Repair","Leap","Fire Potion","ClockworkSouvenir","Capacitor"],"campfire_rested":1,"item_purchase_floors":[3,3,3,3,3,10,10],"current_hp_per_floor":[43,43,43,40,40,40,12,33,33,33,28,28,26,45,45,0,0],"gold":80,"neow_bonus":"TWO_FIFTY_GOLD","is_daily":false,"chose_seed":false,"campfire_upgraded":3,"win_rate":0.0,"timestamp":1609771888,"path_taken":["M","?","$","M","?","R","E","R","T","?","M","R","M","E","R","BOSS"],"items_purchased_type":["Relic","Card","Card","Card","Potion","Relic","Card"],"build_version":"2020-12-22","purchased_purges":0,"victory":false,"max_hp_per_floor":[71,71,71,71,71,71,71,71,71,71,71,71,71,71,71,71,71],"relic_stats":{"counters":[7,30],"obtain_stats":[{"Girya":7,"Membership Card":3,"Cracked Core":0,"ClockworkSouvenir":10,"Meat on the Bone":14},{"Girya":3,"Membership Card":1,"Cracked Core":0,"ClockworkSouvenir":3,"Meat on the Bone":6},{"Girya":14,"Membership Card":3,"Cracked Core":0,"ClockworkSouvenir":14,"Meat on the Bone":25}],"Meat on the Bone":0},"card_choices":[{"not_picked":["Cold Snap","Reprogram"],"picked":"Ball Lightning","floor":1},{"not_picked":["Go for the Eyes","Compile Driver"],"picked":"Capacitor","floor":4},{"not_picked":["Reprogram","Beam Cell","Stack"],"picked":"SKIP","floor":7},{"not_picked":["Force Field","Blizzard"],"picked":"Echo Form","floor":11},{"not_picked":["Turbo","Leap"],"picked":"Sweeping Beam","floor":13},{"not_picked":["Turbo","Go for the Eyes"],"picked":"Streamline","floor":14}],"player_experience":2465106,"relics_obtained":[{"floor":7,"key":"Girya"},{"floor":14,"key":"Meat on the Bone"}],"event_choices":[{"cards_removed":["Strike_B"],"damage_healed":0,"gold_gain":0,"player_choice":"Card Removal","damage_taken":0,"max_hp_gain":0,"max_hp_loss":0,"event_name":"The Cleric","floor":2,"gold_loss":75},{"damage_healed":0,"gold_gain":68,"player_choice":"Gained Gold","damage_taken":0,"max_hp_gain":0,"max_hp_loss":0,"event_name":"Golden Wing","floor":5,"gold_loss":0}],"is_beta":false,"boss_relics":[],"items_purged_floors":[],"is_endless":false,"potions_floor_spawned":[7,11],"killed_by":"Slime Boss","ascension_level":20}}