{"host":"a1eatafr7pisesky","time":1609773491,"event":{"mods":["BaseMod","Colored Map","DeckTracker","Highlight Path","Keyboard Shortcuts","Minty Spire (QoL Compilation)","Permanent Neow","Random Character Button","StSLib","SuperFastMode","everything is the same but u backflip on backflip"],"gold_per_floor":[109,34,48,63,63,63,77,77,77,77,100,131,31,47,47,172,172,192,192,107,131,6,45,45,86,86,86,102,25,25,39,39,39,39],"floor_reached":33,"playtime":877,"items_purged":["Strike_G","Defend_G","Strike_G"],"score":388,"play_id":"e0b4ce3a-4db3-4b7b-a379-02882fdeb2d5","local_time":"20210105001811","is_ascension_mode":true,"campfire_choices":[{"data":"Bouncing Flask","floor":6.0,"key":"SMITH"},{"data":"Crippling Poison","floor":10.0,"key":"SMITH"},{"floor":15.0,"key":"REST"},{"data":"Burst","floor":24.0,"key":"SMITH"},{"floor":30.0,"key":"REST"},{"data":"Crippling Poison","floor":32.0,"key":"SMITH"}],"circlet_count":0,"master_deck":["Strike_G","Strike_G","Defend_G","Defend_G","Defend_G","Defend_G","Survivor","Neutralize","PiercingWail","Bouncing Flask+1","Dagger Spray","Crippling Poison+1","Crippling Poison+1","PiercingWail","PiercingWail","Burst+1","Backstab+1","Corpse Explosion","Calculated Gamble+1","Reflex","Deadly Poison"],"relics":["Ring of the Snake","Pen Nib","Golden Idol","Calipers","TungstenRod","Black Star","Happy Flower","Ancient Tea Set","Darkstone Periapt","Bag of Marbles","Bag of Preparation","WingedGreaves"],"acts_visited":["Exordium","TheCity"],"potions_floor_usage":[33],"damage_taken":[{"damage":9.0,"enemies":"2 Louse","floor":1.0,"turns":4.0},{"damage":0.0,"enemies":"Cultist","floor":3.0,"turns":4.0},{"damage":0.0,"enemies":"Jaw Worm","floor":4.0,"turns":4.0},{"damage":11.0,"enemies":"Exordium Thugs","floor":7.0,"turns":4.0},{"damage":11.0,"enemies":"Looter","floor":11.0,"turns":3.0},{"damage":10.0,"enemies":"Gremlin Nob","floor":12.0,"turns":4.0},{"damage":6.0,"enemies":"2 Fungi Beasts","floor":14.0,"turns":3.0},{"damage":10.0,"enemies":"Hexaghost","floor":16.0,"turns":8.0},{"damage":0.0,"enemies":"3 Byrds","floor":18.0,"turns":4.0},{"damage":16.0,"enemies":"Shell Parasite","floor":21.0,"turns":4.0},{"damage":0.0,"enemies":"Gremlin Leader","floor":23.0,"turns":7.0},{"damage":26.0,"enemies":"Book of Stabbing","floor":25.0,"turns":6.0},{"damage":0.0,"enemies":"Shelled Parasite and Fungi","floor":28.0,"turns":1.0},{"damage":0.0,"enemies":"3 Cultists","floor":31.0,"turns":2.0},{"damage":48,"enemies":"Automaton","floor":33,"turns":10}],"seed_played":"-5075697023871314429","potions_obtained":[{"floor":3.0,"key":"PowerPotion"},{"floor":4.0,"key":"Swift Potion"},{"floor":12.0,"key":"Poison Potion"},{"floor":23.0,"key":"CunningPotion"}],"is_trial":false,"path_per_floor":["M","$","M","M","?","R","M","?","T","R","M","E","$","M","R","B",null,"M","?","?","M","$","E","R","E","T","?","M","$","R","M","R","B"],"character_chosen":"THE_SILENT","items_purchased":["Reflex"],"campfire_rested":2,"item_purchase_floors":[29],"current_hp_per_floor":[61,61,61,61,61,61,50,50,50,50,39,29,29,23,42,32,57,57,57,57,41,41,41,41,15,15,15,15,15,34,34,34,0,0],"gold":39,"neow_bonus":"RANDOM_COMMON_RELIC","is_daily":false,"chose_seed":false,"campfire_upgraded":4,"win_rate":0.0,"timestamp":1609773491,"path_taken":["M","$","M","M","?","R","?","?","T","R","M","E","?","M","R","BOSS","M","?","?","M","$","E","R","E","T","?","M","$","R","M","R","BOSS"],"items_purchased_type":["Card"],"build_version":"2020-12-22","purchased_purges":3,"victory":false,"max_hp_per_floor":[70,70,70,70,70,70,70,65,65,65,65,65,65,65,65,65,65,65,65,65,65,65,65,65,65,65,65,65,65,65,65,65,65,65],"card_choices":[{"not_picked":["Underhanded Strike","Bane"],"picked":"PiercingWail","floor":1.0},{"not_picked":["Acrobatics","Cloak And Dagger"],"picked":"Bouncing Flask","floor":3.0},{"not_picked":["Prepared","Flying Knee"],"picked":"Dagger Spray","floor":4.0},{"not_picked":["Bane","Sucker Punch"],"picked":"Crippling Poison","floor":7.0},{"not_picked":["Acrobatics","Finisher"],"picked":"Crippling Poison","floor":11.0},{"not_picked":["Leg Sweep","Deflect"],"picked":"PiercingWail","floor":12.0},{"not_picked":["Cloak And Dagger","Slice"],"picked":"PiercingWail","floor":14.0},{"not_picked":["Venomology","Bullet Time"],"picked":"Burst","floor":16.0},{"not_picked":["Riddle With Holes+1","Terror","Slice"],"picked":"SKIP","floor":18.0},{"not_picked":["Sucker Punch","Underhanded Strike"],"picked":"Backstab+1","floor":21.0},{"not_picked":["Sucker Punch","Cloak And Dagger"],"picked":"Corpse Explosion","floor":23.0},{"not_picked":["Caltrops+1","Venomology","Envenom"],"picked":"SKIP","floor":25.0},{"not_picked":["Tactician","Masterful Stab+1"],"picked":"Calculated Gamble+1","floor":28.0},{"not_picked":["Acrobatics","PiercingWail+1"],"picked":"Deadly Poison","floor":31.0}],"player_experience":285109,"relics_obtained":[{"floor":9.0,"key":"Calipers"},{"floor":12.0,"key":"TungstenRod"},{"floor":23.0,"key":"Ancient Tea Set"},{"floor":23.0,"key":"Darkstone Periapt"},{"floor":25.0,"key":"Bag of Marbles"},{"floor":25.0,"key":"Bag of Preparation"},{"floor":26.0,"key":"WingedGreaves"}],"event_choices":[{"cards_removed":["Strike_G"],"damage_healed":0.0,"max_hp_gain":0.0,"max_hp_loss":0.0,"gold_gain":0.0,"event_name":"Bonfire Elementals","player_choice":"Offered Basic","floor":5.0,"gold_loss":0.0,"damage_taken":0.0},{"damage_healed":0.0,"max_hp_gain":0.0,"max_hp_loss":5.0,"gold_gain":0.0,"event_name":"Golden Idol","player_choice":"Lose Max HP","floor":8.0,"gold_loss":0.0,"damage_taken":0.0,"relics_obtained":["Golden Idol"]},{"damage_healed":0.0,"max_hp_gain":0.0,"max_hp_loss":0.0,"gold_gain":0.0,"event_name":"Vampires","player_choice":"Ignored","floor":19.0,"gold_loss":0.0,"damage_taken":0.0},{"damage_healed":0.0,"max_hp_gain":0.0,"max_hp_loss":0.0,"gold_gain":0.0,"event_name":"Addict","player_choice":"Obtained Relic","floor":20.0,"gold_loss":85.0,"damage_taken":0.0,"relics_obtained":["Happy Flower"]},{"damage_healed":0.0,"max_hp_gain":0.0,"max_hp_loss":0.0,"gold_gain":0.0,"event_name":"Cursed Tome","player_choice":"Ignored","floor":27.0,"gold_loss":0.0,"damage_taken":0.0}],"is_beta":false,"boss_relics":[{"not_picked":["Runic Dome","Snecko Eye"],"picked":"Black Star"}],"items_purged_floors":[2,13,22],"is_endless":false,"potions_floor_spawned":[3,4,12,23],"killed_by":"Automaton","ascension_level":5}}