{"host":"g75gtovmj0ine2rf","time":1609760240,"event":{"mods":["2.2 Compatiblity","AchievementEnabler","Act Like it!","Aspiration","Astrologer","Bard","BaseMod","Better Match","BetterRewards","CapriCore","Challenge The Spire","ChefMod","Colored Map","Conspire","Elementarium","Energized Spire","Friendly Minions","Gensokyo","Halation","Hallownest","Hermit","HexUI Lib","Highlight Path","Hubris","Infinite Spire","Jedi Mod","Lobotomy","Menagerie","Minty Spire (QoL Compilation)","Puzzle Mod","Quick Restart","Rare Cards Sparkle","Relic Stats","Replay The Spire","Robot Space Explorer","Shade Mod","Shop Mod","Spicy Shops","StSLib","SuperFastMode","The Construct","The Cursed","The Dragon Tamer","The Factory","The Jungle","The Marked","The Runesmith","TheBandit","TheFirefly","TheSwordswoman","TheVacant","Transform Curses","Wandering Minibosses","thorton","vexMod"],"gold_per_floor":[115,215,140,140,47,47,72,340,340,372,397,425,153,183,183,289,289,311,15,40,40,40,79,79,89,89],"floor_reached":25,"playtime":1220,"items_purged":["theMarked:Strike"],"score":296,"play_id":"f1e474af-2839-4b7b-85ec-e8af67867069","local_time":"20210104223720","is_ascension_mode":false,"campfire_choices":[{"data":"theMarked:SoldierOfQuellstein","floor":6,"key":"SMITH"},{"floor":15,"key":"DIG"},{"floor":24,"key":"REST"}],"circlet_count":0,"master_deck":["theMarked:Strike","theMarked:Strike","theMarked:Strike","theMarked:Strike","theMarked:Defend","theMarked:Defend","theMarked:Defend","theMarked:Defend","theMarked:SoldierOfQuellstein+1","theMarked:ReduceFriction","Mayhem+1","theMarked:Electrocute","theMarked:HeritageOfTheMarked+1","theMarked:Vacuum","Mayhem","Finesse","hubris:Compulsion"],"relics":["theMarked:ArtifactOfAir","NeowsBlessing","Mango","Replay:Bandana","Singing Bowl","conspire:Boomerang","theMarked:Winder","Bag of Preparation","Replay:Bronze Core","MealTicket","aspiration:HiddenCompartment"],"acts_visited":["Exordium","TheCity"],"potions_floor_usage":[3,16,20],"damage_taken":[{"damage":0,"enemies":"Gensokyo:Gryphon","floor":1,"turns":1},{"damage":0,"enemies":"Gensokyo:Mamizou","floor":7,"turns":4},{"damage":10,"enemies":"Gensokyo:2_Kodama","floor":8,"turns":2},{"damage":0,"enemies":"Gensokyo:Python","floor":10,"turns":3},{"damage":0,"enemies":"Gensokyo:LivingMonolith","floor":11,"turns":3},{"damage":15,"enemies":"Gensokyo:Kitsune","floor":12,"turns":6},{"damage":0,"enemies":"Gensokyo:VengefulSpirit","floor":14,"turns":3},{"damage":20,"enemies":"Gensokyo:Kokoro","floor":16,"turns":8},{"damage":10,"enemies":"3 Byrds","floor":18,"turns":5},{"damage":10,"enemies":"Shell Parasite","floor":20,"turns":5},{"damage":69,"enemies":"conspire:SneckoGhost","floor":23,"turns":9},{"damage":35,"enemies":"Sentry and Sphere","floor":25,"turns":5}],"seed_played":"-6872470970604795829","potions_obtained":[{"floor":1,"key":"jedi:mysterypotion"},{"floor":10,"key":"Reflective Coating"},{"floor":12,"key":"Swift Potion"},{"floor":16,"key":"Adrenaline Potion"},{"floor":20,"key":"BlessingOfTheForge"}],"is_trial":false,"path_per_floor":["M","?","?","?","COS","R","E","M","T","M","M","M","$","M","R_BF","B",null,"M","$","M","?","?","E","R","M"],"character_chosen":"THE_DEFAULT","items_purchased":["theMarked:HeritageOfTheMarked","theMarked:Winder","Mayhem","Finesse"],"campfire_rested":1,"item_purchase_floors":[13,13,19,19],"current_hp_per_floor":[70,70,70,63,63,63,63,53,53,55,57,44,44,46,46,26,92,84,84,76,76,76,9,38,3,3],"gold":89,"neow_bonus":"THREE_ENEMY_KILL","is_daily":false,"chose_seed":false,"campfire_upgraded":1,"win_rate":0.0,"timestamp":1609760240,"path_taken":["M","?","?","?","COS","R","E","M","T","?","?","M","?","M","R_BF","BOSS","M","$","M","?","?","E","R","M"],"items_purchased_type":["Card","Relic","Card","Card"],"build_version":"2020-12-22","purchased_purges":1,"victory":false,"max_hp_per_floor":[70,70,70,84,84,84,84,84,84,86,88,90,90,92,92,92,92,94,94,96,96,96,98,98,98,98],"relic_stats":{"Singing Bowl":14,"counters":[12,54],"MealTicket":0,"Bag of Preparation":[10],"obtain_stats":[{"theMarked:ArtifactOfAir":0,"Replay:Bandana":7,"NeowsBlessing":0,"Singing Bowl":9,"Replay:Bronze Core":17,"Mango":4,"MealTicket":21,"conspire:Boomerang":12,"Bag of Preparation":15,"theMarked:Winder":13,"aspiration:HiddenCompartment":23},{"theMarked:ArtifactOfAir":0,"Replay:Bandana":2,"NeowsBlessing":0,"Singing Bowl":3,"Replay:Bronze Core":8,"Mango":1,"MealTicket":10,"conspire:Boomerang":6,"Bag of Preparation":7,"theMarked:Winder":6,"aspiration:HiddenCompartment":11},{"theMarked:ArtifactOfAir":0,"Replay:Bandana":5,"NeowsBlessing":0,"Singing Bowl":7,"Replay:Bronze Core":30,"Mango":1,"MealTicket":40,"conspire:Boomerang":16,"Bag of Preparation":22,"theMarked:Winder":19,"aspiration:HiddenCompartment":49}]},"card_choices":[{"not_picked":["theMarked:ElectricStrings","theMarked:Polarize"],"picked":"theMarked:ReduceFriction","floor":1},{"not_picked":["Secret Technique+1","Chrysalis+1"],"picked":"Mayhem+1","floor":3},{"not_picked":["theMarked:Static","theMarked:ChainLightning"],"picked":"theMarked:Electrocute","floor":7},{"not_picked":["theMarked:Electrocute","theMarked:SwordAndMagic","theMarked:Frustration"],"picked":"SKIP","floor":8},{"not_picked":["theMarked:Frustration","theMarked:HeritageOfTheMarked","theMarked:Improvise"],"picked":"Singing Bowl","floor":10},{"not_picked":["theMarked:DeterminationOfTheMarked","theMarked:WastefulAttack","theMarked:Snap"],"picked":"Singing Bowl","floor":11},{"not_picked":["theMarked:EmpowerWeapon","theMarked:ElectricStrings","theMarked:Frustration"],"picked":"Singing Bowl","floor":12},{"not_picked":["theMarked:ComboAttacks","theMarked:Opportunist","theMarked:WastefulAttack"],"picked":"Singing Bowl","floor":14},{"not_picked":["theMarked:MuscleMemory","theMarked:SoldierForm"],"picked":"theMarked:Vacuum","floor":16},{"not_picked":["theMarked:WastefulAttack+1","theMarked:Improvise","theMarked:EmpowerWeapon"],"picked":"Singing Bowl","floor":18},{"not_picked":["theMarked:SwordAndMagic","theMarked:RepellingDischarge","theMarked:Standoff+1"],"picked":"Singing Bowl","floor":20},{"not_picked":["theMarked:MaelstromOfLightning","theMarked:GodGivenPower","theMarked:Aftermath+1"],"picked":"Singing Bowl","floor":23}],"player_experience":1378990,"relics_obtained":[{"floor":7,"key":"Replay:Bandana"},{"floor":9,"key":"Singing Bowl"},{"floor":15,"key":"Bag of Preparation"},{"floor":23,"key":"aspiration:HiddenCompartment"}],"event_choices":[{"damage_healed":0,"gold_gain":0,"player_choice":"2","damage_taken":0,"max_hp_gain":0,"max_hp_loss":0,"event_name":"betterMatch:BetterMatch","floor":3,"gold_loss":0,"cards_obtained":["betterMatch:ColorlessRareCard"]},{"damage_healed":0,"gold_gain":0,"player_choice":"Upgraded","damage_taken":0,"max_hp_gain":0,"max_hp_loss":0,"event_name":"Upgrade Shrine","floor":22,"gold_loss":0,"cards_upgraded":["theMarked:HeritageOfTheMarked"]}],"is_beta":false,"boss_relics":[{"not_picked":["halation:PinkAlligatorPlush","Fusion Hammer"],"picked":"Replay:Bronze Core"}],"items_purged_floors":[13],"is_endless":false,"potions_floor_spawned":[1,10,12,16,20],"killed_by":"Sentry and Sphere","ascension_level":0}}