{"host":"0ydzwspkajt4brzd","time":1609757588,"event":{"mods":["AchievementEnabler","BaseMod","Colored Map","DeckTracker","Googly Eyes","Highlight Path","Minty Spire (QoL Compilation)","Quick Restart","Random Character Button","Rare Cards Sparkle"],"gold_per_floor":[111,125,50,63,82,112,129,163,212,212,212,212,246,246,246,323,323,337,348,348,359,378,378,396,413,460,490,507,102,17,30,30,108,108,118,118,133,133,147,57,57,85,130,5,25,39,39,57,57,57,57],"floor_reached":50,"playtime":3326,"items_purged":["Strike_R","Strike_R","Defend_R"],"score":855,"play_id":"747dddec-c72d-40f4-91bc-ec531f045a3e","local_time":"20210104025308","is_ascension_mode":true,"campfire_choices":[{"data":"Offering","floor":10.0,"key":"SMITH"},{"data":"Fire Breathing","floor":15.0,"key":"SMITH"},{"data":"Reaper","floor":23.0,"key":"SMITH"},{"floor":32.0,"key":"REST"},{"data":"Fire Breathing","floor":41.0,"key":"SMITH"},{"floor":47.0,"key":"REST"},{"data":"Heavy Blade","floor":49.0,"key":"SMITH"}],"circlet_count":0,"master_deck":["AscendersBane","Strike_R+1","Strike_R+1","Defend_R","Defend_R","Shrug It Off","Intimidate","Battle Trance","Twin Strike","Offering+1","Fire Breathing+1","Demon Form+1","Perfected Strike","Parasite","Reaper+1","Sword Boomerang","Headbutt","J.A.X.","Seeing Red","Shrug It Off","Armaments","Impervious","Shrug It Off","Feed","Fire Breathing+1","Fire Breathing+1","Disarm","Heavy Blade+1"],"relics":["Burning Blood","Paper Frog","Darkstone Periapt","MealTicket","Blue Candle","Boot","Sozu","Oddly Smooth Stone","Letter Opener","Pantograph","Pen Nib","Busted Crown","Toy Ornithopter","Whetstone"],"acts_visited":["Exordium","TheCity","TheBeyond"],"potions_floor_usage":[],"damage_taken":[{"damage":5.0,"enemies":"Cultist","floor":1.0,"turns":4.0},{"damage":1.0,"enemies":"2 Louse","floor":2.0,"turns":3.0},{"damage":10.0,"enemies":"Jaw Worm","floor":4.0,"turns":6.0},{"damage":4.0,"enemies":"Large Slime","floor":5.0,"turns":7.0},{"damage":32.0,"enemies":"Gremlin Nob","floor":6.0,"turns":4.0},{"damage":6.0,"enemies":"Exordium Wildlife","floor":7.0,"turns":3.0},{"damage":13.0,"enemies":"3 Sentries","floor":8.0,"turns":5.0},{"damage":20.0,"enemies":"Gremlin Nob","floor":13.0,"turns":3.0},{"damage":16.0,"enemies":"The Guardian","floor":16.0,"turns":7.0},{"damage":6.0,"enemies":"Chosen","floor":18.0,"turns":3.0},{"damage":12.0,"enemies":"3 Byrds","floor":19.0,"turns":3.0},{"damage":46.0,"enemies":"Snake Plant","floor":21.0,"turns":4.0},{"damage":36.0,"enemies":"3 Cultists","floor":22.0,"turns":4.0},{"damage":9.0,"enemies":"Centurion and Healer","floor":24.0,"turns":5.0},{"damage":26.0,"enemies":"Shelled Parasite and Fungi","floor":25.0,"turns":5.0},{"damage":38.0,"enemies":"Slavers","floor":27.0,"turns":6.0},{"damage":6.0,"enemies":"Snake Plant","floor":28.0,"turns":3.0},{"damage":19.0,"enemies":"Cultist and Chosen","floor":31.0,"turns":5.0},{"damage":72.0,"enemies":"Automaton","floor":33.0,"turns":10.0},{"damage":15.0,"enemies":"3 Shapes","floor":35.0,"turns":6.0},{"damage":20.0,"enemies":"Orb Walker","floor":37.0,"turns":4.0},{"damage":40.0,"enemies":"Maw","floor":39.0,"turns":7.0},{"damage":26.0,"enemies":"Nemesis","floor":42.0,"turns":6.0},{"damage":18.0,"enemies":"Sphere and 2 Shapes","floor":45.0,"turns":3.0},{"damage":44.0,"enemies":"Spire Growth","floor":46.0,"turns":5.0},{"damage":41.0,"enemies":"Jaw Worm Horde","floor":48.0,"turns":3.0},{"damage":117,"enemies":"Time Eater","floor":50,"turns":8}],"seed_played":"-1565323444653365661","potions_obtained":[{"floor":2.0,"key":"SmokeBomb"},{"floor":4.0,"key":"EssenceOfSteel"},{"floor":5.0,"key":"Fire Potion"},{"floor":6.0,"key":"Fire Potion"}],"is_trial":false,"path_per_floor":["M","M","$","M","M","E","M","E","T","R","?","?","E","?","R","B",null,"M","M","?","M","M","R","M","M","T","E","M","$","?","M","R","B",null,"M","?","M","?","M","?","R","E","T","$","M","M","R","M","R","B"],"character_chosen":"IRONCLAD","items_purchased":["Shrug It Off","Pantograph"],"campfire_rested":2,"item_purchase_floors":[29,29],"current_hp_per_floor":[73,78,78,74,76,50,50,43,43,43,36,36,22,48,48,38,74,86,86,86,46,34,34,56,36,36,18,18,33,33,28,53,29,72,63,63,49,49,39,39,39,19,19,34,39,17,44,75,75,0,0],"gold":57,"neow_bonus":"UPGRADE_CARD","is_daily":false,"chose_seed":false,"campfire_upgraded":5,"win_rate":0.0,"timestamp":1609757588,"path_taken":["M","?","$","M","M","E","M","E","T","R","?","?","E","?","R","BOSS","M","M","?","M","M","R","M","M","T","E","M","$","?","M","R","BOSS","M","?","M","?","?","?","R","E","T","$","M","?","R","M","R","BOSS"],"items_purchased_type":["Card","Relic"],"build_version":"2020-12-22","purchased_purges":3,"victory":false,"max_hp_per_floor":[80,80,80,80,80,80,80,80,80,80,80,80,80,86,86,86,86,86,86,86,86,86,86,86,86,86,86,86,86,86,86,86,86,86,86,86,86,86,89,89,89,89,89,89,92,92,92,92,92,92,92],"card_choices":[{"not_picked":["Heavy Blade","Iron Wave"],"picked":"Shrug It Off","floor":1.0},{"not_picked":["Heavy Blade","Ghostly Armor"],"picked":"Intimidate","floor":2.0},{"not_picked":["Body Slam","Searing Blow"],"picked":"Battle Trance","floor":4.0},{"not_picked":["Clothesline","Cleave"],"picked":"Twin Strike","floor":5.0},{"not_picked":["Shrug It Off","Anger"],"picked":"Offering","floor":6.0},{"not_picked":["Sword Boomerang","Warcry"],"picked":"Fire Breathing","floor":7.0},{"not_picked":["Warcry","Dropkick"],"picked":"Demon Form","floor":8.0},{"not_picked":["Berserk","Offering"],"picked":"Perfected Strike","floor":13.0},{"not_picked":["Corruption","Brutality"],"picked":"Reaper","floor":16.0},{"not_picked":["Ghostly Armor","Rage"],"picked":"Sword Boomerang","floor":18.0},{"not_picked":["Dropkick","Metallicize"],"picked":"Headbutt","floor":19.0},{"not_picked":["Burning Pact","Thunderclap"],"picked":"Seeing Red","floor":21.0},{"not_picked":["Power Through","Clothesline"],"picked":"Shrug It Off","floor":22.0},{"not_picked":["Havoc","Flex+1"],"picked":"Armaments","floor":24.0},{"not_picked":["Feel No Pain+1","Blood for Blood","Second Wind"],"picked":"SKIP","floor":25.0},{"not_picked":["Whirlwind","Flex+1"],"picked":"Impervious","floor":27.0},{"not_picked":["Intimidate","Sword Boomerang","Havoc"],"picked":"SKIP","floor":28.0},{"not_picked":["Dropkick","Pommel Strike","Iron Wave"],"picked":"SKIP","floor":31.0},{"not_picked":["Impervious","Immolate"],"picked":"Feed","floor":33.0},{"not_picked":["Havoc+1"],"picked":"SKIP","floor":35.0},{"not_picked":[],"picked":"Fire Breathing","floor":37.0},{"not_picked":["Havoc"],"picked":"SKIP","floor":39.0},{"not_picked":["Dark Embrace"],"picked":"SKIP","floor":42.0},{"not_picked":["Searing Blow"],"picked":"SKIP","floor":45.0},{"not_picked":[],"picked":"Disarm","floor":46.0},{"not_picked":[],"picked":"Heavy Blade","floor":48.0}],"player_experience":464201,"relics_obtained":[{"floor":6.0,"key":"Paper Frog"},{"floor":8.0,"key":"Darkstone Periapt"},{"floor":9.0,"key":"MealTicket"},{"floor":13.0,"key":"Boot"},{"floor":26.0,"key":"Oddly Smooth Stone"},{"floor":27.0,"key":"Letter Opener"},{"floor":42.0,"key":"Toy Ornithopter"},{"floor":43.0,"key":"Whetstone"}],"event_choices":[{"damage_healed":0.0,"max_hp_gain":0.0,"max_hp_loss":0.0,"gold_gain":0.0,"event_name":"Scrap Ooze","player_choice":"Success","floor":11.0,"gold_loss":0.0,"damage_taken":7.0,"relics_obtained":["Blue Candle"]},{"damage_healed":0.0,"max_hp_gain":0.0,"max_hp_loss":0.0,"gold_gain":0.0,"event_name":"Living Wall","player_choice":"Grow","floor":12.0,"gold_loss":0.0,"damage_taken":0.0,"cards_upgraded":["Demon Form"]},{"damage_healed":20.0,"max_hp_gain":0.0,"max_hp_loss":0.0,"gold_gain":0.0,"event_name":"Mushrooms","player_choice":"Healed and dodged fight","floor":14.0,"gold_loss":0.0,"damage_taken":0.0,"cards_obtained":["Parasite"]},{"damage_healed":0.0,"max_hp_gain":0.0,"max_hp_loss":0.0,"gold_gain":0.0,"event_name":"Drug Dealer","player_choice":"Obtain J.A.X.","floor":20.0,"gold_loss":0.0,"damage_taken":0.0,"cards_obtained":["J.A.X."]},{"damage_healed":0.0,"max_hp_gain":0.0,"max_hp_loss":0.0,"gold_gain":0.0,"event_name":"Addict","player_choice":"Obtained Relic","floor":30.0,"gold_loss":85.0,"damage_taken":0.0,"relics_obtained":["Pen Nib"]},{"cards_removed":["Bash"],"damage_healed":0.0,"max_hp_gain":0.0,"max_hp_loss":0.0,"gold_gain":0.0,"event_name":"Falling","player_choice":"Removed Attack","floor":36.0,"gold_loss":0.0,"damage_taken":0.0},{"damage_healed":0.0,"max_hp_gain":0.0,"max_hp_loss":0.0,"gold_gain":0.0,"cards_transformed":["Strike_R"],"event_name":"Transmorgrifier","player_choice":"Transformed","floor":38.0,"gold_loss":0.0,"damage_taken":0.0,"cards_obtained":["Fire Breathing"]},{"cards_removed":["Defend_R"],"damage_healed":0.0,"max_hp_gain":0.0,"max_hp_loss":0.0,"gold_gain":0.0,"event_name":"Designer","player_choice":"Upgrade and Remove","floor":40.0,"gold_loss":90.0,"damage_taken":0.0,"cards_upgraded":["Fire Breathing"]}],"is_beta":false,"boss_relics":[{"not_picked":["Tiny House","Mark of Pain"],"picked":"Sozu"},{"not_picked":["Runic Pyramid","Black Star"],"picked":"Busted Crown"}],"items_purged_floors":[3,29,44],"is_endless":false,"potions_floor_spawned":[2,4,5,6,21,24,25,31,33,35,39,42,48],"killed_by":"Time Eater","ascension_level":13}}