{"host":"ctlqibkg0sskiu65","time":1609731551,"event":{"mods":["2.2 Compatiblity","AchievementEnabler","Aspiration","BaseMod","BetterRewards","Colored Map","Colored Powertips","Conspire","Downfall","Fiend Mod","Infinite Spire","Minty Spire (QoL Compilation)","Quick Restart","Replay The Spire","Shop Mod","StSLib","The Bladedancer","The Cursed","The Hierophant","The Jungle","The Kombatant","The Poker Player","The Servant 0.9.4","TheBandit"],"gold_per_floor":[112,112,112,124,139,139,174,174,174,189,205,217,142,157,157,262,262,274,189,189,199,199,232,245,245,245,245,245,276,296,315,315,411,411,431,442,442,17,30,59,59,59,83,83,93,93,93,113,113,113,113],"floor_reached":50,"playtime":1938,"items_purged":["Strike_R","Strike_R"],"score":540,"play_id":"e2ef53e5-a200-4491-9db9-e5b79f17e5a2","local_time":"20210103213911","is_ascension_mode":true,"campfire_choices":[{"data":"Uppercut","floor":6,"key":"SMITH"},{"data":"Seeing Red","floor":8,"key":"SMITH"},{"floor":15,"key":"REST"},{"floor":25,"key":"REST"},{"floor":28,"key":"REST"},{"floor":32,"key":"REST"},{"data":"Searing Blow+1","floor":42,"key":"SMITH"},{"data":"Defy Death","floor":46,"key":"SMITH"},{"floor":49,"key":"REST"}],"circlet_count":0,"master_deck":["Strike_R","Strike_R","Strike_R","Defend_R","Defend_R","Defend_R","Defend_R","Bash","Replay:SS_hec_4+1","Clothesline+1","Seeing Red+1","Uppercut+1","Shockwave","Shrug It Off","Life Link","Intimidate","Cleave","Dropkick","Berserk","Disarm","Anger","Searing Blow+2","ReplayTheSpireMod:Muscle Training","Defy Death+1","Impervious","Flex+1","Rampage","Twin Strike+1","Pot Of Greed","Pot Of Greed","Pot Of Greed","Cleave+1","Spot Weakness+1"],"relics":["Burning Blood","Counterbalance","conspire:Flyswatter","Ornamental Fan","Strawberry","aspiration:AnachronicSnailShell","Red Skull","Sundial","MutagenicStrength","aspiration:StickyExplosives_weak","ChewingGum","Iron Hammer","conspire:BottledYoYo","Grinning Jar"],"acts_visited":["Exordium","TheCity","TheBeyond"],"potions_floor_usage":[12,14,16,16,29,30,33,35,40],"damage_taken":[{"damage":9,"enemies":"Small Slimes","floor":1,"turns":4},{"damage":8,"enemies":"infinitespire:Voidling","floor":4,"turns":4},{"damage":1,"enemies":"Jaw Worm","floor":5,"turns":4},{"damage":21,"enemies":"Lagavulin","floor":7,"turns":6},{"damage":10,"enemies":"3 Louse","floor":10,"turns":4},{"damage":11,"enemies":"Blue Slaver","floor":11,"turns":3},{"damage":12,"enemies":"2 Fungi Beasts","floor":12,"turns":3},{"damage":14,"enemies":"Exordium Thugs","floor":14,"turns":5},{"damage":36,"enemies":"Hexaghost","floor":16,"turns":9},{"damage":28,"enemies":"3 Byrds","floor":18,"turns":5},{"damage":23,"enemies":"Shell Parasite","floor":21,"turns":6},{"damage":37,"enemies":"Gremlin Leader","floor":23,"turns":7},{"damage":6,"enemies":"conspire:HollyBat","floor":24,"turns":8},{"damage":20,"enemies":"Nightmare","floor":29,"turns":8},{"damage":6,"enemies":"Snake Plant","floor":30,"turns":4},{"damage":14,"enemies":"Centurion and Healer","floor":31,"turns":3},{"damage":18,"enemies":"conspire:MysteriousRune","floor":33,"turns":7},{"damage":12,"enemies":"3 Darklings","floor":35,"turns":7},{"damage":9,"enemies":"Orb Walker","floor":36,"turns":4},{"damage":6,"enemies":"Jaw Worm Horde","floor":39,"turns":4},{"damage":45,"enemies":"Nemesis","floor":40,"turns":9},{"damage":3,"enemies":"4 Shapes","floor":45,"turns":4},{"damage":17,"enemies":"3 Darklings","floor":48,"turns":4},{"damage":62,"enemies":"Replay:Hell Engine","floor":50,"turns":10}],"seed_played":"4640109458587930863","potions_obtained":[{"floor":4,"key":"Regen Potion"},{"floor":7,"key":"hexamod:EctoCoolerPotion"},{"floor":10,"key":"Ancient Potion"},{"floor":11,"key":"Swift Potion"},{"floor":14,"key":"Fire Potion"},{"floor":24,"key":"Reflective Coating"},{"floor":29,"key":"ColorlessPotion"},{"floor":30,"key":"Swift Potion"},{"floor":33,"key":"Slimebound:ThreeZeroPotion"},{"floor":35,"key":"Fire Potion"},{"floor":40,"key":"champ:CounterPotion"}],"is_trial":false,"path_per_floor":["M","?","?","M","M","R","E","R","T","M","M","M","$","M","R","B",null,"M","?","?","M","?","E","M","R","T","?","R","NM","M","M","R","B",null,"M","M","?","$","M","E","$","R","T","?","M","R","?","M","R","B"],"character_chosen":"IRONCLAD","items_purchased":["Counterbalance","Replay:SS_hec_4","Clothesline+1","Iron Hammer","Rampage"],"campfire_rested":5,"item_purchase_floors":[0,0,0,38,38],"current_hp_per_floor":[77,65,65,67,72,72,57,57,64,60,55,61,61,53,79,49,87,65,65,65,48,48,17,17,43,43,43,69,55,55,47,73,61,87,81,78,83,83,83,44,44,44,44,44,47,47,47,36,62,0,0],"gold":113,"neow_bonus":"","is_daily":false,"chose_seed":false,"campfire_upgraded":4,"win_rate":0.0,"timestamp":1609731551,"path_taken":["M","?","?","?","M","R","E","R","T","M","M","M","$","M","R","BOSS","M","?","?","M","?","E","M","R","T","?","R","NM","M","M","R","BOSS","M","M","?","$","M","E","?","R","T","?","M","R","?","M","R","BOSS"],"items_purchased_type":["Relic","Card","Card","Relic","Card"],"build_version":"2020-12-22","purchased_purges":2,"victory":false,"max_hp_per_floor":[80,80,80,80,80,80,80,80,87,87,87,87,87,87,87,87,87,87,87,87,87,87,87,87,87,87,87,87,87,87,87,87,87,87,87,87,87,87,87,87,87,87,87,87,87,87,87,87,87,87,87],"card_choices":[{"not_picked":["Sword Boomerang","Rage"],"picked":"Seeing Red","floor":1},{"not_picked":["Defy Death","Clothesline"],"picked":"Uppercut","floor":4},{"not_picked":["Heavy Blade","Entrench"],"picked":"Shockwave","floor":5},{"not_picked":["Sentinel","Pommel Strike"],"picked":"Shrug It Off","floor":7},{"not_picked":["Thunderclap","Power Through"],"picked":"Life Link","floor":10},{"not_picked":["Dropkick","Blood for Blood"],"picked":"Intimidate","floor":11},{"not_picked":["Defy Death","Dark Embrace"],"picked":"Cleave","floor":12},{"not_picked":["Defy Death","Clothesline"],"picked":"Dropkick","floor":14},{"not_picked":["Juggernaut","Demon Form"],"picked":"Berserk","floor":16},{"not_picked":["ReplayReversal+1","Havoc+1"],"picked":"Disarm","floor":18},{"not_picked":["Replay:Undeath\u0027s Touch+1","Ghostly Armor+1"],"picked":"Anger","floor":21},{"not_picked":["Spot Weakness+1","Shockwave"],"picked":"Searing Blow+1","floor":23},{"not_picked":["Pommel Strike+1","Cleave"],"picked":"ReplayTheSpireMod:Muscle Training","floor":24},{"not_picked":["Havoc+1","Headbutt","Blood for Blood"],"picked":"SKIP","floor":29},{"not_picked":["ReplayTheSpireMod:LeadingStrike","Heavy Blade"],"picked":"Replay:Undeath\u0027s Touch","floor":30},{"not_picked":["Havoc","ReplayReversal+1"],"picked":"Defy Death","floor":31},{"not_picked":["Barricade","Brutality"],"picked":"Impervious","floor":33},{"not_picked":["ReplayTheSpireMod:Strike From Hell","Sword Boomerang"],"picked":"Flex+1","floor":35},{"not_picked":["Replay:Undeath\u0027s Touch","ReplayTheSpireMod:Strike From Hell+1","Evolve"],"picked":"SKIP","floor":36},{"not_picked":["Headbutt+1","Iron Wave+1"],"picked":"Twin Strike+1","floor":39},{"not_picked":["Armaments+1","Combust","Replay:Undeath\u0027s Touch"],"picked":"SKIP","floor":40},{"not_picked":["Dual Wield","Body Slam+1"],"picked":"Cleave+1","floor":45},{"not_picked":["Heavy Blade","Sword Boomerang+1"],"picked":"Spot Weakness+1","floor":48}],"player_experience":190832,"relics_obtained":[{"floor":7,"key":"Ornamental Fan"},{"floor":9,"key":"Strawberry"},{"floor":23,"key":"Red Skull"},{"floor":26,"key":"Sundial"},{"floor":29,"key":"aspiration:StickyExplosives_weak"},{"floor":40,"key":"conspire:BottledYoYo"},{"floor":43,"key":"Grinning Jar"}],"event_choices":[{"damage_healed":0,"gold_gain":0,"player_choice":"Success","damage_taken":12,"relics_obtained":["conspire:Flyswatter"],"max_hp_gain":0,"max_hp_loss":0,"event_name":"Scrap Ooze","floor":2,"gold_loss":0},{"damage_healed":0,"gold_gain":0,"player_choice":"Upgraded","damage_taken":0,"max_hp_gain":0,"max_hp_loss":0,"event_name":"Upgrade Shrine","floor":3,"gold_loss":0,"cards_upgraded":["Replay:SS_hec_4"]},{"damage_healed":0,"gold_gain":0,"player_choice":"Obtained Relic","damage_taken":0,"relics_obtained":["aspiration:AnachronicSnailShell"],"max_hp_gain":0,"max_hp_loss":0,"event_name":"Addict","floor":19,"gold_loss":85},{"damage_healed":0,"gold_gain":0,"player_choice":"Ignored","damage_taken":0,"max_hp_gain":0,"max_hp_loss":0,"event_name":"Vampires","floor":20,"gold_loss":0},{"damage_healed":0,"gold_gain":0,"player_choice":"Inject Mutagens","damage_taken":0,"relics_obtained":["MutagenicStrength"],"max_hp_gain":0,"max_hp_loss":0,"event_name":"Drug Dealer","floor":27,"gold_loss":0},{"cards_removed":["Replay:Undeath\u0027s Touch"],"damage_healed":5,"gold_gain":0,"player_choice":"Offered Common","damage_taken":0,"max_hp_gain":0,"max_hp_loss":0,"event_name":"Bonfire Elementals","floor":37,"gold_loss":0},{"cards_removed":["Replay:Undeath\u0027s Touch"],"damage_healed":5,"gold_gain":0,"player_choice":"Offered Special","damage_taken":0,"max_hp_gain":0,"max_hp_loss":0,"event_name":"Bonfire Elementals","floor":37,"gold_loss":0},{"damage_healed":0,"gold_gain":0,"player_choice":"Memory 1","damage_taken":0,"max_hp_gain":0,"max_hp_loss":0,"event_name":"SensoryStone","floor":44,"gold_loss":0},{"damage_healed":0,"gold_gain":0,"player_choice":"Leave","damage_taken":0,"max_hp_gain":0,"max_hp_loss":0,"event_name":"conspire:Investor","floor":47,"gold_loss":0}],"is_beta":false,"boss_relics":[{"not_picked":["conspire:SeveredTorchhead","Abe\u0027s Treasure","Fusion Hammer"]},{"not_picked":["Coffee Dripper","Velvet Choker"],"picked":"ChewingGum"}],"items_purged_floors":[13,38],"is_endless":true,"potions_floor_spawned":[4,7,10,11,14,24,29,30,33,35,40],"killed_by":"Replay:Hell Engine","ascension_level":1}}