{"host":"jpzdg3po3tjxdjri","time":1609718706,"event":{"mods":["BaseMod","Better Third Choice","Colored Map","Colored Powertips","Minty Spire (QoL Compilation)","StSLib"],"gold_per_floor":[119,119,139,150,166,166,166,186,268,286,299,299,328,34,34,110,160,173,188,25,43,55,55,65,65,65],"floor_reached":25,"playtime":713,"items_purged":[],"score":440,"play_id":"9f5719bb-e7dd-4a5a-89dd-bc7fb864ec61","local_time":"20210104000506","is_ascension_mode":true,"campfire_choices":[{"data":"Perfected Strike","floor":6,"key":"SMITH"},{"floor":15,"key":"REST"},{"floor":23,"key":"REST"}],"circlet_count":0,"master_deck":["AscendersBane","Strike_R","Strike_R","Strike_R+1","Strike_R+1","Defend_R","Defend_R","Defend_R","Defend_R","Bash","Twin Strike","Headbutt","Perfected Strike+1","Pummel","Whirlwind","Perfected Strike","Wild Strike+1","Fire Breathing","Demon Form","Thunderclap","Pommel Strike","Perfected Strike","Limit Break","Burning Pact","Clothesline"],"relics":["Burning Blood","FossilizedHelix","Letter Opener","Champion Belt","Whetstone","Vajra","Oddly Smooth Stone","Tiny House"],"acts_visited":["Exordium","TheCity"],"potions_floor_usage":[13,18,24,24],"damage_taken":[{"damage":9,"enemies":"Jaw Worm","floor":1,"turns":4},{"damage":0,"enemies":"Cultist","floor":3,"turns":3},{"damage":0,"enemies":"2 Louse","floor":4,"turns":3},{"damage":17,"enemies":"Exordium Thugs","floor":5,"turns":6},{"damage":0,"enemies":"Looter","floor":8,"turns":2},{"damage":4,"enemies":"2 Fungi Beasts","floor":10,"turns":3},{"damage":11,"enemies":"Exordium Thugs","floor":11,"turns":3},{"damage":20,"enemies":"Lagavulin","floor":13,"turns":5},{"damage":0,"enemies":"Slime Boss","floor":16,"turns":8},{"damage":0,"enemies":"Spheric Guardian","floor":18,"turns":3},{"damage":6,"enemies":"Chosen","floor":19,"turns":3},{"damage":9,"enemies":"Snecko","floor":21,"turns":5},{"damage":36,"enemies":"Cultist and Chosen","floor":22,"turns":6},{"damage":32,"enemies":"Centurion and Healer","floor":24,"turns":6},{"damage":50,"enemies":"Book of Stabbing","floor":25,"turns":4}],"seed_played":"4651754224044956359","potions_obtained":[{"floor":4,"key":"LiquidBronze"},{"floor":8,"key":"PowerPotion"},{"floor":16,"key":"GamblersBrew"},{"floor":17,"key":"FearPotion"},{"floor":21,"key":"Regen Potion"}],"is_trial":false,"path_per_floor":["M","?","M","M","M","R","?","M","T","M","M","?","E","$","R","B",null,"M","M","$","M","M","R","M","E"],"character_chosen":"IRONCLAD","items_purchased":["Vajra","Oddly Smooth Stone","Limit Break"],"campfire_rested":2,"item_purchase_floors":[14,14,20],"current_hp_per_floor":[47,47,53,59,48,48,48,54,54,56,51,51,37,37,59,65,78,80,80,80,77,47,71,50,0,0],"gold":65,"neow_bonus":"ONE_RARE_RELIC","is_daily":false,"chose_seed":false,"campfire_upgraded":1,"win_rate":0.0,"timestamp":1609718706,"path_taken":["M","?","M","?","M","R","?","M","T","M","?","?","E","$","R","BOSS","M","M","$","M","M","R","M","E"],"items_purchased_type":["Relic","Relic","Card"],"build_version":"2020-12-22","purchased_purges":0,"victory":false,"max_hp_per_floor":[75,75,75,75,75,75,75,75,75,75,75,75,75,75,75,75,80,80,80,80,80,80,80,80,80,80],"card_choices":[{"not_picked":["Warcry","Ghostly Armor"],"picked":"Twin Strike","floor":1},{"not_picked":["Metallicize","Seeing Red"],"picked":"Headbutt","floor":3},{"not_picked":["Thunderclap","Reckless Charge"],"picked":"Perfected Strike","floor":4},{"not_picked":["Sentinel","Heavy Blade"],"picked":"Pummel","floor":5},{"not_picked":["Headbutt","Shockwave"],"picked":"Whirlwind","floor":8},{"not_picked":["Whirlwind","Havoc"],"picked":"Perfected Strike","floor":10},{"not_picked":["Whirlwind","True Grit"],"picked":"Wild Strike","floor":11},{"not_picked":["Rupture","Dark Embrace"],"picked":"Fire Breathing","floor":13},{"not_picked":["Impervious","Double Tap"],"picked":"Demon Form","floor":16},{"not_picked":["Iron Wave","Havoc"],"picked":"Thunderclap","floor":17},{"not_picked":["Anger","Sword Boomerang"],"picked":"Pommel Strike","floor":18},{"not_picked":["Cleave+1","Battle Trance"],"picked":"Perfected Strike","floor":19},{"not_picked":["Carnage","Power Through+1","Uppercut"],"picked":"SKIP","floor":21},{"not_picked":["Clash","Heavy Blade"],"picked":"Burning Pact","floor":22},{"not_picked":["Searing Blow","Demon Form"],"picked":"Clothesline","floor":24}],"player_experience":823179,"relics_obtained":[{"floor":9,"key":"Letter Opener"},{"floor":13,"key":"Whetstone"}],"event_choices":[{"cards_removed":["Strike_R"],"damage_healed":0,"gold_gain":0,"player_choice":"Offered Basic","damage_taken":0,"max_hp_gain":0,"max_hp_loss":0,"event_name":"Bonfire Elementals","floor":2,"gold_loss":0},{"damage_healed":0,"gold_gain":0,"player_choice":"Bought 0 Potions","damage_taken":0,"max_hp_gain":0,"max_hp_loss":0,"event_name":"The Woman in Blue","floor":7,"gold_loss":0},{"damage_healed":0,"gold_gain":0,"player_choice":"Gave Potion","damage_taken":0,"relics_obtained":["Champion Belt"],"max_hp_gain":0,"max_hp_loss":0,"event_name":"WeMeetAgain","floor":12,"gold_loss":0}],"is_beta":false,"boss_relics":[{"not_picked":["Fusion Hammer","Coffee Dripper"],"picked":"Tiny House"}],"items_purged_floors":[],"is_endless":false,"potions_floor_spawned":[4,8,10,16,21,22],"killed_by":"Book of Stabbing","ascension_level":14}}