{"host":"tsmyusoyd9msvbjb","time":1609743191,"event":{"mods":["2.2 Compatiblity","Astrologer","BaseMod","BetterRewards","CapriCore","DeckTracker","Downfall","Friendly Minions","Hermit","Infinite Spire","Koishi","Lobotomy","LobotomyExtend","Minty Spire (QoL Compilation)","Replay The Spire","Shade Mod","StSLib","The Administrix","The Alterego","The Animator","The Bug Knight","The Cursed","The Fake Hero","The Immortal","The Mystic","The Poker Player","The Servant 0.9.4","The Wild Card","Trackpad","Waifu the Spire","Yohane!"],"gold_per_floor":[109,73,93,45,60,86,186,186,209,209,223,238,297,316,316,412,412,429,42,42,62,79,112,112,132,132,143,143,143,157,157,157,157],"floor_reached":31,"playtime":2773,"items_purged":[],"score":259,"play_id":"3910a8b8-c350-452d-9d29-bee21384d98e","local_time":"20210104005311","is_ascension_mode":false,"campfire_choices":[{"floor":8,"key":"REST"},{"data":"MokouMod:InfernalWave","floor":10,"key":"SMITH"},{"data":"MokouMod:RisingSunBarrier","floor":15,"key":"SMITH"},{"floor":24,"key":"REST"},{"data":"MokouMod:InfernalWave","floor":28,"key":"SMITH"}],"circlet_count":0,"master_deck":["MokouMod:HeatSpark","MokouMod:Rekindle","MokouMod:InfernalWave+1","MokouMod:SearingShot+1","MokouMod:BurningDraft","MokouMod:ScorchingColumn","MokouMod:FlareStarter","MokouMod:Firecracker","MokouMod:RisingSunBarrier+1","MokouMod:TemporalFireSeal","MokouMod:FlareStarter","MokouMod:GuidingSmoke","MokouMod:Ventilation+1","MokouMod:TemporalFireSeal","MokouMod:PhoenixFeathers","MokouMod:PhoenixFeathers","MokouMod:BlazingComet","MokouMod:InfernalWave+1","MokouMod:UncontrollableSolarReaction","MokouMod:Ventilation+1","MokouMod:HeartofFire","MokouMod:FujiyamaVolcano","MokouMod:RisingSunBarrier+1","MokouMod:FujiyamaVolcano+1","MokouMod:EternalBurstReactor+1","MokouMod:TemporalFireSeal+1","TheCursedMod:Dregs","MokouMod:Scorch+1"],"relics":["MokouMod:PhoenixFeather","PreservedInsect","Bag of Preparation","Replay:Rubber Ducky","Pandora\u0027s Box","Guide Book","Molten Egg 2","LetterFromLob","Blue Candle","Replay:Bottled Flurry","trackpad:WindUpAutoDealer"],"acts_visited":["Exordium","TheCity"],"potions_floor_usage":[18,23],"damage_taken":[{"damage":1,"enemies":"Cultist","floor":1,"turns":4},{"damage":0,"enemies":"2 Louse","floor":3,"turns":3},{"damage":16,"enemies":"infinitespire:Voidling","floor":5,"turns":3},{"damage":53,"enemies":"Lagavulin","floor":6,"turns":9},{"damage":0,"enemies":"2 Fungi Beasts","floor":11,"turns":3},{"damage":0,"enemies":"Large Slime","floor":12,"turns":5},{"damage":4,"enemies":"Gremlin Nob","floor":13,"turns":5},{"damage":0,"enemies":"2 Fungi Beasts","floor":14,"turns":3},{"damage":3,"enemies":"Hexaghost","floor":16,"turns":12},{"damage":38,"enemies":"Spheric Guardian","floor":18,"turns":7},{"damage":0,"enemies":"Chosen","floor":21,"turns":6},{"damage":12,"enemies":"3 Cultists","floor":22,"turns":5},{"damage":18,"enemies":"Slavers","floor":23,"turns":6},{"damage":0,"enemies":"Sentry and Sphere","floor":25,"turns":9},{"damage":2,"enemies":"Snecko","floor":27,"turns":7},{"damage":4,"enemies":"Cultist and Chosen","floor":30,"turns":9}],"seed_played":"-3602276360823201974","potions_obtained":[{"floor":1,"key":"sneckomod:MuddlingPotion"},{"floor":6,"key":"Death Potion"},{"floor":11,"key":"FearPotion"},{"floor":14,"key":"PowerPotion"},{"floor":18,"key":"SteroidPotion"},{"floor":25,"key":"champ:CounterPotion"}],"is_trial":false,"path_per_floor":["M","$","M","$","M","E","?","R","T","R","M","M","?","M","R","B",null,"M","$","?","M","M","E","R","M","T","M","R","?","M","M"],"character_chosen":"MKU","items_purchased":["MokouMod:SearingShot+1","MokouMod:ScorchingColumn","Guide Book","Molten Egg 2"],"campfire_rested":2,"item_purchase_floors":[2,4,19,19],"current_hp_per_floor":[74,74,74,74,58,5,5,27,27,27,27,27,23,23,23,20,75,37,37,37,37,25,7,29,29,29,27,27,27,23,0,0,0],"gold":157,"neow_bonus":"TRANSFORM_CARD","is_daily":false,"chose_seed":false,"campfire_upgraded":3,"win_rate":0.0,"timestamp":1609743191,"path_taken":["M","?","M","$","?","E","?","R","T","R","?","M","?","M","R","BOSS","M","$","?","M","M","E","R","M","T","?","R","?","M","M"],"items_purchased_type":["Card","Card","Relic","Relic"],"build_version":"2020-12-22","purchased_purges":0,"victory":false,"max_hp_per_floor":[75,75,75,75,75,75,75,75,75,75,75,75,75,75,75,75,75,75,75,75,75,75,75,75,75,75,75,75,75,75,1,1,1],"card_choices":[{"not_picked":["MokouMod:IcarusDive","MokouMod:RisingSunBarrier"],"picked":"MokouMod:InfernalWave","floor":1},{"not_picked":["MokouMod:Stoke","MokouMod:Overheat"],"picked":"MokouMod:BurningDraft","floor":3},{"not_picked":["MokouMod:ThermalPressure","MokouMod:FusionFlare"],"picked":"MokouMod:FlareStarter","floor":5},{"not_picked":["MokouMod:IgnitionBarrier","MokouMod:BurningDraft"],"picked":"MokouMod:Firecracker","floor":6},{"not_picked":["MokouMod:ShiftIgnition","MokouMod:FujiyamaVolcano"],"picked":"MokouMod:RisingSunBarrier","floor":11},{"not_picked":["MokouMod:Stoke","MokouMod:UncontrollableSolarReaction"],"picked":"MokouMod:TemporalFireSeal","floor":12},{"not_picked":["MokouMod:EternalBurstReactor","MokouMod:Firecracker"],"picked":"MokouMod:FlareStarter","floor":13},{"not_picked":["MokouMod:Ember","MokouMod:EternalBurstReactor"],"picked":"MokouMod:GuidingSmoke","floor":14},{"not_picked":["MokouMod:BurningHiddenBullet","MokouMod:Rekindle"],"picked":"MokouMod:Ventilation","floor":16},{"not_picked":["MokouMod:FlareStarter","MokouMod:ControlledCombustion"],"picked":"MokouMod:FujiyamaVolcano","floor":18},{"not_picked":["MokouMod:Stoke","MokouMod:BurningDraft"],"picked":"MokouMod:FujiyamaVolcano+1","floor":21},{"not_picked":["MokouMod:HeatTransfer","MokouMod:ScorchingColumn+1","MokouMod:FlareStarter"],"picked":"SKIP","floor":22},{"not_picked":["MokouMod:Sear","MokouMod:Overheat"],"picked":"MokouMod:EternalBurstReactor+1","floor":23},{"not_picked":["MokouMod:FujiyamaVolcano+1","MokouMod:SearingBlow+1"],"picked":"MokouMod:TemporalFireSeal+1","floor":25},{"not_picked":["MokouMod:FlareStarter","MokouMod:RetainTemperature","MokouMod:SearingShot+1"],"picked":"SKIP","floor":27},{"not_picked":["MokouMod:Cataclysm+1","MokouMod:ThermalPressure"],"picked":"MokouMod:Scorch+1","floor":30}],"player_experience":420042,"relics_obtained":[{"floor":6,"key":"PreservedInsect"},{"floor":9,"key":"Bag of Preparation"},{"floor":13,"key":"Replay:Rubber Ducky"},{"floor":22,"key":"LetterFromLob"},{"floor":23,"key":"Blue Candle"},{"floor":26,"key":"Replay:Bottled Flurry"}],"event_choices":[{"damage_healed":0,"gold_gain":100,"player_choice":"Pray","damage_taken":0,"max_hp_gain":0,"max_hp_loss":0,"event_name":"Golden Shrine","floor":7,"gold_loss":0},{"damage_healed":0,"gold_gain":0,"player_choice":"Searched \u00271\u0027 times","damage_taken":0,"max_hp_gain":0,"max_hp_loss":0,"event_name":"Dead Adventurer","floor":13,"gold_loss":0},{"damage_healed":0,"gold_gain":0,"player_choice":"Copied","damage_taken":0,"max_hp_gain":0,"max_hp_loss":0,"event_name":"Duplicator","floor":20,"gold_loss":0,"cards_obtained":["MokouMod:RisingSunBarrier"]}],"is_beta":false,"boss_relics":[{"not_picked":["Replay:Bronze Core","trackpad:StolenKidneys"],"picked":"Pandora\u0027s Box"}],"items_purged_floors":[],"is_endless":false,"potions_floor_spawned":[1,6,11,14,18,21,25],"ascension_level":0}}