{"host":"uceopoba4zvqsgiy","time":1609760737,"event":{"mods":["Act Like it!","BaseMod","Better Skull","Better Third Choice","Elementarium","Evolution","GifTheSpireLib","Hermit","Humility","Infinite Spire","Jorbs\u0027s Wanderer Trilogy","Marked Mod","Minty Spire (QoL Compilation)","Potionbrewer","Replay The Spire","Robot Space Explorer","Shade Mod","Spicy Shops","StSLib","Stuff the Spire","The Blue Laboratory","The Caster","The Cursed","The Dragon Tamer","The Hierophant","The Judge","The Jungle","Wandering Minibosses"],"gold_per_floor":[113,132,142,64,64,97,97,97,97,107,138,154,154,170,170,270,270,282,344,356,49,65,65,80,80,80],"floor_reached":25,"playtime":2361,"items_purged":[],"score":240,"play_id":"585926c9-3937-4cd9-b04f-507548a98701","local_time":"20210104221537","is_ascension_mode":false,"campfire_choices":[{"data":"caster:SpontaneousCombustion","floor":15,"key":"SMITH"},{"floor":23,"key":"REST"}],"circlet_count":0,"master_deck":["caster:Meteor","caster:DivertFocus","caster:MagicResonance","caster:strike","caster:strike","caster:strike","caster:defend","caster:defend","caster:defend","caster:defend","caster:defend","caster:IcicleLance","caster:Embers","caster:Fissure","caster:Incantation+1","caster:Incantation","caster:FlashFrost","caster:SpontaneousCombustion+1","caster:LightningBolt","caster:FlashFrost","Amnesia","caster:PyroclasticTide","caster:ManaOverflow","CommonCold","hermit:Covet","caster:Inferno","Good Instincts","infinitespire:Starlight","caster:NaturalChaos","caster:SunGoddessAmaterasu","caster:Illusion","caster:WallOfThorns"],"relics":["caster:MagicBook","EVO:Axolotl","Replay:Accelerometer","Vajra","Oddly Smooth Stone","Bag of Preparation","ReplayTheSpireMod:SealedPack","potionbrewer:WarMedal","Calipers"],"acts_visited":["Exordium","TheCity"],"potions_floor_usage":[11,14,16,16,18,20,22,22],"damage_taken":[{"damage":9,"enemies":"Cultist","floor":1,"turns":5},{"damage":0,"enemies":"Small Slimes","floor":2,"turns":4},{"damage":0,"enemies":"Jaw Worm","floor":3,"turns":3},{"damage":9,"enemies":"Replay:BlueRogue","floor":6,"turns":7},{"damage":12,"enemies":"Large Slime","floor":10,"turns":6},{"damage":36,"enemies":"Lagavulin","floor":11,"turns":5},{"damage":0,"enemies":"Red Slaver","floor":12,"turns":4},{"damage":3,"enemies":"3 Louse","floor":14,"turns":4},{"damage":33,"enemies":"Fading Forest","floor":16,"turns":11},{"damage":21,"enemies":"3 Byrds","floor":18,"turns":4},{"damage":40,"enemies":"Shell Parasite","floor":20,"turns":5},{"damage":5,"enemies":"Cultist and Chosen","floor":22,"turns":5},{"damage":0,"enemies":"Snake Plant","floor":24,"turns":3},{"damage":50,"enemies":"Centurion and Healer","floor":25,"turns":7}],"seed_played":"-1007980712593152027","potions_obtained":[{"floor":1,"key":"blueLaboratory:BubblePotion"},{"floor":2,"key":"AttackPotion"},{"floor":11,"key":"DuplicationPotion"},{"floor":12,"key":"potionbrewer:ToxicPotion"},{"floor":14,"key":"ColorlessPotion"},{"floor":16,"key":"blueLaboratory:FruitPunch"},{"floor":19,"key":"SneckoOil"},{"floor":20,"key":"blueLaboratory:BottleOfVodka"}],"is_trial":false,"path_per_floor":["M","M","M","$","?","E","?","?","T","M","E","M","?","M","R","B",null,"M","?","M","$","M","R","M","M"],"character_chosen":"THE_CASTER","items_purchased":["caster:Incantation","Calipers"],"campfire_rested":1,"item_purchase_floors":[4,21],"current_hp_per_floor":[61,61,61,61,61,52,52,52,52,40,4,4,70,67,67,34,70,51,51,11,11,16,37,37,0,0],"gold":80,"neow_bonus":"TEN_PERCENT_HP_BONUS","is_daily":false,"chose_seed":false,"campfire_upgraded":1,"win_rate":0.0,"timestamp":1609760737,"path_taken":["M","M","M","$","?","E","?","?","T","M","E","M","?","M","R","BOSS","M","?","?","?","?","R","M","M"],"items_purchased_type":["Card","Relic"],"build_version":"2020-12-22","purchased_purges":0,"victory":false,"max_hp_per_floor":[70,70,70,70,70,70,70,70,70,70,70,70,70,70,70,70,70,72,72,72,72,72,72,72,72,72],"card_choices":[{"not_picked":["caster:JupitelThunder","caster:QuickCast"],"picked":"caster:IcicleLance","floor":1},{"not_picked":["caster:MagicResonance","caster:Charge"],"picked":"caster:Embers","floor":2},{"not_picked":["caster:Discharge","caster:Surge"],"picked":"caster:Fissure","floor":3},{"not_picked":["caster:Sandstorm","caster:FlashSpeed"],"picked":"caster:FlashFrost","floor":6},{"not_picked":["caster:WallOfThorns","caster:Discharge"],"picked":"caster:SpontaneousCombustion","floor":10},{"not_picked":["caster:Charge","caster:FrigidBeam"],"picked":"caster:LightningBolt","floor":11},{"not_picked":["caster:JupitelThunder","caster:Sleet"],"picked":"caster:FlashFrost","floor":12},{"not_picked":["caster:Discharge","caster:SpontaneousCombustion"],"picked":"caster:PyroclasticTide","floor":14},{"not_picked":["caster:StormGust","caster:IzanagisObdurance"],"picked":"caster:ManaOverflow","floor":16},{"not_picked":["potionbrewer:Collect","WordoMod:IllWill"],"picked":"hermit:Covet","floor":17},{"not_picked":["caster:EchoingVoice","caster:GateOfBabylon"],"picked":"caster:Inferno","floor":17},{"not_picked":["Deep Breath","Survey Options"],"picked":"Good Instincts","floor":17},{"not_picked":["infinitespire:Execution","ReplayTheSpireMod:Black Plague"],"picked":"infinitespire:Starlight","floor":17},{"not_picked":["caster:Illusion","caster:Enfeeble"],"picked":"caster:NaturalChaos","floor":18},{"not_picked":["caster:ShivasGrace","caster:Eruption+1"],"picked":"caster:SunGoddessAmaterasu","floor":19},{"not_picked":["caster:FrigidBeam","caster:MagicResonance+1"],"picked":"caster:Illusion","floor":20},{"not_picked":["caster:SpontaneousCombustion+1","caster:LAZER"],"picked":"caster:WallOfThorns","floor":22},{"not_picked":["caster:MagicWeapon","caster:DiablosFlame+1","caster:Sleet"],"picked":"SKIP","floor":24}],"player_experience":1580668,"relics_obtained":[{"floor":6,"key":"Replay:Accelerometer"},{"floor":9,"key":"Oddly Smooth Stone"},{"floor":11,"key":"Bag of Preparation"},{"floor":19,"key":"potionbrewer:WarMedal"}],"event_choices":[{"damage_healed":0,"gold_gain":0,"player_choice":"Ignored","damage_taken":0,"max_hp_gain":0,"max_hp_loss":0,"event_name":"Golden Wing","floor":5,"gold_loss":0},{"damage_healed":0,"gold_gain":0,"player_choice":"Grow","damage_taken":0,"max_hp_gain":0,"max_hp_loss":0,"event_name":"Living Wall","floor":7,"gold_loss":0,"cards_upgraded":["caster:Incantation"]}],"is_beta":false,"boss_relics":[{"not_picked":["Ring of Chaos","Sozu"],"picked":"ReplayTheSpireMod:SealedPack"}],"items_purged_floors":[],"is_endless":false,"potions_floor_spawned":[1,2,11,12,14,16,20],"killed_by":"Centurion and Healer","ascension_level":0}}