{"host":"zftkeu5v9gqs3wr3","time":1609801868,"event":{"mods":["AchievementEnabler","Act Like it!","Bard","BaseMod","CapriCore","Curses Come First","Elementarium","Gensokyo","Hermit","Hero for Fun","Jorbs\u0027s Wanderer Trilogy","Mad Scientist","Minty Spire (QoL Compilation)","Potionbrewer","Rare Cards Sparkle","Shade Mod","StSLib","The Cursed","The Immortal","The Runesmith","TheSwordswoman"],"gold_per_floor":[109,184,184,28,40,66,66,66,66,66,79,79,96,108,108,108,108],"floor_reached":16,"playtime":1019,"items_purged":[],"score":100,"play_id":"9ee44c2c-25c8-4bd5-b6b3-f82731f33215","local_time":"20210104231108","is_ascension_mode":false,"campfire_choices":[{"floor":7,"key":"REST"},{"data":"Crippling Poison","floor":10,"key":"SMITH"},{"floor":12,"key":"REST"},{"data":"Noxious Fumes","floor":15,"key":"SMITH"}],"circlet_count":0,"master_deck":["Strike_G","Strike_G","Strike_G","Strike_G","Strike_G+1","Defend_G","Defend_G","Defend_G","Defend_G","Defend_G","Survivor","Neutralize","A Thousand Cuts","Crippling Poison+1","Deadly Poison","Choke+1","Riddle With Holes","Noxious Fumes+1","All Out Attack","Deflect","Slice","Deflect"],"relics":["Ring of the Snake","potionbrewer:BottledElixir","Nunchaku"],"acts_visited":["Exordium"],"potions_floor_usage":[6,14],"damage_taken":[{"damage":1,"enemies":"Cultist","floor":1,"turns":5},{"damage":6,"enemies":"Jaw Worm","floor":5,"turns":4},{"damage":30,"enemies":"3 Sentries","floor":6,"turns":7},{"damage":0,"enemies":"Small Slimes","floor":11,"turns":3},{"damage":7,"enemies":"Exordium Wildlife","floor":13,"turns":4},{"damage":0,"enemies":"Gremlin Gang","floor":14,"turns":3},{"damage":50,"enemies":"Slime Boss","floor":16,"turns":8}],"seed_played":"-8473123964096319907","potions_obtained":[{"floor":5,"key":"AttackPotion"},{"floor":6,"key":"potionbrewer:BarricadePotion"}],"is_trial":false,"path_per_floor":["M","?","?","$","M","E","R","?","T","R","M","R","M","M","R","B"],"character_chosen":"THE_SILENT","items_purchased":["Deadly Poison","Choke","Riddle With Holes"],"campfire_rested":2,"item_purchase_floors":[4,4,4],"current_hp_per_floor":[69,58,58,58,52,22,43,29,29,29,29,50,43,43,43,0,0],"gold":108,"neow_bonus":"ONE_RANDOM_RARE_CARD","is_daily":false,"chose_seed":false,"campfire_upgraded":2,"win_rate":0.0,"timestamp":1609801868,"path_taken":["M","?","?","$","M","E","R","?","T","R","M","R","M","?","R","BOSS"],"items_purchased_type":["Card","Card","Card"],"build_version":"2020-12-22","purchased_purges":0,"victory":false,"max_hp_per_floor":[70,70,70,70,70,70,70,70,70,70,70,70,70,70,70,70,70],"card_choices":[{"not_picked":["Quick Slash","Prepared"],"picked":"Crippling Poison","floor":1},{"not_picked":["Deadly Poison","Crippling Poison"],"picked":"Noxious Fumes","floor":5},{"not_picked":["Skewer","Cloak And Dagger"],"picked":"All Out Attack","floor":6},{"not_picked":["Accuracy","Cloak And Dagger"],"picked":"Deflect","floor":11},{"not_picked":["Prepared","PiercingWail"],"picked":"Slice","floor":13},{"not_picked":["Venomology","Distraction"],"picked":"Deflect","floor":14}],"player_experience":101050,"relics_obtained":[{"floor":6,"key":"potionbrewer:BottledElixir"},{"floor":9,"key":"Nunchaku"}],"event_choices":[{"damage_healed":0,"gold_gain":75,"player_choice":"Gather Gold","damage_taken":11,"max_hp_gain":0,"max_hp_loss":0,"event_name":"World of Goop","floor":2,"gold_loss":0},{"damage_healed":0,"gold_gain":0,"player_choice":"Leave","damage_taken":0,"max_hp_gain":0,"max_hp_loss":0,"event_name":"The Cleric","floor":3,"gold_loss":0},{"damage_healed":0,"gold_gain":0,"player_choice":"Entered Light","damage_taken":14,"max_hp_gain":0,"max_hp_loss":0,"event_name":"Shining Light","floor":8,"gold_loss":0,"cards_upgraded":["Strike_G","Choke"]}],"is_beta":false,"boss_relics":[],"items_purged_floors":[],"is_endless":false,"potions_floor_spawned":[5,6],"killed_by":"Slime Boss","ascension_level":0}}