{"host":"q9718omregw4er46","time":1609788001,"event":{"mods":["BaseMod","Bestiary","Colored Powertips","Minty Spire (QoL Compilation)","Quick Restart","Relic Stats"],"gold_per_floor":[15,15,33,47,63,63,89,89,89,89,122,122,161,7,7,106,106,81,131,56,80,355,355,355],"floor_reached":23,"playtime":1108,"items_purged":["Strike_B"],"score":394,"play_id":"cc6940cc-869c-4e60-bfcf-49d1f24d6003","local_time":"20210105002001","is_ascension_mode":true,"campfire_choices":[{"floor":6.0,"key":"REST"},{"floor":8.0,"key":"REST"},{"data":"Loop","floor":10.0,"key":"SMITH"},{"floor":15.0,"key":"REST"}],"circlet_count":0,"master_deck":["AscendersBane","Strike_B","Strike_B","Defend_B","Defend_B","Defend_B","Defend_B","Zap","Dualcast","Defragment+1","Compile Driver","Loop+1","Ball Lightning","White Noise","Capacitor+1","Self Repair+1","Creative AI+1","Cold Snap","Cold Snap","White Noise","Regret"],"relics":["Cracked Core","Prayer Wheel","Odd Mushroom","Akabeko","Frozen Egg 2","Golden Idol","Strawberry","Coffee Dripper"],"acts_visited":["Exordium","TheCity"],"potions_floor_usage":[23,23],"damage_taken":[{"damage":3.0,"enemies":"Small Slimes","floor":1.0,"turns":3.0},{"damage":1.0,"enemies":"Cultist","floor":3.0,"turns":3.0},{"damage":7.0,"enemies":"Jaw Worm","floor":4.0,"turns":3.0},{"damage":32.0,"enemies":"Large Slime","floor":5.0,"turns":5.0},{"damage":16.0,"enemies":"The Mushroom Lair","floor":7.0,"turns":3.0},{"damage":8.0,"enemies":"Gremlin Nob","floor":11.0,"turns":3.0},{"damage":30.0,"enemies":"Lagavulin","floor":13.0,"turns":5.0},{"damage":11.0,"enemies":"The Guardian","floor":16.0,"turns":7.0},{"damage":29,"enemies":"2 Thieves","floor":18,"turns":4},{"damage":9,"enemies":"3 Byrds","floor":21,"turns":3},{"damage":40,"enemies":"Book of Stabbing","floor":23,"turns":5}],"seed_played":"-6120473298919410631","potions_obtained":[{"floor":4.0,"key":"Strength Potion"},{"floor":7.0,"key":"DuplicationPotion"},{"floor":11.0,"key":"FocusPotion"},{"floor":18,"key":"Block Potion"}],"is_trial":false,"path_per_floor":["M","?","M","M","M","R","?","R","T","R","E","?","E","$","R","B",null,"M","?","?","M","?","E"],"character_chosen":"DEFECT","items_purchased":["Self Repair+1"],"campfire_rested":3,"item_purchase_floors":[14],"current_hp_per_floor":[61,61,60,53,21,42,26,47,47,47,39,39,16,16,37,36,62,43,43,43,34,34,0,0],"gold":355,"neow_bonus":"ONE_RARE_RELIC","is_daily":false,"chose_seed":false,"campfire_upgraded":1,"win_rate":0.0,"timestamp":1609788001,"path_taken":["M","?","M","?","M","R","?","R","T","R","E","?","E","?","R","BOSS","M","?","?","M","?","E"],"items_purchased_type":["Card"],"build_version":"2020-12-22","purchased_purges":1,"victory":false,"max_hp_per_floor":[71,71,71,71,71,71,71,71,71,71,71,64,71,71,71,71,71,71,71,71,71,71,71,71],"relic_stats":{"counters":[11,44],"Golden Idol":36,"Prayer Wheel":6,"obtain_stats":[{"Golden Idol":12,"Strawberry":13,"Prayer Wheel":0,"Coffee Dripper":17,"Odd Mushroom":7,"Frozen Egg 2":11,"Cracked Core":0,"Akabeko":9},{"Golden Idol":6,"Strawberry":7,"Prayer Wheel":0,"Coffee Dripper":8,"Odd Mushroom":5,"Frozen Egg 2":6,"Cracked Core":0,"Akabeko":5},{"Golden Idol":20,"Strawberry":25,"Prayer Wheel":0,"Coffee Dripper":32,"Odd Mushroom":17,"Frozen Egg 2":20,"Cracked Core":0,"Akabeko":17}]},"card_choices":[{"not_picked":["Rebound","Aggregate"],"picked":"Defragment","floor":1.0},{"not_picked":["Conserve Battery","Beam Cell","Darkness"],"picked":"SKIP","floor":1.0},{"not_picked":["Steam","Conserve Battery"],"picked":"Compile Driver","floor":3.0},{"not_picked":["Leap","Stack","Beam Cell"],"picked":"SKIP","floor":3.0},{"not_picked":["Go for the Eyes","Storm"],"picked":"Loop","floor":4.0},{"not_picked":["Hyperbeam","Fusion","Turbo"],"picked":"SKIP","floor":4.0},{"not_picked":["Stack","Rebound"],"picked":"Ball Lightning","floor":5.0},{"not_picked":["Scrape","Steam","Beam Cell"],"picked":"SKIP","floor":5.0},{"not_picked":["Rebound","Ball Lightning"],"picked":"White Noise","floor":7.0},{"not_picked":["Aggregate","Rip and Tear"],"picked":"Capacitor+1","floor":11.0},{"not_picked":["Redo","Turbo","Hologram"],"picked":"SKIP","floor":13.0},{"not_picked":["Rainbow","Amplify"],"picked":"Creative AI+1","floor":16.0},{"not_picked":["Hologram","Recycle"],"picked":"Cold Snap","floor":18},{"not_picked":["Barrage","Hello World+1","Gash"],"picked":"SKIP","floor":18},{"not_picked":["Sweeping Beam","Hyperbeam"],"picked":"Cold Snap","floor":21},{"not_picked":["Sweeping Beam+1","Go for the Eyes"],"picked":"White Noise","floor":21}],"player_experience":1183877,"relics_obtained":[{"floor":7.0,"key":"Odd Mushroom"},{"floor":9.0,"key":"Akabeko"},{"floor":11.0,"key":"Frozen Egg 2"},{"floor":13.0,"key":"Strawberry"}],"event_choices":[{"damage_healed":0.0,"max_hp_gain":0.0,"max_hp_loss":0.0,"gold_gain":0.0,"event_name":"Upgrade Shrine","player_choice":"Upgraded","floor":2.0,"gold_loss":0.0,"damage_taken":0.0,"cards_upgraded":["Defragment"]},{"damage_healed":0.0,"max_hp_gain":0.0,"max_hp_loss":0.0,"gold_gain":0.0,"event_name":"Mushrooms","player_choice":"Fought Mushrooms","floor":7.0,"gold_loss":0.0,"damage_taken":0.0},{"damage_healed":0.0,"max_hp_gain":0.0,"max_hp_loss":7.0,"gold_gain":0.0,"event_name":"Golden Idol","player_choice":"Lose Max HP","floor":12.0,"gold_loss":0.0,"damage_taken":0.0,"relics_obtained":["Golden Idol"]},{"damage_healed":0,"gold_gain":50,"player_choice":"Stole From Cult","damage_taken":0,"max_hp_gain":0,"max_hp_loss":0,"event_name":"Nest","floor":19,"gold_loss":0},{"cards_removed":["Strike_B"],"damage_healed":0,"gold_gain":0,"player_choice":"Gave Gold","damage_taken":0,"max_hp_gain":0,"max_hp_loss":0,"event_name":"Beggar","floor":20,"gold_loss":75},{"damage_healed":0,"gold_gain":275,"player_choice":"Desecrate","damage_taken":0,"max_hp_gain":0,"max_hp_loss":0,"event_name":"Golden Shrine","floor":22,"gold_loss":0,"cards_obtained":["Regret"]}],"is_beta":false,"boss_relics":[{"not_picked":["SlaversCollar","Ectoplasm"],"picked":"Coffee Dripper"}],"items_purged_floors":[14],"is_endless":false,"potions_floor_spawned":[4,7,11,18],"killed_by":"Book of Stabbing","ascension_level":20}}