{"host":"g01l53quoe6lrer0","time":1609752826,"event":{"mods":["2.2 Compatiblity","AchievementEnabler","BaseMod","Colored Map","Highlight Path","Keyboard Shortcuts","Minty Spire (QoL Compilation)","Permanent Neow","Quick Restart","StSLib","SuperFastMode","everything is the same but u backflip on backflip"],"gold_per_floor":[109,120,120,137,137,166,166,196,243,277,277,293,315,332,332,432,432,448,448,475,493,510,510,242,256,256,275,275,310,320,58,58,153,153,163,212,232,242,30,30,59,59,108,128,143,160,70,70,70],"floor_reached":48,"playtime":3398,"items_purged":["Strike_P","Strike_P","Strike_P"],"score":607,"play_id":"58f67b22-64bb-494d-8a8e-c50786de38e3","local_time":"20210104183346","is_ascension_mode":true,"campfire_choices":[{"data":"Omniscience","floor":7.0,"key":"SMITH"},{"data":"Blasphemy","floor":11.0,"key":"SMITH"},{"data":"ForeignInfluence","floor":15.0,"key":"SMITH"},{"data":"ConjureBlade","floor":23.0,"key":"SMITH"},{"floor":28.0,"key":"REST"},{"floor":32.0,"key":"REST"},{"floor":40.0,"key":"REST"},{"floor":42.0,"key":"RECALL"}],"circlet_count":0,"master_deck":["Defend_P","Defend_P","Defend_P","Defend_P","Eruption","Vigilance","Blasphemy+1","CutThroughFate","WaveOfTheHand","Sanctity+1","Omniscience+1","WheelKick","BowlingBash","SignatureMove","ForeignInfluence+1","ConjureBlade+1","Ragnarok","TalkToTheHand+1","Collect","Metamorphosis","ThirdEye","Collect+1","Perseverance+1","Fasting2","Madness","DevaForm","SashWhip+1","Enlightenment","Evaluate+1","CrushJoints+1","WreathOfFlame+1","DeceiveReality+1"],"relics":["HolyWater","InkBottle","Happy Flower","Omamori","Darkstone Periapt","Odd Mushroom","Sozu","Tiny Chest","White Beast Statue","Bag of Preparation","War Paint","Pear","Boot"],"acts_visited":["Exordium","TheCity","TheBeyond"],"potions_floor_usage":[],"damage_taken":[{"damage":0.0,"enemies":"Small Slimes","floor":1.0,"turns":3.0},{"damage":0.0,"enemies":"Cultist","floor":2.0,"turns":2.0},{"damage":0.0,"enemies":"Jaw Worm","floor":4.0,"turns":2.0},{"damage":2.0,"enemies":"Lagavulin","floor":6.0,"turns":8.0},{"damage":28.0,"enemies":"3 Sentries","floor":8.0,"turns":10.0},{"damage":6.0,"enemies":"Gremlin Nob","floor":10.0,"turns":3.0},{"damage":0.0,"enemies":"Looter","floor":12.0,"turns":2.0},{"damage":9.0,"enemies":"The Mushroom Lair","floor":13.0,"turns":4.0},{"damage":1.0,"enemies":"2 Fungi Beasts","floor":14.0,"turns":3.0},{"damage":14.0,"enemies":"Hexaghost","floor":16.0,"turns":6.0},{"damage":22.0,"enemies":"2 Thieves","floor":18.0,"turns":4.0},{"damage":23.0,"enemies":"3 Byrds","floor":21.0,"turns":5.0},{"damage":0.0,"enemies":"3 Cultists","floor":22.0,"turns":3.0},{"damage":0.0,"enemies":"Snake Plant","floor":25.0,"turns":2.0},{"damage":11.0,"enemies":"Shelled Parasite and Fungi","floor":27.0,"turns":4.0},{"damage":14.0,"enemies":"Gremlin Leader","floor":29.0,"turns":5.0},{"damage":6.0,"enemies":"Sentry and Sphere","floor":30.0,"turns":3.0},{"damage":8.0,"enemies":"Champ","floor":33.0,"turns":10.0},{"damage":7.0,"enemies":"Orb Walker","floor":35.0,"turns":4.0},{"damage":6.0,"enemies":"3 Shapes","floor":37.0,"turns":4.0},{"damage":28.0,"enemies":"Sphere and 2 Shapes","floor":38.0,"turns":4.0},{"damage":0.0,"enemies":"Reptomancer","floor":41.0,"turns":6.0},{"damage":7.0,"enemies":"Writhing Mass","floor":44.0,"turns":5.0},{"damage":36.0,"enemies":"4 Shapes","floor":45.0,"turns":5.0},{"damage":7.0,"enemies":"3 Darklings","floor":46.0,"turns":3.0},{"damage":19,"enemies":"Transient","floor":48,"turns":4}],"seed_played":"1666968099852768684","potions_obtained":[{"floor":1.0,"key":"BlessingOfTheForge"},{"floor":2.0,"key":"BottledMiracle"},{"floor":4.0,"key":"BlessingOfTheForge"},{"floor":6.0,"key":"ColorlessPotion"}],"is_trial":false,"path_per_floor":["M","M","?","M","?","E","R","E","T","E","R","M","?","M","R","B",null,"M","?","T","M","M","R","$","M","T","M","R","E","M","$","R","B",null,"M","T","M","M","$","R","E","R","T","M","M","M","?","M"],"character_chosen":"WATCHER","items_purchased":["Metamorphosis","ThirdEye","Fasting2","Madness","Enlightenment"],"campfire_rested":3,"item_purchase_floors":[24,24,31,31,39],"current_hp_per_floor":[72,72,72,72,77,75,75,47,47,41,41,41,32,31,31,17,77,55,55,55,32,32,32,32,32,32,21,44,30,24,24,47,39,77,70,70,64,36,36,59,69,69,69,62,26,19,19,0,0],"gold":70,"neow_bonus":"ONE_RANDOM_RARE_CARD","is_daily":false,"chose_seed":false,"campfire_upgraded":4,"win_rate":0.0,"timestamp":1609752826,"path_taken":["M","M","?","?","?","E","R","E","T","E","R","M","?","M","R","BOSS","M","?","?","M","M","R","$","M","T","M","R","E","?","?","R","BOSS","M","?","M","?","$","R","E","R","T","M","M","M","?","M"],"items_purchased_type":["Card","Card","Card","Card","Card"],"build_version":"2020-12-22","purchased_purges":3,"victory":false,"max_hp_per_floor":[72,72,72,72,77,77,77,77,77,77,77,77,77,77,77,77,77,77,77,77,77,77,77,77,77,77,77,77,77,77,77,77,77,77,77,77,77,77,77,77,87,87,87,87,87,87,87,87,87],"card_choices":[{"not_picked":["Pray","EmptyBody"],"picked":"CutThroughFate","floor":1.0},{"not_picked":["Indignation","Evaluate"],"picked":"WaveOfTheHand","floor":2.0},{"not_picked":["InnerPeace","Crescendo","FlurryOfBlows"],"picked":"SKIP","floor":4.0},{"not_picked":["WindmillStrike","ThirdEye"],"picked":"WheelKick","floor":6.0},{"not_picked":["Vengeance","BowlingBash","Weave"],"picked":"SKIP","floor":8.0},{"not_picked":["Consecrate","FlurryOfBlows"],"picked":"BowlingBash","floor":10.0},{"not_picked":["ReachHeaven","EmptyFist"],"picked":"SignatureMove","floor":12.0},{"not_picked":["CutThroughFate","EmptyBody"],"picked":"ForeignInfluence","floor":13.0},{"not_picked":["Study","ConjureBlade","PathToVictory"],"picked":"SKIP","floor":14.0},{"not_picked":["Study","PathToVictory"],"picked":"ConjureBlade","floor":14.0},{"not_picked":["Devotion","DeusExMachina"],"picked":"Ragnarok","floor":16.0},{"not_picked":["FearNoEvil","FlyingSleeves","Vengeance"],"picked":"SKIP","floor":18.0},{"not_picked":["CarveReality+1","SashWhip+1"],"picked":"TalkToTheHand+1","floor":21.0},{"not_picked":["PathToVictory","MentalFortress"],"picked":"Collect","floor":22.0},{"not_picked":["PathToVictory","DeceiveReality","CutThroughFate"],"picked":"SKIP","floor":25.0},{"not_picked":["ReachHeaven","Conclude+1"],"picked":"Collect+1","floor":27.0},{"not_picked":["Crescendo","FollowUp","Perseverance"],"picked":"SKIP","floor":29.0},{"not_picked":["Crescendo","FollowUp"],"picked":"Perseverance","floor":29.0},{"not_picked":["Brilliance","EmptyFist","ClearTheMind"],"picked":"SKIP","floor":30.0},{"not_picked":["Devotion","Judgement"],"picked":"DevaForm","floor":33.0},{"not_picked":["FollowUp","ForeignInfluence"],"picked":"SashWhip+1","floor":35.0},{"not_picked":["PathToVictory+1","SashWhip","CutThroughFate+1"],"picked":"SKIP","floor":37.0},{"not_picked":["CutThroughFate+1","Fasting2","JustLucky"],"picked":"SKIP","floor":38.0},{"not_picked":["Weave+1","BattleHymn"],"picked":"Evaluate+1","floor":41.0},{"not_picked":["SignatureMove","CarveReality"],"picked":"CrushJoints+1","floor":44.0},{"not_picked":["MentalFortress","Crescendo+1","WreathOfFlame"],"picked":"SKIP","floor":45.0},{"not_picked":["MentalFortress","Crescendo+1"],"picked":"WreathOfFlame","floor":45.0},{"not_picked":["Halt+1","Consecrate+1"],"picked":"DeceiveReality+1","floor":46.0}],"player_experience":66111,"relics_obtained":[{"floor":6.0,"key":"InkBottle"},{"floor":8.0,"key":"Happy Flower"},{"floor":9.0,"key":"Omamori"},{"floor":10.0,"key":"Darkstone Periapt"},{"floor":13.0,"key":"Odd Mushroom"},{"floor":26.0,"key":"White Beast Statue"},{"floor":29.0,"key":"Bag of Preparation"},{"floor":36.0,"key":"War Paint"},{"floor":41.0,"key":"Pear"},{"floor":43.0,"key":"Boot"}],"event_choices":[{"damage_healed":0.0,"max_hp_gain":0.0,"max_hp_loss":0.0,"gold_gain":0.0,"event_name":"Match and Keep!","player_choice":"2 cards matched","floor":3.0,"gold_loss":0.0,"damage_taken":0.0,"cards_obtained":["Sanctity","Omniscience"]},{"damage_healed":0.0,"max_hp_gain":5.0,"max_hp_loss":0.0,"gold_gain":0.0,"event_name":"Big Fish","player_choice":"Donut","floor":5.0,"gold_loss":0.0,"damage_taken":0.0},{"damage_healed":0.0,"max_hp_gain":0.0,"max_hp_loss":0.0,"gold_gain":0.0,"event_name":"Mushrooms","player_choice":"Fought Mushrooms","floor":13.0,"gold_loss":0.0,"damage_taken":0.0},{"damage_healed":0.0,"max_hp_gain":0.0,"max_hp_loss":0.0,"gold_gain":0.0,"event_name":"The Mausoleum","player_choice":"Opened","floor":19.0,"gold_loss":0.0,"damage_taken":0.0,"relics_obtained":["Tiny Chest"],"cards_obtained":["Writhe"]},{"cards_removed":["Strike_P"],"damage_healed":0.0,"max_hp_gain":0.0,"max_hp_loss":0.0,"gold_gain":0.0,"event_name":"Designer","player_choice":"Upgrade and Remove","floor":47.0,"gold_loss":90.0,"damage_taken":0.0,"cards_upgraded":["WreathOfFlame"]}],"is_beta":false,"boss_relics":[{"not_picked":["SacredBark","Busted Crown"],"picked":"Sozu"},{"not_picked":["Fusion Hammer","Runic Dome"],"picked":"HolyWater"}],"items_purged_floors":[24,31,39],"is_endless":false,"potions_floor_spawned":[1,2,4,6,18,21,22,27,29,30,33,35,37,38,41,44,45,46],"killed_by":"Transient","ascension_level":2}}