{"host":"2he95iptrbxkejc1","time":1609802109,"event":{"mods":["AchievementEnabler","BaseMod","Colored Powertips","Hermit","Infinite Spire","Marisa????????","Minty Spire (QoL Compilation)","Random Character Mod","Replay The Spire","StSLib","The Cursed","The Hierophant","The Marked","The Mystic","The Poker Player","The Runesmith","The Servant 0.9.4"],"gold_per_floor":[113,132,152,152,252,287,306,341,387,404,404,93,93,112,112,216,216,226,241,258,258,280,24,24,42,42,66,101,116,157,173,173,278,278,302,320,320,320,341,341,360,360,360,373,373,389,389,415,415],"floor_reached":48,"playtime":3971,"items_purged":["mysticmod:Defend_Mystic","mysticmod:Defend_Mystic","mysticmod:Strike_Mystic","mysticmod:Defend_Mystic"],"score":515,"play_id":"cd48434f-5083-4434-9d33-e6806d58224f","local_time":"20210104231509","is_ascension_mode":false,"campfire_choices":[{"data":"mysticmod:Sideswipe","floor":11,"key":"SMITH"},{"data":"mysticmod:Spellstrike","floor":13,"key":"SMITH"},{"data":"mysticmod:Haste","floor":24,"key":"SMITH"},{"floor":32,"key":"REST"},{"data":"mysticmod:Daze","floor":40,"key":"SMITH"},{"floor":42,"key":"REST"},{"floor":45,"key":"REST"}],"circlet_count":0,"master_deck":["mysticmod:Strike_Mystic","mysticmod:Strike_Mystic","mysticmod:Defend_Mystic","mysticmod:ArcaneDodge","mysticmod:ShockingGrasp","mysticmod:Sideswipe+1","mysticmod:Spellstrike+1","mysticmod:LightningBolt","mysticmod:CorrosiveTouch","mysticmod:MightyMagic","mysticmod:Lunge","mysticmod:CureLightWounds","mysticmod:DiviningBlow","mysticmod:LightningBolt+1","mysticmod:Haste+1","mysticmod:Shield","mysticmod:EbbAndFlow+1","mysticmod:SuddenClarity+1","mysticmod:RapidCaster+1","mysticmod:Lunge","mysticmod:MagicMissile","mysticmod:StyleChange","mysticmod:Sideswipe+1","mysticmod:Probe+1","mysticmod:Fireball+1","mysticmod:Discipline","mysticmod:Daze+1","mysticmod:SuddenClarity","mysticmod:CureLightWounds+1","mysticmod:PreparedCaster+1","mysticmod:Daze+1","mysticmod:SuddenClarity+1","mysticmod:MagicMissile+1","mysticmod:PowerSlash+1","mysticmod:MightyMagic+1","mysticmod:Fly+1","mysticmod:GeminiForm"],"relics":["mysticmod:SpellBook","NeowsBlessing","Replay:Kaleidoscope","infinitespire:Broken Mirror","Toy Ornithopter","Happy Flower","Honey Jar","infinitespire:Midas Blood","Omamori","Bottled Flame","Molten Egg 2","Bronze Scales","SlaversCollar","Orrery","infinitespire:Lucky Rock"],"acts_visited":["Exordium","TheCity","TheBeyond"],"potions_floor_usage":[8,16,16,16,22,27,28,33],"damage_taken":[{"damage":0,"enemies":"Small Slimes","floor":1,"turns":1},{"damage":0,"enemies":"Jaw Worm","floor":2,"turns":1},{"damage":0,"enemies":"Cultist","floor":3,"turns":1},{"damage":8,"enemies":"3 Sentries","floor":6,"turns":6},{"damage":0,"enemies":"2 Fungi Beasts","floor":7,"turns":3},{"damage":11,"enemies":"Gremlin Nob","floor":8,"turns":4},{"damage":6,"enemies":"Exordium Thugs","floor":10,"turns":4},{"damage":3,"enemies":"Exordium Wildlife","floor":14,"turns":3},{"damage":5,"enemies":"Slime Boss","floor":16,"turns":8},{"damage":0,"enemies":"3 Byrds","floor":18,"turns":3},{"damage":1,"enemies":"Chosen","floor":19,"turns":3},{"damage":21,"enemies":"Snecko","floor":20,"turns":6},{"damage":8,"enemies":"Snake Plant","floor":22,"turns":5},{"damage":4,"enemies":"Sentry and Sphere","floor":25,"turns":3},{"damage":15,"enemies":"Centurion and Healer","floor":27,"turns":3},{"damage":5,"enemies":"Book of Stabbing","floor":28,"turns":4},{"damage":15,"enemies":"Snecko","floor":29,"turns":5},{"damage":31,"enemies":"Slavers","floor":30,"turns":3},{"damage":0,"enemies":"Snake Plant","floor":31,"turns":3},{"damage":39,"enemies":"Champ","floor":33,"turns":9},{"damage":20,"enemies":"Orb Walker","floor":35,"turns":3},{"damage":26,"enemies":"3 Darklings","floor":36,"turns":3},{"damage":18,"enemies":"Spire Growth","floor":39,"turns":4},{"damage":22,"enemies":"Writhing Mass","floor":41,"turns":5},{"damage":10,"enemies":"3 Darklings","floor":44,"turns":3},{"damage":9,"enemies":"Transient","floor":46,"turns":5},{"damage":85,"enemies":"Sphere and 2 Shapes","floor":48,"turns":4}],"seed_played":"1022006312235048484","potions_obtained":[{"floor":6,"key":"SkillPotion"},{"floor":8,"key":"Toxic Potion"},{"floor":10,"key":"Strength Potion"},{"floor":14,"key":"Block Potion"},{"floor":18,"key":"SpeedPotion"},{"floor":22,"key":"AttackPotion"},{"floor":27,"key":"Dexterity Potion"},{"floor":31,"key":"SteroidPotion"},{"floor":36,"key":"Elixir"}],"is_trial":false,"path_per_floor":["M","M","M","?","?","E","M","E","T","M","R","$","R","M","R","B",null,"M","M","M","AVR","M","$","R","M","T","M","E","M","E","M","R","B",null,"M","M","?","AVR","M","R","M","R","T","M","R","M","?","M"],"character_chosen":"MYSTIC_CLASS","items_purchased":["mysticmod:CureLightWounds","Happy Flower","mysticmod:DiviningBlow","Omamori"],"campfire_rested":3,"item_purchase_floors":[12,12,12,23],"current_hp_per_floor":[77,77,77,70,70,62,62,51,51,45,45,45,45,45,68,72,77,77,77,56,56,56,56,56,55,55,47,50,35,7,10,33,2,77,58,32,32,32,22,22,10,33,33,25,48,47,77,0,0],"gold":415,"neow_bonus":"THREE_ENEMY_KILL","is_daily":false,"chose_seed":false,"campfire_upgraded":4,"win_rate":0.0,"timestamp":1609802109,"path_taken":["M","M","M","?","?","E","M","E","T","M","R","$","R","M","R","BOSS","M","M","M","AVR","?","$","R","M","T","M","E","M","E","M","R","BOSS","M","M","?","AVR","?","R","M","R","T","M","R","M","?","M"],"items_purchased_type":["Card","Relic","Card","Relic"],"build_version":"2020-12-22","purchased_purges":4,"victory":false,"max_hp_per_floor":[77,77,77,77,77,77,77,77,77,77,77,77,77,77,77,77,77,77,77,77,77,77,77,77,77,77,77,77,77,77,77,77,77,77,77,77,77,77,77,77,77,77,77,77,77,77,77,77,77],"card_choices":[{"not_picked":["mysticmod:PowerSlash","mysticmod:AllIn"],"picked":"mysticmod:Sideswipe","floor":1},{"not_picked":["mysticmod:ComponentsPouch","mysticmod:Disengage"],"picked":"mysticmod:Spellstrike","floor":2},{"not_picked":["mysticmod:BulkUp","mysticmod:HeavyStrike"],"picked":"mysticmod:LightningBolt","floor":3},{"not_picked":["mysticmod:Shield","mysticmod:StyleChange"],"picked":"mysticmod:CorrosiveTouch","floor":6},{"not_picked":["mysticmod:Alacrity","mysticmod:Dedication","mysticmod:PowerAttack"],"picked":"SKIP","floor":7},{"not_picked":["mysticmod:ComponentsPouch","mysticmod:Sideswipe"],"picked":"mysticmod:MightyMagic","floor":8},{"not_picked":["mysticmod:ComboCaster","mysticmod:Grapple"],"picked":"mysticmod:Lunge","floor":10},{"not_picked":["mysticmod:PowerSlash","mysticmod:HunkerDown"],"picked":"mysticmod:LightningBolt","floor":14},{"not_picked":["mysticmod:MysticalShield","mysticmod:ClosingBarrage"],"picked":"mysticmod:Haste","floor":16},{"not_picked":["mysticmod:Sideswipe","mysticmod:Flurry+1","mysticmod:SpellCombat"],"picked":"mysticmod:Shield","floor":18},{"not_picked":["mysticmod:FiveFootStep+1","mysticmod:BulkUp","mysticmod:DiviningBlow"],"picked":"mysticmod:EbbAndFlow","floor":19},{"not_picked":["mysticmod:HeavyStrike","mysticmod:Shield","mysticmod:FiveFootStep"],"picked":"mysticmod:SuddenClarity+1","floor":20},{"not_picked":["mysticmod:DiviningBlow","mysticmod:Disengage","mysticmod:BladeMaster"],"picked":"mysticmod:RapidCaster+1","floor":22},{"not_picked":["mysticmod:EarthenWall","mysticmod:Shield+1","mysticmod:SuddenClarity"],"picked":"mysticmod:Lunge","floor":25},{"not_picked":["mysticmod:Flurry","mysticmod:StyleChange","mysticmod:FloatingDisk"],"picked":"mysticmod:MagicMissile","floor":27},{"not_picked":["mysticmod:PureInstinct","mysticmod:DiviningBlow+1","mysticmod:BulkUp"],"picked":"mysticmod:StyleChange","floor":28},{"not_picked":["mysticmod:Fly+1","mysticmod:CorrosiveTouch+1","mysticmod:MirrorStrike+1"],"picked":"mysticmod:Sideswipe+1","floor":29},{"not_picked":["mysticmod:CorrosiveTouch+1","mysticmod:MirrorStrike+1","mysticmod:PunishingArmor"],"picked":"mysticmod:Probe+1","floor":30},{"not_picked":["mysticmod:EbbAndFlow+1","mysticmod:MirrorStrike+1","mysticmod:EnergizedRift"],"picked":"mysticmod:Fireball+1","floor":31},{"not_picked":["mysticmod:ObscuringMist","mysticmod:ClosingBarrage+1","mysticmod:SpellRecall"],"picked":"mysticmod:Discipline","floor":33},{"not_picked":["mysticmod:SuddenClarity+1","mysticmod:Shield+1","mysticmod:Disengage"],"picked":"mysticmod:Daze+1","floor":35},{"not_picked":["mysticmod:Dedication+1","mysticmod:BulkUp+1","mysticmod:DiviningBlow+1"],"picked":"mysticmod:SuddenClarity","floor":36},{"not_picked":["mysticmod:PureInstinct+1","mysticmod:Shield+1","mysticmod:SpellCombat+1"],"picked":"mysticmod:CureLightWounds+1","floor":38},{"not_picked":["mysticmod:VorpalThrust+1","mysticmod:BladedDash+1","mysticmod:StyleChange"],"picked":"mysticmod:PreparedCaster+1","floor":38},{"not_picked":["mysticmod:LightningBolt+1","mysticmod:Shield+1","mysticmod:FiveFootStep+1"],"picked":"mysticmod:Daze","floor":38},{"not_picked":["mysticmod:BladedDash+1","mysticmod:Natural20","mysticmod:PowerSlash+1"],"picked":"mysticmod:SuddenClarity+1","floor":38},{"not_picked":["mysticmod:ComponentsPouch+1","mysticmod:Alacrity+1","mysticmod:Stoneskin"],"picked":"mysticmod:MagicMissile+1","floor":38},{"not_picked":["mysticmod:Grease","mysticmod:SuddenClarity","mysticmod:TomeOfSpells"],"picked":"mysticmod:PowerSlash+1","floor":39},{"not_picked":["mysticmod:SuddenClarity+1","mysticmod:ChargedParry+1","mysticmod:AllIn+1"],"picked":"mysticmod:MightyMagic+1","floor":41},{"not_picked":["mysticmod:PureInstinct","mysticmod:SpellCombat+1","mysticmod:Riposte+1"],"picked":"mysticmod:Fly+1","floor":44},{"not_picked":["mysticmod:Shield","mysticmod:ComponentsPouch+1","mysticmod:PureInstinct"],"picked":"mysticmod:GeminiForm","floor":46}],"player_experience":60877,"relics_obtained":[{"floor":6,"key":"Replay:Kaleidoscope"},{"floor":8,"key":"infinitespire:Broken Mirror"},{"floor":9,"key":"Toy Ornithopter"},{"floor":26,"key":"Bottled Flame"},{"floor":28,"key":"Molten Egg 2"},{"floor":30,"key":"Bronze Scales"},{"floor":43,"key":"infinitespire:Lucky Rock"}],"event_choices":[{"cards_removed":["mysticmod:Strike_Mystic"],"damage_healed":0,"gold_gain":0,"player_choice":"Card Removal","damage_taken":7,"max_hp_gain":0,"max_hp_loss":0,"event_name":"Golden Wing","floor":4,"gold_loss":0},{"damage_healed":0,"gold_gain":100,"player_choice":"Pray","damage_taken":0,"max_hp_gain":0,"max_hp_loss":0,"event_name":"Golden Shrine","floor":5,"gold_loss":0},{"damage_healed":0,"gold_gain":0,"player_choice":"Upgraded","damage_taken":0,"max_hp_gain":0,"max_hp_loss":0,"event_name":"Upgrade Shrine","floor":37,"gold_loss":0,"cards_upgraded":["mysticmod:EbbAndFlow"]},{"damage_healed":30,"gold_gain":0,"player_choice":"Heal","damage_taken":0,"max_hp_gain":0,"max_hp_loss":0,"event_name":"MindBloom","floor":47,"gold_loss":0,"cards_obtained":["Doubt"]}],"is_beta":false,"boss_relics":[{"not_picked":["ReplayTheSpireMod:DimensionalGlitch","Runesmith:UraniumAnvil"],"picked":"Honey Jar"},{"not_picked":["Astrolabe","ReplayTheSpireMod:SealedPack"],"picked":"SlaversCollar"}],"items_purged_floors":[12,21,23,38],"is_endless":false,"potions_floor_spawned":[6,8,10,14,18,22,27,31,36],"killed_by":"Sphere and 2 Shapes","ascension_level":0}}