{"host":"56ghxnzsglgdq727","time":1609761961,"event":{"mods":["AchievementEnabler","BaseMod","Downfall","Minty Spire (QoL Compilation)","StSLib"],"gold_per_floor":[0,19,19,119,119,139,164,179,196,208,208,220,243,253,267,267,267,267],"floor_reached":16,"playtime":569,"items_purged":[],"score":96,"play_id":"75e832b8-0a65-4fd6-bf61-dea42545d983","local_time":"20210104070601","is_ascension_mode":false,"campfire_choices":[{"data":"expansioncontent:DashGenerateEvil","floor":1,"key":"SMITH"},{"data":"hexamod:EmpoweredFlame","floor":11,"key":"SMITH"}],"circlet_count":0,"master_deck":["hexamod:Strike","hexamod:Strike","hexamod:Strike","hexamod:Strike","hexamod:Defend","hexamod:Defend","hexamod:Defend","hexamod:Defend","hexamod:Sear","hexamod:Float","expansioncontent:DashGenerateEvil+1","hexamod:PhantomCloak","hexamod:EmpoweredFlame+1","hexamod:EmpoweredFlame","hexamod:EmpoweredFlame","hexamod:ThirdSeal"],"relics":["hexamod:SpiritBrand","The Courier","Centennial Puzzle","Odd Mushroom"],"acts_visited":["Exordium"],"potions_floor_usage":[9,13,16,16,16],"damage_taken":[{"damage":0,"enemies":"Small Slimes","floor":2,"turns":3},{"damage":0,"enemies":"Jaw Worm","floor":6,"turns":2},{"damage":5,"enemies":"2 Louse","floor":8,"turns":3},{"damage":0,"enemies":"Large Slime","floor":9,"turns":4},{"damage":0,"enemies":"3 Louse","floor":10,"turns":3},{"damage":3,"enemies":"Exordium Wildlife","floor":12,"turns":5},{"damage":15,"enemies":"The Mushroom Lair","floor":13,"turns":4},{"damage":1,"enemies":"Exordium Thugs","floor":14,"turns":3},{"damage":0,"enemies":"3 Louse","floor":15,"turns":2},{"damage":37,"enemies":"downfall:Defect","floor":16,"turns":6}],"seed_played":"3926560229030772294","potions_obtained":[{"floor":6,"key":"PowerPotion"},{"floor":8,"key":"SpeedPotion"},{"floor":9,"key":"BlessingOfTheForge"},{"floor":13,"key":"DistilledChaos"},{"floor":14,"key":"Fire Potion"}],"is_trial":false,"path_per_floor":["R","M","?","?","?","M","T","M","M","M","R","M","?","M","M","B"],"character_chosen":"THE_SPIRIT","items_purchased":[],"campfire_rested":0,"item_purchase_floors":[],"current_hp_per_floor":[70,70,52,52,57,57,57,52,52,52,52,49,34,33,33,0,0,0],"gold":267,"neow_bonus":"RANDOM_COLORLESS_2","is_daily":false,"chose_seed":false,"campfire_upgraded":2,"win_rate":0.0,"timestamp":1609761961,"path_taken":["R","M","?","?","?","?","T","M","M","M","R","M","?","M","M","BOSS"],"items_purchased_type":[],"build_version":"2020-12-22","purchased_purges":0,"victory":false,"max_hp_per_floor":[70,70,70,70,75,75,75,75,75,75,75,75,75,75,75,75,75,75],"card_choices":[{"not_picked":["Secret Technique","Master of Strategy"],"picked":"expansioncontent:DashGenerateEvil","floor":0},{"not_picked":["hexamod:CatchUp","hexamod:HauntingEcho"],"picked":"hexamod:PhantomCloak","floor":2},{"not_picked":["hexamod:HeatShield","hexamod:GhostOfSpireFuture","hexamod:Hexaguard"],"picked":"SKIP","floor":6},{"not_picked":["hexamod:SpectralSpark","hexamod:PhantomFireball","hexamod:Firestarter"],"picked":"SKIP","floor":8},{"not_picked":["hexamod:NightmareStrike","hexamod:RainOfEmbers","hexamod:GhostLash"],"picked":"SKIP","floor":9},{"not_picked":["hexamod:ShieldOfDarkness","hexamod:BacktrackSmack"],"picked":"hexamod:EmpoweredFlame","floor":10},{"not_picked":["hexamod:BacktrackSmack","hexamod:GhostShield"],"picked":"hexamod:EmpoweredFlame","floor":12},{"not_picked":["hexamod:CatchUp","hexamod:RecurringNightmare"],"picked":"hexamod:EmpoweredFlame","floor":13},{"not_picked":["hexamod:Firestarter","hexamod:StepThrough","hexamod:NightmareStrike"],"picked":"SKIP","floor":14},{"not_picked":["hexamod:FirstSeal","hexamod:NightmareGuise"],"picked":"hexamod:ThirdSeal","floor":15}],"player_experience":134187,"relics_obtained":[{"floor":7,"key":"Centennial Puzzle"},{"floor":13,"key":"Odd Mushroom"}],"event_choices":[{"damage_healed":0,"gold_gain":0,"player_choice":"Success","damage_taken":18,"relics_obtained":["The Courier"],"max_hp_gain":0,"max_hp_loss":0,"event_name":"Scrap Ooze","floor":3,"gold_loss":0},{"damage_healed":0,"gold_gain":0,"player_choice":"Donut","damage_taken":0,"max_hp_gain":5,"max_hp_loss":0,"event_name":"Big Fish","floor":5,"gold_loss":0},{"damage_healed":0,"gold_gain":0,"player_choice":"Fought Mushrooms","damage_taken":0,"max_hp_gain":0,"max_hp_loss":0,"event_name":"Mushrooms","floor":13,"gold_loss":0}],"is_beta":false,"boss_relics":[],"items_purged_floors":[],"is_endless":false,"potions_floor_spawned":[6,8,9,13,14],"killed_by":"downfall:Defect","ascension_level":0}}