{"host":"5wznv0010959mrmz","time":1609792917,"event":{"mods":["BaseMod","Highlight Path","Minty Spire (QoL Compilation)","Relic Stats"],"gold_per_floor":[361,33,33,51,64,64,64,96,96,96,246,246,121,131,131,204,204,221,491,503,503,503],"floor_reached":21,"playtime":693,"items_purged":["Injury","Doubt"],"score":354,"play_id":"71515517-7208-4d1d-92f1-1330e7a6e437","local_time":"20210104144157","is_ascension_mode":true,"campfire_choices":[{"data":"Terror","floor":6,"key":"SMITH"},{"data":"Cloak And Dagger","floor":10,"key":"SMITH"},{"data":"Wraith Form v2","floor":12,"key":"SMITH"},{"data":"Infinite Blades","floor":15,"key":"SMITH"}],"circlet_count":0,"master_deck":["AscendersBane","Strike_G","Strike_G","Strike_G","Strike_G","Defend_G","Defend_G","Defend_G","Defend_G","Defend_G","Survivor","Neutralize","Blade Dance","Terror+1","Cloak And Dagger+1","Wraith Form v2+1","Bouncing Flask","Dagger Spray","Infinite Blades+1","Glass Knife","Cloak And Dagger"],"relics":["Ring of the Snake","Bronze Scales","Eternal Feather","PreservedInsect","Gremlin Horn","SacredBark"],"acts_visited":["Exordium","TheCity"],"potions_floor_usage":[8,16,20],"damage_taken":[{"damage":1,"enemies":"2 Louse","floor":1,"turns":4},{"damage":0,"enemies":"Jaw Worm","floor":4,"turns":3},{"damage":0,"enemies":"Cultist","floor":5,"turns":3},{"damage":24,"enemies":"3 Sentries","floor":8,"turns":11},{"damage":0,"enemies":"Looter","floor":14,"turns":2},{"damage":38,"enemies":"Slime Boss","floor":16,"turns":7},{"damage":1,"enemies":"Spheric Guardian","floor":18,"turns":5},{"damage":7,"enemies":"Shell Parasite","floor":20,"turns":4},{"damage":20,"enemies":"3 Cultists","floor":21,"turns":5}],"seed_played":"-3920065033117049041","potions_obtained":[{"floor":1,"key":"Ancient Potion"},{"floor":4,"key":"Dexterity Potion"},{"floor":8,"key":"CunningPotion"},{"floor":18,"key":"BlessingOfTheForge"}],"is_trial":false,"path_per_floor":["M","$","?","M","M","R","?","E","T","R","?","R","$","M","R","B",null,"M","?","M","M"],"character_chosen":"THE_SILENT","items_purchased":["Terror","Bronze Scales","Dagger Spray"],"campfire_rested":0,"item_purchase_floors":[2,2,13],"current_hp_per_floor":[58,58,40,40,40,49,49,25,25,34,34,43,43,43,52,14,53,52,25,18,0,0],"gold":503,"neow_bonus":"TWO_FIFTY_GOLD","is_daily":false,"chose_seed":false,"campfire_upgraded":4,"win_rate":0.0,"timestamp":1609792917,"path_taken":["M","$","?","M","M","R","?","E","T","R","?","R","?","M","R","BOSS","M","?","M","?"],"items_purchased_type":["Card","Relic","Card"],"build_version":"2020-12-22","purchased_purges":2,"victory":false,"max_hp_per_floor":[66,66,66,66,66,66,66,66,66,66,66,66,66,66,66,66,66,66,66,66,66,66],"relic_stats":{"Gremlin Horn":[3,3],"counters":[9,44],"Bronze Scales":[89],"Eternal Feather":36,"PreservedInsect":0,"obtain_stats":[{"Gremlin Horn":9,"Bronze Scales":2,"SacredBark":17,"Eternal Feather":3,"PreservedInsect":8,"Ring of the Snake":0},{"Gremlin Horn":4,"Bronze Scales":1,"SacredBark":6,"Eternal Feather":1,"PreservedInsect":4,"Ring of the Snake":0},{"Gremlin Horn":21,"Bronze Scales":4,"SacredBark":30,"Eternal Feather":4,"PreservedInsect":21,"Ring of the Snake":0}],"Ring of the Snake":[18]},"card_choices":[{"not_picked":["Dodge and Roll","Slice"],"picked":"Blade Dance","floor":1},{"not_picked":["Deflect","Slice"],"picked":"Cloak And Dagger","floor":4},{"not_picked":["Slice","Quick Slash","Underhanded Strike"],"picked":"SKIP","floor":5},{"not_picked":["Eviscerate","Poisoned Stab"],"picked":"Bouncing Flask","floor":8},{"not_picked":["Cloak And Dagger","Catalyst"],"picked":"Infinite Blades","floor":14},{"not_picked":["Die Die Die","Unload"],"picked":"Glass Knife","floor":16},{"not_picked":["Outmaneuver","Tactician"],"picked":"Cloak And Dagger","floor":18},{"not_picked":["Choke","Slice","Flying Knee"],"picked":"SKIP","floor":20}],"player_experience":402258,"relics_obtained":[{"floor":8,"key":"PreservedInsect"},{"floor":9,"key":"Gremlin Horn"}],"event_choices":[{"damage_healed":0,"gold_gain":0,"player_choice":"Success","damage_taken":18,"relics_obtained":["Eternal Feather"],"max_hp_gain":0,"max_hp_loss":0,"event_name":"Scrap Ooze","floor":3,"gold_loss":0},{"damage_healed":0,"gold_gain":0,"cards_transformed":["Strike_G"],"player_choice":"Change","damage_taken":0,"max_hp_gain":0,"max_hp_loss":0,"event_name":"Living Wall","floor":7,"gold_loss":0,"cards_obtained":["Wraith Form v2"]},{"damage_healed":0,"gold_gain":150,"player_choice":"AGREE","damage_taken":0,"max_hp_gain":0,"max_hp_loss":0,"event_name":"Liars Game","floor":11,"gold_loss":0,"cards_obtained":["Doubt"]},{"damage_healed":0,"gold_gain":270,"player_choice":"GOLD GOLD GOLD ","damage_taken":27,"max_hp_gain":0,"max_hp_loss":0,"event_name":"Knowing Skull","floor":19,"potions_obtained":[],"gold_loss":0,"cards_obtained":[]}],"is_beta":false,"boss_relics":[{"not_picked":["Sozu","Ring of the Serpent"],"picked":"SacredBark"}],"items_purged_floors":[2,13],"is_endless":false,"potions_floor_spawned":[1,4,8,18],"killed_by":"3 Cultists","ascension_level":20}}