{"host":"tw7a6rmo9h75ssrt","time":1609797801,"event":{"mods":["AchievementEnabler","Act Like it!","BaseMod","Colored Map","Highlight Path","Minty Spire (QoL Compilation)","Permanent Neow","Quick Restart","Relic Stats","SuperFastMode"],"gold_per_floor":[119,137,154,154,167,182,201,212,212,212,212,223,223,242,242,338,338,349,349,364,289,289,289,316,316,398,408,421,421,439,29,29,130,130,149,149,160,12,12,38,51,51,51,51,68,68,86,97,97,97],"floor_reached":51,"playtime":6452,"items_purged":["Strike_R","Bash"],"score":871,"play_id":"04b1ef93-5a18-4a66-b75a-80f4030bb3d6","local_time":"20210105060321","is_ascension_mode":true,"campfire_choices":[{"data":"Uppercut","floor":11.0,"key":"SMITH"},{"data":"Flame Barrier","floor":13.0,"key":"SMITH"},{"data":"Reaper","floor":15.0,"key":"SMITH"},{"data":"Spot Weakness","floor":23.0,"key":"SMITH"},{"data":"Cleave","floor":25.0,"key":"SMITH"},{"data":"Swift Strike","floor":29.0,"key":"SMITH"},{"data":"Defend_R","floor":32.0,"key":"SMITH"},{"data":"Berserk","floor":42.0,"key":"SMITH"},{"data":"Burning Pact","floor":46.0,"key":"SMITH"},{"data":"Intimidate","floor":49,"key":"SMITH"}],"circlet_count":0,"master_deck":["Strike_R","Strike_R","Defend_R","Defend_R","Defend_R","Defend_R+1","Flame Barrier+1","Uppercut+1","Swift Strike+1","Reaper+1","Limit Break+1","Shockwave+1","Spot Weakness+1","Berserk+1","Intimidate+1","Burning Pact+1","Shrug It Off+1"],"relics":["Black Blood","NeowsBlessing","Meat on the Bone","HornCleat","Shuriken","Pocketwatch","Velvet Choker","ClockworkSouvenir","Ancient Tea Set","Unceasing Top"],"acts_visited":["Exordium","TheCity","TheBeyond"],"potions_floor_usage":[47,50,50],"damage_taken":[{"damage":0.0,"enemies":"Cultist","floor":1.0,"turns":1.0},{"damage":0.0,"enemies":"2 Louse","floor":2.0,"turns":1.0},{"damage":0.0,"enemies":"Jaw Worm","floor":3.0,"turns":1.0},{"damage":14.0,"enemies":"Red Slaver","floor":5.0,"turns":5.0},{"damage":8.0,"enemies":"Looter","floor":6.0,"turns":3.0},{"damage":29.0,"enemies":"Gremlin Gang","floor":7.0,"turns":6.0},{"damage":1.0,"enemies":"Blue Slaver","floor":8.0,"turns":5.0},{"damage":8.0,"enemies":"Red Slaver","floor":12.0,"turns":4.0},{"damage":8.0,"enemies":"3 Louse","floor":14.0,"turns":3.0},{"damage":30.0,"enemies":"Hexaghost","floor":16.0,"turns":9.0},{"damage":8.0,"enemies":"3 Byrds","floor":18.0,"turns":5.0},{"damage":17.0,"enemies":"Chosen","floor":20.0,"turns":6.0},{"damage":23.0,"enemies":"Gremlin Leader","floor":24.0,"turns":5.0},{"damage":9.0,"enemies":"Centurion and Healer","floor":27.0,"turns":4.0},{"damage":14.0,"enemies":"3 Cultists","floor":28.0,"turns":4.0},{"damage":8.0,"enemies":"Snake Plant","floor":30.0,"turns":3.0},{"damage":51.0,"enemies":"Automaton","floor":33.0,"turns":8.0},{"damage":14.0,"enemies":"3 Shapes","floor":35.0,"turns":5.0},{"damage":7.0,"enemies":"Orb Walker","floor":37.0,"turns":5.0},{"damage":50.0,"enemies":"Reptomancer","floor":40.0,"turns":6.0},{"damage":28.0,"enemies":"Maw","floor":41.0,"turns":8.0},{"damage":15.0,"enemies":"Transient","floor":45.0,"turns":5.0},{"damage":26,"enemies":"4 Shapes","floor":47,"turns":4},{"damage":1,"enemies":"Jaw Worm Horde","floor":48,"turns":3},{"damage":83,"enemies":"Donu and Deca","floor":50,"turns":9}],"seed_played":"-65181748463466026","potions_obtained":[{"floor":1.0,"key":"Block Potion"},{"floor":5.0,"key":"Swift Potion"},{"floor":8.0,"key":"ColorlessPotion"},{"floor":12.0,"key":"BloodPotion"},{"floor":14.0,"key":"AttackPotion"},{"floor":24.0,"key":"Explosive Potion"},{"floor":28.0,"key":"CultistPotion"},{"floor":33.0,"key":"Explosive Potion"},{"floor":35.0,"key":"Dexterity Potion"},{"floor":37.0,"key":"Strength Potion"},{"floor":40.0,"key":"DistilledChaos"},{"floor":48,"key":"AttackPotion"}],"is_trial":false,"path_per_floor":["M","M","M","?","M","M","M","M","T","?","R","M","R","M","R","B",null,"M","?","M","$","?","R","E","R","T","M","M","R","M","$","R","B",null,"M","?","M","$","?","E","M","R","T","$","M","R","M","M","R","B",null],"character_chosen":"IRONCLAD","items_purchased":["Pocketwatch","ClockworkSouvenir"],"campfire_rested":0,"item_purchase_floors":[31,38],"current_hp_per_floor":[80,80,80,80,72,70,54,59,59,59,59,61,61,63,63,53,80,80,80,80,80,80,80,80,80,80,80,78,78,80,80,80,53,80,80,80,80,80,80,62,80,80,80,80,77,77,80,80,80,53],"gold":97,"neow_bonus":"THREE_ENEMY_KILL","is_daily":false,"chose_seed":false,"campfire_upgraded":10,"win_rate":0.0,"timestamp":1609797801,"path_taken":["M","?","M","?","M","?","M","M","T","?","R","M","R","M","R","BOSS","M","?","M","$","?","R","E","R","T","M","?","R","M","$","R","BOSS","M","?","?","?","?","E","M","R","T","?","?","R","M","M","R","BOSS"],"items_purchased_type":["Relic","Relic"],"build_version":"2020-12-22","purchased_purges":2,"victory":true,"max_hp_per_floor":[80,80,80,80,80,80,80,80,80,80,80,80,80,80,80,80,80,80,80,80,80,80,80,80,80,80,80,80,80,80,80,80,80,80,80,80,80,80,80,80,80,80,80,80,80,80,80,80,80,80],"relic_stats":{"counters":[25,118],"Shuriken":[3],"Black Blood":150,"obtain_stats":[{"HornCleat":24,"NeowsBlessing":0,"Shuriken":26,"Black Blood":17,"Velvet Choker":34,"Ancient Tea Set":40,"Burning Blood":0,"Unceasing Top":43,"Meat on the Bone":9,"Pocketwatch":31,"ClockworkSouvenir":38},{"HornCleat":13,"NeowsBlessing":0,"Shuriken":13,"Black Blood":10,"Velvet Choker":17,"Ancient Tea Set":20,"Burning Blood":0,"Unceasing Top":21,"Meat on the Bone":7,"Pocketwatch":16,"ClockworkSouvenir":19},{"HornCleat":54,"NeowsBlessing":0,"Shuriken":54,"Black Blood":38,"Velvet Choker":73,"Ancient Tea Set":89,"Burning Blood":0,"Unceasing Top":97,"Meat on the Bone":22,"Pocketwatch":65,"ClockworkSouvenir":83}],"Unceasing Top":[2],"Meat on the Bone":24,"Pocketwatch":[81]},"card_choices":[{"not_picked":["Iron Wave","True Grit"],"picked":"Flame Barrier","floor":1.0},{"not_picked":["Havoc","Metallicize","Iron Wave"],"picked":"SKIP","floor":2.0},{"not_picked":["Carnage","Armaments"],"picked":"Uppercut","floor":3.0},{"not_picked":["Uppercut","Clash"],"picked":"Reaper","floor":5.0},{"not_picked":["Flex","Headbutt","Sword Boomerang"],"picked":"SKIP","floor":6.0},{"not_picked":["Clash","Offering","Shockwave"],"picked":"SKIP","floor":7.0},{"not_picked":["Infernal Blade","Anger","Sever Soul"],"picked":"SKIP","floor":8.0},{"not_picked":["Headbutt","Pummel","Twin Strike"],"picked":"SKIP","floor":12.0},{"not_picked":["Shrug It Off","Armaments","Sword Boomerang"],"picked":"SKIP","floor":14.0},{"not_picked":["Immolate","Reaper"],"picked":"Limit Break","floor":16.0},{"not_picked":["Perfected Strike","Reckless Charge"],"picked":"Shockwave+1","floor":18.0},{"not_picked":["Pommel Strike","Sentinel+1"],"picked":"Spot Weakness","floor":20.0},{"not_picked":["Shockwave","Spot Weakness+1","Sword Boomerang"],"picked":"SKIP","floor":24.0},{"not_picked":["Evolve","Pommel Strike","Twin Strike"],"picked":"SKIP","floor":27.0},{"not_picked":["Iron Wave","Intimidate","Shrug It Off"],"picked":"SKIP","floor":28.0},{"not_picked":["Rage","Warcry","Havoc"],"picked":"SKIP","floor":30.0},{"not_picked":["Bludgeon","Demon Form"],"picked":"Berserk","floor":33.0},{"not_picked":["Sword Boomerang+1","Armaments","Headbutt"],"picked":"SKIP","floor":35.0},{"not_picked":["Flex","Shrug It Off","Wild Strike+1"],"picked":"SKIP","floor":37.0},{"not_picked":["Flame Barrier+1","Clash+1"],"picked":"Burning Pact","floor":40.0},{"not_picked":["Power Through+1","Reckless Charge"],"picked":"Shrug It Off+1","floor":41.0},{"not_picked":["Rampage+1","Berserk","Flame Barrier"],"picked":"SKIP","floor":45.0},{"not_picked":["Whirlwind","Searing Blow+1","Twin Strike+1"],"picked":"SKIP","floor":47},{"not_picked":["Sword Boomerang+1","Hemokinesis+1","Metallicize"],"picked":"SKIP","floor":48}],"player_experience":13718,"relics_obtained":[{"floor":9.0,"key":"Meat on the Bone"},{"floor":24.0,"key":"HornCleat"},{"floor":26.0,"key":"Shuriken"},{"floor":40.0,"key":"Ancient Tea Set"},{"floor":43.0,"key":"Unceasing Top"}],"event_choices":[{"damage_healed":0.0,"max_hp_gain":0.0,"max_hp_loss":0.0,"gold_gain":0.0,"event_name":"Match and Keep!","player_choice":"1 cards matched","floor":4.0,"gold_loss":0.0,"damage_taken":0.0,"cards_obtained":["Swift Strike"]},{"damage_healed":0.0,"max_hp_gain":0.0,"max_hp_loss":0.0,"gold_gain":0.0,"cards_transformed":["Strike_R"],"event_name":"Transmorgrifier","player_choice":"Transformed","floor":10.0,"gold_loss":0.0,"damage_taken":0.0,"cards_obtained":["Cleave"]},{"damage_healed":0.0,"max_hp_gain":0.0,"max_hp_loss":0.0,"gold_gain":0.0,"event_name":"The Mausoleum","player_choice":"Ignored","floor":19.0,"gold_loss":0.0,"damage_taken":0.0},{"damage_healed":0.0,"max_hp_gain":0.0,"max_hp_loss":0.0,"gold_gain":0.0,"event_name":"Accursed Blacksmith","player_choice":"Forge","floor":22.0,"gold_loss":0.0,"damage_taken":0.0,"cards_upgraded":["Limit Break"]},{"damage_healed":0.0,"max_hp_gain":0.0,"max_hp_loss":0.0,"gold_gain":0.0,"cards_transformed":["Strike_R"],"event_name":"Transmorgrifier","player_choice":"Transformed","floor":36.0,"gold_loss":0.0,"damage_taken":0.0,"cards_obtained":["Intimidate"]},{"cards_removed":["Cleave"],"damage_healed":0.0,"max_hp_gain":0.0,"max_hp_loss":0.0,"gold_gain":0.0,"event_name":"Falling","player_choice":"Removed Attack","floor":39.0,"gold_loss":0.0,"damage_taken":0.0}],"is_beta":false,"boss_relics":[{"not_picked":["Runic Pyramid","SlaversCollar"],"picked":"Black Blood"},{"not_picked":["Tiny House","Black Star"],"picked":"Velvet Choker"}],"items_purged_floors":[21,31],"is_endless":false,"potions_floor_spawned":[1,5,8,12,14,24,28,33,35,37,40,48],"ascension_level":3}}