{"host":"7e64twihcj4u7qhg","time":1609788452,"event":{"mods":["Act Like it!","Bard","BaseMod","Better Note","BetterRewards","Card Forge","Clockwork Mod","Colored Map","Colored Powertips","Conspire","Custom Start","Energized Spire","Gensokyo","GungeonMod","Hallownest","Hubris","Infinite Spire","Koishi","Marisa????????","Minty Spire (QoL Compilation)","Quick Restart","Reimu??????","Replay The Spire","Shop Mod","Spikes Relics","StSLib","SuperFastMode","Swap Starting Deck Mod","The Saiyan","The Senshi","The Servant 0.9.4","Wandering Minibosses"],"gold_per_floor":[116,131,131,142,160,160,160,188,236,236,236,47,110,129,129,226,226,195,68,86,99,99,127,127,153,153,253,282,282,293,303,303,407,407,470,484,501,501,501,527,542,798,798,798,798,839,839,855,855,861],"floor_reached":51,"playtime":4461,"items_purged":[],"score":1023,"play_id":"242407f4-0ea5-4a0e-bc6e-ccc4a943c77e","local_time":"20210104142732","daily_mods":["Heirloom"],"is_ascension_mode":true,"campfire_choices":[{"data":"DemoMod:TeaPot","floor":6.0,"key":"SMITH"},{"floor":15.0,"key":"REST"},{"data":"DemoMod:FortunesFavor","floor":24.0,"key":"SMITH"},{"floor":32.0,"key":"REST"},{"data":"infinitespire:Fortify","floor":45,"key":"SMITH"},{"data":"hubris:EnhanceAbility","floor":49,"key":"SMITH"}],"circlet_count":0,"master_deck":["conspire:GhostlyStrike","conspire:GhostlyStrike","conspire:GhostlyDefend+1","conspire:GhostlyDefend+1","conspire:GhostlyDefend+1","conspire:GhostlyDefend+1","DemoMod:Roll","DemoMod:ManualReload","DemoMod:RustySidearm","DemoMod:CrossBow","DemoMod:DoubleSwitch","DemoMod:MachoBrace+1","DemoMod:TeaPot+1","Pot Of Greed","Pot Of Greed","DemoMod:FortunesFavor+1","hubris:EnhanceAbility+1","DemoMod:Ejector","DemoMod:GunslingerForm","DemoMod:HardPowerCard+1","DemoMod:SpreadAmmo+1","conspire:Blindness","Pot Of Greed","ReplayTheSpireMod:Restless Dread"],"relics":["DemoMod:Dog","Hammer of Thor","Seething Fire","Anvil of the Gods","DemoMod:Wolf","Grinning Jar","Anchor","Blue Doll","conspire:TreasureMap","Meat on the Bone","conspire:SpecialSausage","Bag of Marbles","theSenshi:SailorFukuRelic","White Beast Statue","Smiling Mask","hubris:GlazedTorus","StoneCalendar","BlackRope","infinitespire:PuzzleCube","Cursed Key","wanderingMiniBosses:ThiefScarf","Unceasing Top","Du-Vu Doll","DemoMod:Wolf","hubris:Icosahedron","ReplayTheSpireMod:Lightbulb","hubris:NiceRug","Replay:Bandana","Ancient Tea Set","hubris:EmptyBottle","Sundial","DemoMod:HoleyGrail","Replay:Bottled Eggs","DemoMod:Limited"],"acts_visited":["Exordium","Gensokyo:Gensokyoer","Gensokyo:Gensokyoest"],"potions_floor_usage":[41,46,46,50],"damage_taken":[{"damage":0.0,"enemies":"Cultist","floor":1.0,"turns":2.0},{"damage":0.0,"enemies":"Small Slimes","floor":2.0,"turns":2.0},{"damage":0.0,"enemies":"Jaw Worm","floor":4.0,"turns":2.0},{"damage":6.0,"enemies":"Lots of Slimes","floor":5.0,"turns":4.0},{"damage":10.0,"enemies":"Gremlin Nob","floor":8.0,"turns":3.0},{"damage":0.0,"enemies":"3 Sentries","floor":13.0,"turns":4.0},{"damage":0.0,"enemies":"Exordium Wildlife","floor":14.0,"turns":2.0},{"damage":13.0,"enemies":"Hexaghost","floor":16.0,"turns":7.0},{"damage":2.0,"enemies":"Gensokyo:CosmicMonolith","floor":18.0,"turns":6.0},{"damage":10.0,"enemies":"Gensokyo:Chomper","floor":20.0,"turns":4.0},{"damage":3.0,"enemies":"Gensokyo:Swordslinger","floor":21.0,"turns":4.0},{"damage":3.0,"enemies":"Gensokyo:Tenshi","floor":23.0,"turns":6.0},{"damage":0.0,"enemies":"Gensokyo:Reisen","floor":25.0,"turns":6.0},{"damage":0.0,"enemies":"Gensokyo:Reisen","floor":27.0,"turns":8.0},{"damage":8.0,"enemies":"Gensokyo:Koishi","floor":28.0,"turns":6.0},{"damage":0.0,"enemies":"Gensokyo:Wraith","floor":30.0,"turns":4.0},{"damage":0.0,"enemies":"Gensokyo:Monolith_and_Dog","floor":31.0,"turns":4.0},{"damage":34.0,"enemies":"Gensokyo:Kaguya","floor":33.0,"turns":7.0},{"damage":1.0,"enemies":"Gensokyo:3_Boulders","floor":35.0,"turns":6.0},{"damage":0.0,"enemies":"Gensokyo:3_Bats","floor":36.0,"turns":3.0},{"damage":2.0,"enemies":"Gensokyo:Dusk_and_Dawn","floor":37.0,"turns":5.0},{"damage":2,"enemies":"Nightmare","floor":40,"turns":4},{"damage":30,"enemies":"Gensokyo:Rafflesia","floor":41,"turns":6},{"damage":5,"enemies":"hubris:Merchant","floor":42,"turns":7},{"damage":0,"enemies":"Gensokyo:Doremy","floor":46,"turns":5},{"damage":0,"enemies":"Gensokyo:SeedOfUnknown","floor":48,"turns":4},{"damage":0,"enemies":"Gensokyo:Shinki","floor":50,"turns":8}],"seed_played":"-670734079003294644","potions_obtained":[{"floor":2.0,"key":"ColorlessPotion"},{"floor":5.0,"key":"Strength Potion"},{"floor":16.0,"key":"Languid Potion"},{"floor":20.0,"key":"Block Potion"},{"floor":21.0,"key":"SteroidPotion"},{"floor":23.0,"key":"Reflective Coating"},{"floor":25.0,"key":"DistilledChaos"},{"floor":28.0,"key":"Elixir"},{"floor":30.0,"key":"LiquidMemories"},{"floor":36.0,"key":"SpeedPotion"},{"floor":41,"key":"DemoMod:LeadSkinPotion"},{"floor":42,"key":"Block Potion"}],"is_trial":true,"path_per_floor":["M","M","?","M","M","R","?","E","T","?","$","$","E","M","R","B",null,"M","COS","M","M","?","E","R","E","T","?","E","?","M","M","R","B",null,"M","M","M","AVR","?","NM","M","$","T","T","R","E","?","M","R","B",null],"character_chosen":"HUNTRESS","items_purchased":["Fire Potion","Blue Doll","conspire:TreasureMap","hubris:EnhanceAbility","DemoMod:SpreadAmmo+1"],"campfire_rested":2,"item_purchase_floors":[11,11,11,12,42],"current_hp_per_floor":[70,70,70,70,64,64,64,54,54,38,15,15,15,27,48,47,70,68,68,58,55,55,52,52,52,52,52,44,44,44,44,65,43,70,69,69,67,67,67,65,47,48,48,48,48,54,64,64,64,64],"gold":861,"neow_bonus":"","is_daily":false,"chose_seed":false,"campfire_upgraded":4,"win_rate":0.0,"timestamp":1609788452,"path_taken":["M","M","?","M","M","R","?","E","T","?","?","$","E","?","R","BOSS","M","COS","M","M","?","E","R","E","T","?","E","?","M","M","R","BOSS","M","?","M","AVR","?","NM","M","$","T","?","R","E","?","M","R","BOSS"],"items_purchased_type":["Potion","Relic","Relic","Card","Card"],"build_version":"2020-12-22","purchased_purges":0,"victory":true,"max_hp_per_floor":[70,70,70,70,70,70,70,70,70,70,70,70,70,70,70,70,70,70,70,70,70,70,70,70,70,70,70,70,70,70,70,70,70,70,70,70,70,70,70,70,70,70,70,70,70,70,70,70,70,70],"card_choices":[{"not_picked":["DemoMod:BattleInHaste","DemoMod:RadGun"],"picked":"DemoMod:DoubleSwitch","floor":1.0},{"not_picked":["DemoMod:Ejector","DemoMod:Polaris"],"picked":"DemoMod:MachoBrace","floor":2.0},{"not_picked":["DemoMod:SuppressiveFire","DemoMod:AC15","DemoMod:FastSwitch"],"picked":"SKIP","floor":4.0},{"not_picked":["DemoMod:AC15","DemoMod:Ejector"],"picked":"DemoMod:TeaPot","floor":5.0},{"not_picked":["DemoMod:StickyCrossBow","DemoMod:TripleGun"],"picked":"DemoMod:FortunesFavor","floor":8.0},{"not_picked":["infinitespire:SevenWalls","infinitespire:Oblivion"],"picked":"infinitespire:Fortify","floor":10.0},{"not_picked":["DemoMod:RadGun","DemoMod:ConditionalReflex"],"picked":"DemoMod:Ejector","floor":13.0},{"not_picked":["DemoMod:BattleInHaste","DemoMod:ZorGun","DemoMod:AbyssalTentacle"],"picked":"SKIP","floor":14.0},{"not_picked":["DemoMod:BSG","DemoMod:ThirdPartyController"],"picked":"DemoMod:GunslingerForm","floor":16.0},{"not_picked":["DemoMod:FastSwitch","DemoMod:BoxingGlove","DemoMod:HighKaliber"],"picked":"SKIP","floor":18.0},{"not_picked":["DemoMod:ZorGun","DemoMod:DirectionalPad","DemoMod:StickyCrossBow"],"picked":"SKIP","floor":20.0},{"not_picked":["DemoMod:JK47+1","DemoMod:HuntsMan+1"],"picked":"DemoMod:HardPowerCard+1","floor":21.0},{"not_picked":["DemoMod:HardPowerCard","DemoMod:Unmoved","DemoMod:Ejector"],"picked":"SKIP","floor":23.0},{"not_picked":["DemoMod:StickyCrossBow+1","DemoMod:GunShield","DemoMod:ShadowBullets"],"picked":"SKIP","floor":25.0},{"not_picked":["DemoMod:Polaris","DemoMod:Behold!","DemoMod:GunstockTap"],"picked":"SKIP","floor":28.0},{"not_picked":["DemoMod:ConditionalReflex","DemoMod:FastSwitch","DemoMod:StickyCrossBow"],"picked":"SKIP","floor":30.0},{"not_picked":["DemoMod:Unmoved+1","DemoMod:SAA","DemoMod:GunstockTap"],"picked":"SKIP","floor":31.0},{"not_picked":["DemoMod:TableSutra+1","DemoMod:ProbeStrike","DemoMod:SAA"],"picked":"SKIP","floor":35.0},{"not_picked":["DemoMod:GunstockTap","DemoMod:ProbeStrike","DemoMod:AC15"],"picked":"SKIP","floor":36.0},{"not_picked":["DemoMod:JK47","DemoMod:ConditionalReflex","DemoMod:SAA+1"],"picked":"SKIP","floor":37.0},{"not_picked":["DemoMod:FastSwitch","DemoMod:Ejector","DemoMod:StickyCrossBow+1"],"picked":"SKIP","floor":40},{"not_picked":["DemoMod:AWP+1","DemoMod:FortunesFavor","DemoMod:TripleGun"],"picked":"SKIP","floor":41},{"not_picked":["DemoMod:AC15"],"picked":"SKIP","floor":42},{"not_picked":["DemoMod:BoxingGlove"],"picked":"SKIP","floor":42},{"not_picked":["DemoMod:GunShield"],"picked":"SKIP","floor":42},{"not_picked":["DemoMod:ShadowBullets"],"picked":"SKIP","floor":42},{"not_picked":["hubris:Ssssneak"],"picked":"SKIP","floor":42},{"not_picked":["DemoMod:Deposit"],"picked":"SKIP","floor":42},{"not_picked":["DemoMod:HighKaliber+1","DemoMod:DoubleVision","DemoMod:MachoBrace+1"],"picked":"SKIP","floor":46},{"not_picked":["DemoMod:ConditionalReflex+1","DemoMod:MachoBrace+1","DemoMod:BoxingGlove+1"],"picked":"SKIP","floor":48}],"player_experience":601138,"relics_obtained":[{"floor":8.0,"key":"Grinning Jar"},{"floor":9.0,"key":"Anchor"},{"floor":13.0,"key":"Meat on the Bone"},{"floor":23.0,"key":"Bag of Marbles"},{"floor":25.0,"key":"White Beast Statue"},{"floor":26.0,"key":"Smiling Mask"},{"floor":27.0,"key":"StoneCalendar"},{"floor":27.0,"key":"BlackRope"},{"floor":28.0,"key":"infinitespire:PuzzleCube"},{"floor":35.0,"key":"wanderingMiniBosses:ThiefScarf"},{"floor":35.0,"key":"Unceasing Top"},{"floor":40,"key":"ReplayTheSpireMod:Lightbulb"},{"floor":42,"key":"Replay:Bandana"},{"floor":42,"key":"Ancient Tea Set"},{"floor":42,"key":"hubris:EmptyBottle"},{"floor":43,"key":"Sundial"},{"floor":44,"key":"DemoMod:HoleyGrail"},{"floor":46,"key":"Replay:Bottled Eggs"}],"event_choices":[{"damage_healed":0.0,"max_hp_gain":0.0,"max_hp_loss":0.0,"gold_gain":0.0,"event_name":"conspire:LoneGhost","player_choice":"Agree","floor":3.0,"gold_loss":0.0,"damage_taken":0.0},{"damage_healed":0.0,"max_hp_gain":0.0,"max_hp_loss":0.0,"gold_gain":0.0,"event_name":"Living Wall","player_choice":"Grow","floor":7.0,"gold_loss":0.0,"damage_taken":0.0,"cards_upgraded":["DemoMod:MachoBrace"]}],"is_beta":false,"boss_relics":[{"not_picked":["energizedSpire:DeadBattery","Fusion Hammer"],"picked":"conspire:SpecialSausage"},{"not_picked":["energizedSpire:EnergizedDie","ChewingGum"],"picked":"Cursed Key"}],"items_purged_floors":[],"is_endless":false,"potions_floor_spawned":[2,5,16,20,21,23,25,28,30,31,33,36,37,40,41,46,48],"ascension_level":2}}