{"host":"dmdprxj8bosbz96f","time":1609771325,"event":{"mods":["AchievementEnabler","BaseMod","Colored Map","DeckTracker","Minty Spire (QoL Compilation)","Quick Restart","SuperFastMode","everything is the same but u backflip on backflip"],"gold_per_floor":[110,126,73,73,97,97,97,97,97,97,117,180,198,212,212,312,312,327,98,13,13,33,53,53,53],"floor_reached":24,"playtime":1019,"items_purged":["Barrage"],"score":186,"play_id":"9919856c-1f75-420f-9e28-c7e3baf6c845","local_time":"20210104234205","is_ascension_mode":false,"campfire_choices":[{"data":"Redo","floor":7,"key":"SMITH"},{"floor":10,"key":"REST"},{"floor":15,"key":"REST"}],"circlet_count":0,"master_deck":["Strike_B","Strike_B","Strike_B","Strike_B","Defend_B+1","Defend_B","Defend_B","Defend_B","Dualcast+1","Undo","Redo+1","Hologram","Static Discharge","Redo","Darkness+1"],"relics":["Cracked Core","NeowsBlessing","Dream Catcher","War Paint","MealTicket","Pantograph","Runic Pyramid","Orichalcum","Torii"],"acts_visited":["Exordium","TheCity"],"potions_floor_usage":[12,12,16,23],"damage_taken":[{"damage":0,"enemies":"Small Slimes","floor":1,"turns":1},{"damage":0,"enemies":"Jaw Worm","floor":2,"turns":1},{"damage":0,"enemies":"Cultist","floor":11,"turns":1},{"damage":72,"enemies":"Gremlin Nob","floor":12,"turns":7},{"damage":0,"enemies":"2 Fungi Beasts","floor":13,"turns":5},{"damage":0,"enemies":"Blue Slaver","floor":14,"turns":4},{"damage":61,"enemies":"Hexaghost","floor":16,"turns":12},{"damage":23,"enemies":"Shell Parasite","floor":18,"turns":10},{"damage":35,"enemies":"2 Thieves","floor":22,"turns":4},{"damage":20,"enemies":"3 Cultists","floor":23,"turns":4},{"damage":25,"enemies":"Shelled Parasite and Fungi","floor":24,"turns":3}],"seed_played":"-4253358666198575583","potions_obtained":[{"floor":1,"key":"Fruit Juice"},{"floor":2,"key":"SpeedPotion"},{"floor":12,"key":"FearPotion"},{"floor":16,"key":"FearPotion"},{"floor":22,"key":"PowerPotion"}],"is_trial":false,"path_per_floor":["M","M","$","?","T","?","R","?","T","R","M","?","M","M","R","B",null,"M","$","?","?","M","M","M"],"character_chosen":"DEFECT","items_purchased":["Redo","Orichalcum"],"campfire_rested":2,"item_purchase_floors":[3,19],"current_hp_per_floor":[75,75,75,68,68,73,73,73,73,80,80,13,13,13,38,2,85,62,77,77,77,42,22,0,0],"gold":53,"neow_bonus":"THREE_ENEMY_KILL","is_daily":false,"chose_seed":false,"campfire_upgraded":1,"win_rate":0.0,"timestamp":1609771325,"path_taken":["M","M","$","?","?","?","R","?","T","R","?","?","M","M","R","BOSS","M","$","?","?","M","M","M"],"items_purchased_type":["Card","Relic"],"build_version":"2020-12-22","purchased_purges":1,"victory":false,"max_hp_per_floor":[75,75,75,75,75,80,80,80,80,80,80,85,85,85,85,85,85,85,85,85,85,85,85,85,85],"card_choices":[{"not_picked":["FTL","Turbo","Rip and Tear"],"picked":"SKIP","floor":1},{"not_picked":["Barrage","Auto Shields"],"picked":"Undo","floor":2},{"not_picked":["Scrape","Conserve Battery","Storm"],"picked":"SKIP","floor":11},{"not_picked":["Steam","Heatsinks","Streamline"],"picked":"SKIP","floor":13},{"not_picked":["Barrage","Beam Cell"],"picked":"Hologram","floor":14},{"not_picked":["Streamline","Glacier"],"picked":"Static Discharge","floor":15},{"not_picked":["Ball Lightning","Blizzard","Streamline"],"picked":"SKIP","floor":18},{"not_picked":["Ball Lightning","Beam Cell+1"],"picked":"Darkness+1","floor":22},{"not_picked":["Cold Snap","Scrape+1","Rebound"],"picked":"SKIP","floor":23}],"player_experience":121587,"relics_obtained":[{"floor":5,"key":"War Paint"},{"floor":9,"key":"MealTicket"},{"floor":12,"key":"Pantograph"}],"event_choices":[{"damage_healed":0,"gold_gain":0,"player_choice":"Success","damage_taken":7,"relics_obtained":["Dream Catcher"],"max_hp_gain":0,"max_hp_loss":0,"event_name":"Scrap Ooze","floor":4,"gold_loss":0},{"damage_healed":0,"gold_gain":0,"player_choice":"Donut","damage_taken":0,"max_hp_gain":5,"max_hp_loss":0,"event_name":"Big Fish","floor":6,"gold_loss":0},{"damage_healed":0,"gold_gain":0,"cards_transformed":["Zap"],"player_choice":"Transformed","damage_taken":0,"max_hp_gain":0,"max_hp_loss":0,"event_name":"Transmorgrifier","floor":8,"gold_loss":0,"cards_obtained":["Barrage"]},{"damage_healed":0,"gold_gain":0,"player_choice":"Searched \u00272\u0027 times","damage_taken":0,"max_hp_gain":0,"max_hp_loss":0,"event_name":"Dead Adventurer","floor":12,"gold_loss":0},{"damage_healed":0,"gold_gain":0,"player_choice":"Obtained Relic","damage_taken":0,"relics_obtained":["Torii"],"max_hp_gain":0,"max_hp_loss":0,"event_name":"Addict","floor":20,"gold_loss":85},{"damage_healed":0,"gold_gain":0,"player_choice":"1 cards matched","damage_taken":0,"max_hp_gain":0,"max_hp_loss":0,"event_name":"Match and Keep!","floor":21,"gold_loss":0,"cards_obtained":["Redo"]}],"is_beta":false,"boss_relics":[{"not_picked":["Nuclear Battery","Black Star"],"picked":"Runic Pyramid"}],"items_purged_floors":[19],"is_endless":false,"potions_floor_spawned":[1,2,12,16,22],"killed_by":"Shelled Parasite and Fungi","ascension_level":0}}