{"host":"ln76an1o32p2wxtf","time":1609776392,"event":{"mods":["AchievementEnabler","Act Like it!","BaseMod","BetterRewards","Colored Powertips","Energized Spire","GifTheSpireLib","Infinite Spire","Minty Spire (QoL Compilation)","Shop Mod","StSLib"],"gold_per_floor":[111,123,133,152,77,77,109,109,109,140,159,234,234,247,247,366,366,383,395,406,423,433,433,459,459,486,500,528,539,574,317,317,412,412,425,476,490,490,502,502,537,537,537,412,412,412],"floor_reached":45,"playtime":2915,"items_purged":["Strike_P","Strike_P","Defend_P+1","Defend_P"],"score":595,"play_id":"03a07ae0-3764-4e81-94d5-1bf9e2f7e979","local_time":"20210105000632","is_ascension_mode":true,"campfire_choices":[{"floor":6,"key":"RECALL"},{"data":"BattleHymn","floor":8,"key":"SMITH"},{"floor":15,"key":"REST"},{"floor":23,"key":"REST"},{"floor":25,"key":"REST"},{"floor":32,"key":"REST"},{"floor":40,"key":"REST"},{"floor":42,"key":"REST"}],"circlet_count":0,"master_deck":["Strike_P+1","Defend_P+1","Eruption","Vigilance+1","Prostrate+1","CutThroughFate+1","Worship+1","BattleHymn+1","ForeignInfluence","LessonLearned","Prostrate+1","Consecrate+1","LessonLearned","Pray+1","CutThroughFate","Consecrate","ConjureBlade+1","Pray","Devotion","Prostrate+1","Pray","infinitespire:NeuralNetwork","Fasting2"],"relics":["Philosopher\u0027s Stone","Centennial Puzzle","Letter Opener","infinitespire:ShieldingShard","energizedSpire:MagnifyingGlass","WingedGreaves","Nunchaku","CloakClasp","Regal Pillow","energizedSpire:DeadBattery","Ginger","Empty Cage","Bottled Flame","White Beast Statue"],"acts_visited":["Exordium","TheCity","TheBeyond"],"potions_floor_usage":[45],"damage_taken":[{"damage":0,"enemies":"Small Slimes","floor":1,"turns":2},{"damage":4,"enemies":"infinitespire:Voidling","floor":2,"turns":3},{"damage":3,"enemies":"Jaw Worm","floor":3,"turns":4},{"damage":0,"enemies":"Looter","floor":4,"turns":4},{"damage":12,"enemies":"Lagavulin","floor":7,"turns":8},{"damage":11,"enemies":"Gremlin Nob","floor":10,"turns":3},{"damage":2,"enemies":"Blue Slaver","floor":11,"turns":2},{"damage":9,"enemies":"Exordium Thugs","floor":14,"turns":3},{"damage":0,"enemies":"Slime Boss","floor":16,"turns":5},{"damage":12,"enemies":"Spheric Guardian","floor":18,"turns":3},{"damage":12,"enemies":"2 Thieves","floor":19,"turns":4},{"damage":0,"enemies":"Sentry and Sphere","floor":20,"turns":3},{"damage":15,"enemies":"Snake Plant","floor":21,"turns":4},{"damage":2,"enemies":"Shelled Parasite and Fungi","floor":22,"turns":3},{"damage":15,"enemies":"Book of Stabbing","floor":24,"turns":4},{"damage":0,"enemies":"Centurion and Healer","floor":27,"turns":4},{"damage":17,"enemies":"Gremlin Leader","floor":28,"turns":5},{"damage":0,"enemies":"Sentry and Sphere","floor":29,"turns":4},{"damage":8,"enemies":"Book of Stabbing","floor":30,"turns":3},{"damage":50,"enemies":"Champ","floor":33,"turns":8},{"damage":25,"enemies":"3 Shapes","floor":35,"turns":3},{"damage":4,"enemies":"2 Orb Walkers","floor":36,"turns":4},{"damage":4,"enemies":"Orb Walker","floor":37,"turns":3},{"damage":21,"enemies":"3 Darklings","floor":39,"turns":4},{"damage":5,"enemies":"Giant Head","floor":41,"turns":5},{"damage":99,"enemies":"Nightmare","floor":45,"turns":5}],"seed_played":"5971102299010838958","potions_obtained":[{"floor":3,"key":"BottledMiracle"},{"floor":10,"key":"BlessingOfTheForge"},{"floor":13,"key":"EntropicBrew"},{"floor":24,"key":"FairyPotion"}],"is_trial":false,"path_per_floor":["M","M","M","M","$","R","E","R","T","E","M","?","?","M","R","B",null,"M","M","M","M","M","R","E","R","T","M","E","M","E","$","R","B",null,"M","?","M","AVR","M","R","E","R","T","$","NM"],"character_chosen":"WATCHER","items_purchased":["Regal Pillow"],"campfire_rested":6,"item_purchase_floors":[31],"current_hp_per_floor":[72,72,69,69,69,69,57,57,57,46,44,33,33,24,45,45,72,60,48,48,33,31,52,37,58,58,58,41,41,33,33,69,19,72,47,43,39,39,18,54,49,72,72,72,0,0],"gold":412,"neow_bonus":"BOSS_RELIC","is_daily":false,"chose_seed":false,"campfire_upgraded":1,"win_rate":0.0,"timestamp":1609776392,"path_taken":["M","M","M","M","$","R","E","R","T","E","M","?","?","M","R","BOSS","M","M","M","M","M","R","E","R","T","?","E","M","E","$","R","BOSS","M","?","M","AVR","M","R","E","R","T","$","NM"],"items_purchased_type":["Relic"],"build_version":"2020-12-22","purchased_purges":4,"victory":false,"max_hp_per_floor":[72,72,72,72,72,72,72,72,72,72,72,72,72,72,72,72,72,72,72,72,72,72,72,72,72,72,72,72,72,72,72,72,72,72,72,72,72,72,72,72,72,72,72,72,72,72],"card_choices":[{"not_picked":["PathToVictory","Evaluate","EmptyBody"],"picked":"SKIP","floor":1},{"not_picked":["EmptyFist","InnerPeace"],"picked":"Prostrate","floor":2},{"not_picked":["Swivel","Protect"],"picked":"CutThroughFate","floor":3},{"not_picked":["ClearTheMind","MasterReality"],"picked":"Worship","floor":4},{"not_picked":["Prostrate","JustLucky"],"picked":"BattleHymn","floor":7},{"not_picked":["ThirdEye","Fasting2","JustLucky"],"picked":"SKIP","floor":10},{"not_picked":["Halt","BowlingBash"],"picked":"ForeignInfluence","floor":11},{"not_picked":["InnerPeace","Wallop","WreathOfFlame"],"picked":"SKIP","floor":14},{"not_picked":["Establishment","Blasphemy"],"picked":"LessonLearned","floor":16},{"not_picked":["Protect+1","EmptyFist","CrushJoints+1"],"picked":"SKIP","floor":18},{"not_picked":["SashWhip+1","WindmillStrike"],"picked":"Prostrate","floor":19},{"not_picked":["FlurryOfBlows","PathToVictory+1"],"picked":"Consecrate","floor":20},{"not_picked":["FearNoEvil","Protect+1"],"picked":"LessonLearned","floor":21},{"not_picked":["DeceiveReality+1","TalkToTheHand"],"picked":"Pray","floor":22},{"not_picked":["ThirdEye+1","Consecrate"],"picked":"CutThroughFate","floor":24},{"not_picked":["FollowUp+1","BowlingBash","EmptyFist"],"picked":"SKIP","floor":27},{"not_picked":["WheelKick","FlyingSleeves+1"],"picked":"Consecrate","floor":28},{"not_picked":["MentalFortress","Fasting2"],"picked":"ConjureBlade","floor":29},{"not_picked":["EmptyBody+1","Adaptation"],"picked":"Pray","floor":30},{"not_picked":["Establishment","ConjureBlade"],"picked":"Devotion","floor":33},{"not_picked":["ThirdEye","ReachHeaven+1","LikeWater+1"],"picked":"SKIP","floor":35},{"not_picked":["FlurryOfBlows+1","EmptyMind"],"picked":"Prostrate+1","floor":36},{"not_picked":["CutThroughFate+1","ThirdEye"],"picked":"Pray","floor":37},{"not_picked":["EmptyBody","Consecrate","Collect"],"picked":"SKIP","floor":39},{"not_picked":["CarveReality","Halt"],"picked":"Fasting2","floor":41}],"player_experience":679411,"relics_obtained":[{"floor":7,"key":"Centennial Puzzle"},{"floor":9,"key":"Letter Opener"},{"floor":10,"key":"infinitespire:ShieldingShard"},{"floor":24,"key":"WingedGreaves"},{"floor":28,"key":"Nunchaku"},{"floor":30,"key":"CloakClasp"},{"floor":36,"key":"Ginger"},{"floor":41,"key":"Bottled Flame"},{"floor":43,"key":"White Beast Statue"}],"event_choices":[{"damage_healed":0,"gold_gain":75,"player_choice":"Gather Gold","damage_taken":11,"max_hp_gain":0,"max_hp_loss":0,"event_name":"World of Goop","floor":12,"gold_loss":0},{"damage_healed":0,"gold_gain":0,"player_choice":"Got Potions","damage_taken":0,"max_hp_gain":0,"max_hp_loss":0,"event_name":"Lab","floor":13,"gold_loss":0},{"damage_healed":0,"gold_gain":0,"player_choice":"Fight","damage_taken":0,"max_hp_gain":0,"max_hp_loss":0,"event_name":"Mysterious Sphere","floor":36,"gold_loss":0}],"is_beta":false,"boss_relics":[{"not_picked":["SacredBark","Busted Crown"],"picked":"energizedSpire:MagnifyingGlass"},{"not_picked":["energizedSpire:BlackCloud","energizedSpire:StickyHand"],"picked":"energizedSpire:DeadBattery"}],"items_purged_floors":[5,31,38,44],"is_endless":false,"potions_floor_spawned":[3,10,14,20,21,24,27,33,35,37,41],"killed_by":"Nightmare","ascension_level":1}}