{"host":"3498uni0c31c9bdm","time":1609772846,"event":{"mods":["BaseMod","Better Third Choice","Minty Spire (QoL Compilation)","Replay The Spire","StSLib"],"gold_per_floor":[116,127,146,163,181,181,196,227,227,258,319,330,330,330,330,330,330],"floor_reached":16,"playtime":877,"items_purged":[],"score":148,"play_id":"3f62d56c-8c84-44f1-bd7d-2dafa38fc6ed","local_time":"20210105020726","is_ascension_mode":true,"campfire_choices":[{"floor":6,"key":"REST"},{"floor":13,"key":"REST"},{"floor":15,"key":"REST"}],"circlet_count":0,"master_deck":["Strike_R","Strike_R","Strike_R","Strike_R","Strike_R+1","Defend_R","Defend_R","Defend_R","Defend_R","Bash","Flex","Fire Breathing","Clothesline","ReplayTheSpireMod:Muscle Training+1","Heavy Blade","Intimidate","Cleave","Dual Wield","Replay:Undeath\u0027s Touch","Dropkick","Replay:Vibes"],"relics":["Burning Blood","Happy Flower","The Courier","Omamori","Replay:Rubber Ducky","Replay:Bottled Eggs"],"acts_visited":["Exordium"],"potions_floor_usage":[11,11,12],"damage_taken":[{"damage":1,"enemies":"Cultist","floor":1,"turns":3},{"damage":3,"enemies":"2 Louse","floor":2,"turns":3},{"damage":5,"enemies":"Small Slimes","floor":3,"turns":2},{"damage":18,"enemies":"Red Slaver","floor":4,"turns":5},{"damage":33,"enemies":"Lots of Slimes","floor":5,"turns":6},{"damage":5,"enemies":"Gremlin Gang","floor":7,"turns":4},{"damage":32,"enemies":"Gremlin Nob","floor":8,"turns":5},{"damage":26,"enemies":"Replay:BlueRogue","floor":10,"turns":6},{"damage":16,"enemies":"Gremlin Nob","floor":11,"turns":3},{"damage":7,"enemies":"Blue Slaver","floor":12,"turns":4},{"damage":41,"enemies":"Hexaghost","floor":16,"turns":9}],"seed_played":"8558443385148226632","potions_obtained":[{"floor":2,"key":"Fire Potion"},{"floor":4,"key":"SpeedPotion"},{"floor":8,"key":"BlessingOfTheForge"}],"is_trial":false,"path_per_floor":["M","M","M","M","M","R","M","E","T","E","?","M","R","?","R","B"],"character_chosen":"IRONCLAD","items_purchased":[],"campfire_rested":3,"item_purchase_floors":[],"current_hp_per_floor":[77,80,80,68,41,65,66,40,40,20,10,9,33,16,40,0,0],"gold":330,"neow_bonus":"RANDOM_EVENT","is_daily":false,"chose_seed":false,"campfire_upgraded":0,"win_rate":0.0,"timestamp":1609772846,"path_taken":["M","?","M","M","M","R","M","E","T","E","?","M","R","?","R","BOSS"],"items_purchased_type":[],"build_version":"2020-12-22","purchased_purges":0,"victory":false,"max_hp_per_floor":[80,80,80,80,80,80,80,80,80,80,80,80,80,80,80,80,80],"card_choices":[{"not_picked":["Combust","Massacre"],"picked":"Flex","floor":1},{"not_picked":["Thunderclap","Run Through"],"picked":"Fire Breathing","floor":2},{"not_picked":["Metallicize","Rage"],"picked":"Clothesline","floor":3},{"not_picked":["Clothesline","Warcry"],"picked":"ReplayTheSpireMod:Muscle Training","floor":4},{"not_picked":["Havoc","Replay:Many Hands"],"picked":"Heavy Blade","floor":5},{"not_picked":["Ghostly Armor","Flex"],"picked":"Intimidate","floor":7},{"not_picked":["Intimidate","Clash"],"picked":"Cleave","floor":8},{"not_picked":["Flex","Shrug It Off"],"picked":"Dual Wield","floor":10},{"not_picked":["Headbutt","Pommel Strike"],"picked":"Replay:Undeath\u0027s Touch","floor":11},{"not_picked":["Perfected Strike","Blood for Blood"],"picked":"Dropkick","floor":12}],"player_experience":652531,"relics_obtained":[{"floor":8,"key":"Happy Flower"},{"floor":9,"key":"The Courier"},{"floor":10,"key":"Omamori"},{"floor":11,"key":"Replay:Rubber Ducky"}],"event_choices":[{"damage_healed":0,"gold_gain":0,"player_choice":"Searched \u00271\u0027 times","damage_taken":0,"max_hp_gain":0,"max_hp_loss":0,"event_name":"Dead Adventurer","floor":11,"gold_loss":0}],"is_beta":false,"boss_relics":[],"items_purged_floors":[],"is_endless":false,"potions_floor_spawned":[2,4,8,10],"killed_by":"Hexaghost","ascension_level":6}}