{"host":"94qggqh0xz0sp6ai","time":1609734293,"event":{"mods":["Abigail Mod","Act Like it!","BaseMod","CapriCore","Downfall","Friendly Minions","Gensokyo","Hermit","Jorbs\u0027s Wanderer Trilogy","Koishi","Marisa（霧雨　魔理沙）","Minty Spire (QoL Compilation)","Permanent Neow","Reimu（博??梦）","StSLib","The Alterego","The Construct","The Cursed","The Hierophant","The Immortal","The Senshi","The Servant 0.9.4","TheBandit","Waifu the Spire"],"gold_per_floor":[11,29,45,45,8,37,37,37,37,65,65,99,99,114,114,114,114],"floor_reached":16,"playtime":464,"items_purged":[],"score":201,"play_id":"ce44d781-9da1-483d-8c34-e41c15b9c58f","local_time":"20210103222453","is_ascension_mode":true,"campfire_choices":[{"floor":8,"key":"REST"},{"data":"Koishi:FidgetySnatcher","floor":11,"key":"SMITH"},{"data":"Koishi:BramblyRoseGarden","floor":13,"key":"SMITH"},{"data":"Koishi:DanmakuParanoia","floor":15,"key":"SMITH"}],"circlet_count":0,"master_deck":["AscendersBane","Koishi:BasicStrike","Koishi:BasicStrike","Koishi:BasicStrike","Koishi:BasicStrike","Koishi:BasicDefend","Koishi:BasicDefend","Koishi:BasicDefend","Koishi:BasicDefend","Koishi:Provoke","Koishi:HauntingSlash","Koishi:TerrifyingSpectre+1","Koishi:FidgetySnatcher+1","Koishi:StingingMind","Koishi:DanmakuParanoia+1","Koishi:BramblyRoseGarden+1","Koishi:TraumaticStroke","Koishi:PredatoryInstincts","Koishi:TremblingHands+1","Koishi:HeartfeltFancy"],"relics":["Koishi:ImaginaryFriend","Darkstone Periapt","Koishi:LettersToReimu","Unceasing Top","Molten Egg 2"],"acts_visited":["Exordium"],"potions_floor_usage":[6,12,16,16],"damage_taken":[{"damage":0,"enemies":"Cultist","floor":1,"turns":6},{"damage":9,"enemies":"Jaw Worm","floor":2,"turns":5},{"damage":0,"enemies":"2 Louse","floor":3,"turns":2},{"damage":31,"enemies":"Gremlin Nob","floor":6,"turns":7},{"damage":11,"enemies":"Lagavulin","floor":10,"turns":7},{"damage":18,"enemies":"3 Sentries","floor":12,"turns":8},{"damage":15,"enemies":"Lots of Slimes","floor":14,"turns":4},{"damage":26,"enemies":"Slime Boss","floor":16,"turns":3}],"seed_played":"-1039722245099076515","potions_obtained":[{"floor":1,"key":"BlessingOfTheForge"},{"floor":10,"key":"Slimebound:ThreeZeroPotion"},{"floor":12,"key":"Energy Potion"},{"floor":14,"key":"FearPotion"}],"is_trial":false,"path_per_floor":["M","M","M","?","$","E","$","R","T","E","R","E","R","M","R","B"],"character_chosen":"KOISHI","items_purchased":["Koishi:BramblyRoseGarden"],"campfire_rested":1,"item_purchase_floors":[5],"current_hp_per_floor":[53,47,48,48,48,22,22,39,39,38,38,33,33,26,26,0,0],"gold":114,"neow_bonus":"THREE_RARE_CARDS","is_daily":false,"chose_seed":false,"campfire_upgraded":3,"win_rate":0.0,"timestamp":1609734293,"path_taken":["M","M","?","?","?","E","?","R","T","E","R","E","R","M","R","BOSS"],"items_purchased_type":["Card"],"build_version":"2020-12-22","purchased_purges":0,"victory":false,"max_hp_per_floor":[57,57,57,57,57,57,57,57,57,57,57,57,57,57,57,57,57],"card_choices":[{"not_picked":["Koishi:RollingInRichesHeart","Koishi:ImGoingToCallYouNow"],"picked":"Koishi:TerrifyingSpectre","floor":0},{"not_picked":["Koishi:StrangeCloudFist","Koishi:RacingHeart"],"picked":"Koishi:FidgetySnatcher","floor":1},{"not_picked":["Koishi:Vanish","Koishi:SubterraneanRose"],"picked":"Koishi:StingingMind","floor":2},{"not_picked":["Koishi:ReflexRadar","Koishi:EmbersOfLove"],"picked":"Koishi:DanmakuParanoia","floor":3},{"not_picked":["Koishi:CatchAndRose","Koishi:ReflexRadar"],"picked":"Koishi:TraumaticStroke","floor":6},{"not_picked":["Koishi:DreadfulBlow","Koishi:FleetingPhantom"],"picked":"Koishi:PredatoryInstincts","floor":10},{"not_picked":["Koishi:ImGoingToCallYouNow","Koishi:PerfectMindControl"],"picked":"Koishi:TremblingHands+1","floor":12},{"not_picked":["Koishi:ReleaseOfTheId","Koishi:DreadfulBlow+1"],"picked":"Koishi:HeartfeltFancy","floor":14}],"player_experience":1401090,"relics_obtained":[{"floor":6,"key":"Darkstone Periapt"},{"floor":9,"key":"Koishi:LettersToReimu"},{"floor":10,"key":"Unceasing Top"},{"floor":12,"key":"Molten Egg 2"}],"event_choices":[{"damage_healed":0,"gold_gain":0,"player_choice":"Upgraded","damage_taken":0,"max_hp_gain":0,"max_hp_loss":0,"event_name":"Upgrade Shrine","floor":4,"gold_loss":0,"cards_upgraded":["Koishi:TerrifyingSpectre"]}],"is_beta":false,"boss_relics":[],"items_purged_floors":[],"is_endless":false,"potions_floor_spawned":[1,10,12,14],"killed_by":"Slime Boss","ascension_level":14}}