{"host":"mdxxh7xrx9vr3ma8","time":1609803926,"event":{"mods":["AchievementEnabler","Act Like it!","Aspiration","BaseMod","Beaked The Cultist","Better Altar","Better Match","Better Note","Better Sensory Stone","Better Skull","Better Third Choice","BetterRewards","CCEM","Challenge The Spire","Colored Map","Colored Powertips","Conspire","Downfall","Friendly Minions","GifTheSpireLib","Googly Eyes","Halation","Hallownest","Hermit","Hero for Fun","Highlight Path","Hubris","Hunter ??","Infinite Spire","Jedi Mod","Jorbs\u0027s Wanderer Trilogy","Lobotomy","Marisa????????","Mimic Mod","Minty Spire (QoL Compilation)","Rare Cards Sparkle","Relic Sorter","Replay The Spire","Shade Mod","Shop Mod","Spicy Shops","StSLib","Stuff the Spire","SuperFastMode","Synergy Search","The Administrix","The Animator","The Bug Knight","The Construct","The Cursed","The Disciple","The Hierophant","The IronCluck","The Mystic","The Necromancer","The Problem Sleuth","The Servant 0.9.4","The Spell Scribe","The Witch","everything is the same but u backflip on backflip","vexMod"],"gold_per_floor":[114,39,39,39,39,77,77,105,105,105,105,119,133,133,115,115,115,115,115],"floor_reached":18,"playtime":2614,"items_purged":[],"score":133,"play_id":"6decb4b0-f764-45c0-8128-6e35fc456780","local_time":"20210104154526","is_ascension_mode":false,"campfire_choices":[{"data":"animator:Sebas","floor":7,"key":"SMITH"},{"data":"animator:Pride","floor":14,"key":"SMITH"},{"floor":17,"key":"REST"}],"circlet_count":0,"master_deck":["animator:Defend_Konosuba","animator:Strike","animator:Strike","animator:Strike+1","animator:Defend","animator:Defend","animator:Defend","animator:Kazuma","animator:Aqua","animator:Kaijin","animator:Lelouch","animator:Sebas+1","animator:Laby","animator:Pride+1","animator:Darkness"],"relics":["animator:LivingPicture","animator:TheMissingPiece","aspiration:Lifesprig","Sozu","Golden Idol","StuffTheSpire:ForceGauntlet","hubris:SphereOfDissonance","MealTicket","Sozu"],"acts_visited":["Exordium"],"potions_floor_usage":[],"damage_taken":[{"damage":0,"enemies":"Jaw Worm","floor":1,"turns":10},{"damage":0,"enemies":"Lagavulin","floor":6,"turns":8},{"damage":0,"enemies":"Cultist","floor":8,"turns":4},{"damage":0,"enemies":"2 Louse","floor":12,"turns":2},{"damage":0,"enemies":"Blue Slaver","floor":13,"turns":4},{"damage":0,"enemies":"Looter","floor":15,"turns":5},{"damage":73,"enemies":"The Guardian","floor":18,"turns":30}],"seed_played":"-5000319038153274303","potions_obtained":[],"is_trial":false,"path_per_floor":["M","?","?","$","?","E","R","M","PTL","PTL","T","M","M","R","M","T","R","B"],"character_chosen":"THE_ANIMATOR","items_purchased":[],"campfire_rested":1,"item_purchase_floors":[],"current_hp_per_floor":[66,66,50,50,50,52,52,54,54,54,54,54,56,56,58,58,66,0,0],"gold":115,"neow_bonus":"RANDOM_COMMON_RELIC","is_daily":false,"chose_seed":false,"campfire_upgraded":2,"win_rate":0.0,"timestamp":1609803926,"path_taken":["M","?","?","$","?","E","R","M","PTL","PTL","T","M","?","R","M","?","R","BOSS"],"items_purchased_type":[],"build_version":"2020-12-22","purchased_purges":0,"victory":false,"max_hp_per_floor":[66,66,66,66,66,66,66,66,66,66,66,66,66,66,66,66,66,66,66],"card_choices":[{"not_picked":["animator:Sloth","animator:Benimaru"],"picked":"animator:Kaijin","floor":1},{"not_picked":["animator:Gluttony","animator:Ara"],"picked":"animator:Sebas","floor":6},{"not_picked":["animator:MumenRider","animator:GuildGirl"],"picked":"animator:Laby","floor":8},{"not_picked":["animator:ElricEdward","animator:ElricAlphonse"],"picked":"animator:Pride","floor":12},{"not_picked":["animator:LizardPriest","animator:Vanir","animator:Sloth"],"picked":"SKIP","floor":13},{"not_picked":["animator:Verdia","animator:Priestess"],"picked":"animator:Darkness","floor":15}],"player_experience":138997,"relics_obtained":[{"floor":6,"key":"StuffTheSpire:ForceGauntlet"},{"floor":11,"key":"hubris:SphereOfDissonance"},{"floor":16,"key":"MealTicket"}],"event_choices":[{"damage_healed":0,"gold_gain":0,"player_choice":"2","damage_taken":0,"max_hp_gain":0,"max_hp_loss":0,"event_name":"betterMatch:BetterMatch","floor":2,"gold_loss":0,"cards_obtained":[]},{"damage_healed":0,"gold_gain":0,"player_choice":"Take Damage","damage_taken":16,"relics_obtained":["Golden Idol"],"max_hp_gain":0,"max_hp_loss":0,"event_name":"Golden Idol","floor":3,"gold_loss":0},{"damage_healed":0,"gold_gain":0,"cards_transformed":["animator:Strike_Konosuba"],"player_choice":"Change","damage_taken":0,"max_hp_gain":0,"max_hp_loss":0,"event_name":"Living Wall","floor":5,"gold_loss":0,"cards_obtained":["animator:Lelouch"]}],"is_beta":false,"boss_relics":[],"items_purged_floors":[],"is_endless":false,"potions_floor_spawned":[1,6,8],"killed_by":"The Guardian","ascension_level":0}}