{"host":"5wznv0010959mrmz","time":1609795420,"event":{"mods":["BaseMod","Highlight Path","Minty Spire (QoL Compilation)","Relic Stats"],"gold_per_floor":[111,121,46,46,46,46,46,46],"floor_reached":7,"playtime":189,"items_purged":[],"score":78,"play_id":"0ecdc056-5ec3-439c-b668-ba05149b6663","local_time":"20210104152340","is_ascension_mode":true,"campfire_choices":[{"data":"Pain","floor":6,"key":"PURGE"}],"circlet_count":0,"master_deck":["AscendersBane","Strike_G","Strike_G","Strike_G","Strike_G","Strike_G","Defend_G","Defend_G","Defend_G","Defend_G","Defend_G","Survivor","Neutralize","Footwork","Deflect","Regret"],"relics":["Ring of the Snake","Peace Pipe","Pear","WarpedTongs"],"acts_visited":["Exordium"],"potions_floor_usage":[],"damage_taken":[{"damage":9,"enemies":"Cultist","floor":1,"turns":5},{"damage":2,"enemies":"Jaw Worm","floor":2,"turns":8},{"damage":70,"enemies":"Gremlin Nob","floor":7,"turns":6}],"seed_played":"-6687917421245829407","potions_obtained":[],"is_trial":false,"path_per_floor":["M","M","?","?","?","R","E"],"character_chosen":"THE_SILENT","items_purchased":[],"campfire_rested":0,"item_purchase_floors":[],"current_hp_per_floor":[50,48,48,58,58,58,0,0],"gold":46,"neow_bonus":"ONE_RARE_RELIC","is_daily":false,"chose_seed":false,"campfire_upgraded":0,"win_rate":0.0,"timestamp":1609795420,"path_taken":["M","?","?","?","?","R","E"],"items_purchased_type":[],"build_version":"2020-12-22","purchased_purges":0,"victory":false,"max_hp_per_floor":[66,66,66,76,76,76,76,76],"relic_stats":{"Peace Pipe":1,"counters":[3,19],"obtain_stats":[{"Peace Pipe":0,"Pear":4,"Ring of the Snake":0,"WarpedTongs":5},{"Peace Pipe":0,"Pear":2,"Ring of the Snake":0,"WarpedTongs":2},{"Peace Pipe":0,"Pear":13,"Ring of the Snake":0,"WarpedTongs":13}],"Ring of the Snake":[6],"WarpedTongs":[6]},"card_choices":[{"not_picked":["PiercingWail","Outmaneuver"],"picked":"Footwork","floor":1},{"not_picked":["Prepared","Backflip"],"picked":"Deflect","floor":2}],"player_experience":404124,"relics_obtained":[],"event_choices":[{"cards_removed":["Clumsy"],"damage_healed":0,"gold_gain":0,"player_choice":"Card Removal","damage_taken":0,"max_hp_gain":0,"max_hp_loss":0,"event_name":"The Cleric","floor":3,"gold_loss":75},{"damage_healed":0,"gold_gain":0,"player_choice":"Box","damage_taken":0,"relics_obtained":["Pear"],"max_hp_gain":0,"max_hp_loss":0,"event_name":"Big Fish","floor":4,"gold_loss":0,"cards_obtained":["Regret"]},{"damage_healed":0,"gold_gain":0,"player_choice":"Rummage","damage_taken":0,"relics_obtained":["WarpedTongs"],"max_hp_gain":0,"max_hp_loss":0,"event_name":"Accursed Blacksmith","floor":5,"gold_loss":0,"cards_obtained":["Pain"]}],"is_beta":false,"boss_relics":[],"items_purged_floors":[],"is_endless":false,"potions_floor_spawned":[],"killed_by":"Gremlin Nob","ascension_level":20}}