{"host":"xu70nncme2eq5w87","time":1609725442,"event":{"mods":["AchievementEnabler","BaseMod","Colored Map","Colored Powertips","Minty Spire (QoL Compilation)","Quick Restart","StSLib"],"gold_per_floor":[115,115,115,115,129,129,160,160,229,148,168,193,206,206,206,303,303,318,338,42,52,52,52],"floor_reached":22,"playtime":568,"items_purged":[],"score":219,"play_id":"a05b4610-11c5-430f-8893-664df3e77ceb","local_time":"20210103175722","is_ascension_mode":false,"campfire_choices":[{"data":"Zap","floor":6,"key":"SMITH"},{"data":"Dualcast","floor":8,"key":"SMITH"},{"floor":15,"key":"REST"}],"circlet_count":0,"master_deck":["Strike_B","Strike_B","Strike_B","Strike_B","Defend_B","Defend_B","Defend_B","Defend_B","Zap+1","Dualcast+1","Conserve Battery","Ball Lightning","Defragment","Loop","White Noise","Self Repair","Thunder Strike","Ball Lightning","Defragment"],"relics":["Cracked Core","NeowsBlessing","Shuriken","Girya","Regal Pillow","Pear","Bronze Scales","FaceOfCleric","Nuclear Battery","DollysMirror","Anchor"],"acts_visited":["Exordium","TheCity"],"potions_floor_usage":[],"damage_taken":[{"damage":0,"enemies":"Cultist","floor":1,"turns":1},{"damage":0,"enemies":"Jaw Worm","floor":5,"turns":1},{"damage":0,"enemies":"Gremlin Nob","floor":7,"turns":1},{"damage":0,"enemies":"2 Louse","floor":11,"turns":2},{"damage":28,"enemies":"3 Sentries","floor":12,"turns":7},{"damage":5,"enemies":"Exordium Thugs","floor":13,"turns":4},{"damage":31,"enemies":"The Guardian","floor":16,"turns":8},{"damage":14,"enemies":"3 Byrds","floor":18,"turns":2},{"damage":36,"enemies":"2 Thieves","floor":19,"turns":5},{"damage":15,"enemies":"Snake Plant","floor":21,"turns":4},{"damage":42,"enemies":"Shelled Parasite and Fungi","floor":22,"turns":4}],"seed_played":"-6288328740864338769","potions_obtained":[{"floor":1,"key":"DuplicationPotion"},{"floor":7,"key":"DistilledChaos"},{"floor":12,"key":"Swift Potion"},{"floor":19,"key":"ColorlessPotion"}],"is_trial":false,"path_per_floor":["M","T","?","?","M","R","E","R","T","$","M","E","M","?","R","B",null,"M","M","$","M","M"],"character_chosen":"DEFECT","items_purchased":["Defragment","DollysMirror","Anchor"],"campfire_rested":1,"item_purchase_floors":[10,20,20],"current_hp_per_floor":[75,75,75,63,63,63,63,63,73,73,73,45,40,40,80,50,86,73,45,45,38,0,0],"gold":52,"neow_bonus":"THREE_ENEMY_KILL","is_daily":false,"chose_seed":false,"campfire_upgraded":2,"win_rate":0.0,"timestamp":1609725442,"path_taken":["M","?","?","?","?","R","E","R","T","$","M","E","M","?","R","BOSS","M","M","$","?","M"],"items_purchased_type":["Card","Relic","Relic"],"build_version":"2020-12-22","purchased_purges":0,"victory":false,"max_hp_per_floor":[75,75,75,75,75,75,75,75,85,85,85,85,85,85,85,86,86,87,88,88,89,89,89],"card_choices":[{"not_picked":["Doom and Gloom","Storm"],"picked":"Conserve Battery","floor":1},{"not_picked":["Beam Cell","FTL"],"picked":"Ball Lightning","floor":5},{"not_picked":["Turbo","Hologram","Sunder"],"picked":"SKIP","floor":7},{"not_picked":["Fusion","Recycle"],"picked":"Loop","floor":11},{"not_picked":["Go for the Eyes","Sweeping Beam"],"picked":"White Noise","floor":12},{"not_picked":["Rebound","Cold Snap"],"picked":"Self Repair","floor":13},{"not_picked":["Fission","All For One"],"picked":"Thunder Strike","floor":16},{"not_picked":["Sweeping Beam","Aggregate+1"],"picked":"Ball Lightning","floor":18},{"not_picked":["Rebound","Turbo+1","Scrape+1"],"picked":"SKIP","floor":19},{"not_picked":["Stack","Rip and Tear","Hologram+1"],"picked":"SKIP","floor":21}],"player_experience":213951,"relics_obtained":[{"floor":2,"key":"Shuriken"},{"floor":7,"key":"Regal Pillow"},{"floor":9,"key":"Pear"},{"floor":12,"key":"Bronze Scales"}],"event_choices":[{"damage_healed":0,"gold_gain":0,"player_choice":"Ignored","damage_taken":0,"max_hp_gain":0,"max_hp_loss":0,"event_name":"Golden Wing","floor":3,"gold_loss":0},{"damage_healed":0,"gold_gain":0,"player_choice":"Success","damage_taken":12,"relics_obtained":["Girya"],"max_hp_gain":0,"max_hp_loss":0,"event_name":"Scrap Ooze","floor":4,"gold_loss":0},{"damage_healed":0,"gold_gain":0,"player_choice":"Trade","damage_taken":0,"relics_obtained":["FaceOfCleric"],"max_hp_gain":0,"max_hp_loss":0,"event_name":"FaceTrader","floor":14,"gold_loss":0}],"is_beta":false,"boss_relics":[{"not_picked":["Busted Crown","Fusion Hammer"],"picked":"Nuclear Battery"}],"items_purged_floors":[],"is_endless":false,"potions_floor_spawned":[1,7,12,19],"killed_by":"Shelled Parasite and Fungi","ascension_level":0}}