{"host":"f5n4tidiz2n5sooh","time":1609727883,"event":{"mods":["BaseMod","Bestiary","Colored Map","Minty Spire (QoL Compilation)","Relic Stats","StSLib"],"gold_per_floor":[110,127,127,402,420,420,437,437,463,463,474,498,76,95,95,174,174,185,198,168,178,195,195,195,195,275,275,310,310,339,354,354,428,428,448,473,473,473,488,488,488],"floor_reached":40,"playtime":2374,"items_purged":["Regret"],"score":882,"play_id":"4ef5e573-e701-4100-b717-c4a9abe3246a","local_time":"20210103203803","is_ascension_mode":true,"campfire_choices":[{"data":"Neutralize","floor":6,"key":"SMITH"},{"data":"Footwork","floor":8,"key":"SMITH"},{"data":"Burst","floor":10,"key":"SMITH"},{"data":"Glass Knife","floor":15,"key":"SMITH"},{"data":"Crippling Poison","floor":23,"key":"SMITH"},{"data":"Noxious Fumes","floor":25,"key":"SMITH"},{"floor":27,"key":"REST"},{"floor":32,"key":"REST"}],"circlet_count":0,"master_deck":["AscendersBane","Strike_G","Strike_G","Strike_G","Strike_G","Defend_G","Defend_G+1","Defend_G","Defend_G","Defend_G","Survivor+1","Neutralize+1","Terror","Footwork+1","Burst+1","Acrobatics","Poisoned Stab","Crippling Poison+1","Glass Knife+1","Blur","Adrenaline","Noxious Fumes+1","Bouncing Flask","Noxious Fumes","Catalyst"],"relics":["Ring of the Snake","Potion Belt","Lantern","Odd Mushroom","Runic Pyramid","Enchiridion","Ornamental Fan","Happy Flower","TungstenRod","War Paint","Velvet Choker","Turnip","Toxic Egg 2"],"acts_visited":["Exordium","TheCity","TheBeyond"],"potions_floor_usage":[7,12,16,28,28,30,30,33,35],"damage_taken":[{"damage":4,"enemies":"Jaw Worm","floor":1,"turns":4},{"damage":5,"enemies":"Small Slimes","floor":2,"turns":4},{"damage":4,"enemies":"Cultist","floor":5,"turns":4},{"damage":0,"enemies":"3 Louse","floor":7,"turns":4},{"damage":1,"enemies":"2 Fungi Beasts","floor":11,"turns":4},{"damage":17,"enemies":"The Mushroom Lair","floor":12,"turns":7},{"damage":5,"enemies":"Gremlin Gang","floor":14,"turns":7},{"damage":6,"enemies":"Hexaghost","floor":16,"turns":10},{"damage":3,"enemies":"Shell Parasite","floor":18,"turns":6},{"damage":2,"enemies":"Spheric Guardian","floor":19,"turns":8},{"damage":12,"enemies":"Shelled Parasite and Fungi","floor":21,"turns":6},{"damage":5,"enemies":"Centurion and Healer","floor":22,"turns":9},{"damage":0,"enemies":"Gremlin Leader","floor":28,"turns":4},{"damage":10,"enemies":"Book of Stabbing","floor":30,"turns":5},{"damage":4,"enemies":"Sentry and Sphere","floor":31,"turns":6},{"damage":17,"enemies":"Collector","floor":33,"turns":7},{"damage":15,"enemies":"3 Darklings","floor":35,"turns":5},{"damage":0,"enemies":"Mind Bloom Boss Battle","floor":36,"turns":3},{"damage":2,"enemies":"Orb Walker","floor":39,"turns":5},{"damage":46,"enemies":"Reptomancer","floor":40,"turns":3}],"seed_played":"8132906102126136373","potions_obtained":[{"floor":1,"key":"Fire Potion"},{"floor":7,"key":"Swift Potion"},{"floor":11,"key":"LiquidBronze"},{"floor":20,"key":"EssenceOfSteel"},{"floor":20,"key":"FearPotion"},{"floor":22,"key":"Poison Potion"},{"floor":31,"key":"EssenceOfSteel"},{"floor":33,"key":"Block Potion"}],"is_trial":false,"path_per_floor":["M","M","?","?","M","R","M","R","T","R","M","?","$","M","R","B",null,"M","M","?","M","M","R","?","R","T","R","E","T","E","M","R","B",null,"M","?","?","T","M","E"],"character_chosen":"THE_SILENT","items_purchased":["Glass Knife","DuplicationPotion","LiquidBronze"],"campfire_rested":2,"item_purchase_floors":[13,13,13],"current_hp_per_floor":[55,50,50,50,46,46,46,46,46,46,45,28,28,23,23,17,54,51,49,49,37,32,32,11,11,11,30,30,30,20,16,35,18,54,39,39,39,39,37,0,0],"gold":488,"neow_bonus":"RANDOM_COMMON_RELIC","is_daily":false,"chose_seed":false,"campfire_upgraded":6,"win_rate":0.0,"timestamp":1609727883,"path_taken":["M","M","?","?","?","R","M","R","T","R","M","?","$","M","R","BOSS","M","M","?","M","?","R","?","R","T","R","E","?","E","M","R","BOSS","M","?","?","?","M","E"],"items_purchased_type":["Card","Potion","Potion"],"build_version":"2020-12-22","purchased_purges":1,"victory":false,"max_hp_per_floor":[66,66,66,66,66,66,66,66,66,66,66,66,66,66,66,66,66,66,66,66,66,66,66,66,66,66,66,66,66,66,66,66,66,66,66,66,63,63,63,63,63],"relic_stats":{"Happy Flower":[11],"counters":[20,111],"Ornamental Fan":[16],"Turnip":[0],"War Paint":["Defend_G","Survivor"],"obtain_stats":[{"Potion Belt":0,"Lantern":9,"Happy Flower":28,"Enchiridion":24,"Velvet Choker":34,"Odd Mushroom":12,"War Paint":30,"Ornamental Fan":26,"Turnip":36,"Toxic Egg 2":38,"TungstenRod":29,"Ring of the Snake":0,"Runic Pyramid":17},{"Potion Belt":0,"Lantern":4,"Happy Flower":13,"Enchiridion":12,"Velvet Choker":16,"Odd Mushroom":6,"War Paint":14,"Ornamental Fan":12,"Turnip":18,"Toxic Egg 2":18,"TungstenRod":13,"Ring of the Snake":0,"Runic Pyramid":8},{"Potion Belt":0,"Lantern":16,"Happy Flower":77,"Enchiridion":73,"Velvet Choker":95,"Odd Mushroom":27,"War Paint":82,"Ornamental Fan":73,"Turnip":103,"Toxic Egg 2":103,"TungstenRod":77,"Ring of the Snake":0,"Runic Pyramid":44}],"TungstenRod":13,"Ring of the Snake":[40]},"card_choices":[{"not_picked":["Blur","PiercingWail"],"picked":"Terror","floor":1},{"not_picked":["Deadly Poison","Cloak And Dagger"],"picked":"Footwork","floor":2},{"not_picked":["Choke","Flying Knee","Dagger Spray"],"picked":"SKIP","floor":5},{"not_picked":["Backflip","Outmaneuver"],"picked":"Acrobatics","floor":7},{"not_picked":["Underhanded Strike","Prepared"],"picked":"Poisoned Stab","floor":11},{"not_picked":["Deadly Poison","Acrobatics"],"picked":"Crippling Poison","floor":12},{"not_picked":["Deadly Poison","Cloak And Dagger"],"picked":"Blur","floor":14},{"not_picked":["A Thousand Cuts","Grand Finale"],"picked":"Adrenaline","floor":16},{"not_picked":["Dagger Throw","Caltrops","Tactician"],"picked":"SKIP","floor":18},{"not_picked":["Outmaneuver","PiercingWail"],"picked":"Noxious Fumes","floor":19},{"not_picked":["Backflip","Blade Dance"],"picked":"Bouncing Flask","floor":21},{"not_picked":["Outmaneuver","Flying Knee","Dodge and Roll"],"picked":"SKIP","floor":22},{"not_picked":["Quick Slash","Blur"],"picked":"Noxious Fumes","floor":28},{"not_picked":["Expertise","Dodge and Roll","Reflex"],"picked":"SKIP","floor":30},{"not_picked":["Phantasmal Killer","Riddle With Holes"],"picked":"Catalyst","floor":31},{"not_picked":["Sucker Punch","Prepared","Bouncing Flask"],"picked":"SKIP","floor":35},{"not_picked":["Dagger Spray","Deadly Poison+1","Flying Knee"],"picked":"SKIP","floor":39}],"player_experience":1968223,"relics_obtained":[{"floor":9,"key":"Lantern"},{"floor":12,"key":"Odd Mushroom"},{"floor":24,"key":"Enchiridion"},{"floor":26,"key":"Ornamental Fan"},{"floor":28,"key":"Happy Flower"},{"floor":29,"key":"TungstenRod"},{"floor":30,"key":"War Paint"},{"floor":36,"key":"Turnip"},{"floor":38,"key":"Toxic Egg 2"}],"event_choices":[{"damage_healed":0,"gold_gain":0,"cards_transformed":["Strike_G"],"player_choice":"Change","damage_taken":0,"max_hp_gain":0,"max_hp_loss":0,"event_name":"Living Wall","floor":3,"gold_loss":0,"cards_obtained":["Burst"]},{"damage_healed":0,"gold_gain":275,"player_choice":"Desecrate","damage_taken":0,"max_hp_gain":0,"max_hp_loss":0,"event_name":"Golden Shrine","floor":4,"gold_loss":0,"cards_obtained":["Regret"]},{"damage_healed":0,"gold_gain":0,"player_choice":"Fought Mushrooms","damage_taken":0,"max_hp_gain":0,"max_hp_loss":0,"event_name":"Mushrooms","floor":12,"gold_loss":0},{"damage_healed":0,"gold_gain":0,"player_choice":"Bought 2 Potions","damage_taken":0,"max_hp_gain":0,"max_hp_loss":0,"event_name":"The Woman in Blue","floor":20,"gold_loss":0},{"damage_healed":0,"gold_gain":0,"player_choice":"Obtained Book","damage_taken":21,"max_hp_gain":0,"max_hp_loss":0,"event_name":"Cursed Tome","floor":24,"gold_loss":0},{"damage_healed":0,"gold_gain":0,"player_choice":"Fight","damage_taken":0,"max_hp_gain":0,"max_hp_loss":0,"event_name":"MindBloom","floor":36,"gold_loss":0},{"damage_healed":0,"gold_gain":0,"player_choice":"Max HP","damage_taken":0,"max_hp_gain":0,"max_hp_loss":3,"event_name":"Winding Halls","floor":37,"gold_loss":0}],"is_beta":false,"boss_relics":[{"not_picked":["Ring of the Serpent","Black Star"],"picked":"Runic Pyramid"},{"not_picked":["Runic Dome","Calling Bell"],"picked":"Velvet Choker"}],"items_purged_floors":[13],"is_endless":false,"potions_floor_spawned":[1,7,11,22,31,33],"killed_by":"Reptomancer","ascension_level":20}}