{"host":"8anlmvy5ylhozj27","time":1609770266,"event":{"mods":["2.2 Compatiblity","Act Like it!","Aspiration","BaseMod","Best Route Mod","Better Match","Better Note","Better Skull","Better Third Choice","BetterRewards","Block Reminder","Colored Map","Colored Powertips","Conspire","Duelist Mod","Energized Spire","GifTheSpireLib","Gold Saver","Halation","Hermit","Highlight Path","Hubris","Infinite Spire","Ironclad Rager","Minty Spire (QoL Compilation)","Permanent Neow","Quick Restart","Rare Cards Sparkle","Replay The Spire","Spicy Shops","StSLib","Stuff the Spire","The Bladedancer","The Blue Laboratory","The Disciple","The Exalted","The Necromancer","The Sage","Transform Curses","Wandering Minibosses","vexMod"],"gold_per_floor":[114,133,144,160,172,172,197,197,197,197,213,239,254,271,271,368,368,380,380,393,413,413],"floor_reached":21,"playtime":13824,"items_purged":[],"score":187,"play_id":"5992db75-8562-4121-bf8f-7e7aa9a82201","local_time":"20210104152426","is_ascension_mode":false,"campfire_choices":[{"data":"Seeing Red","floor":6,"key":"SMITH"},{"data":"Bash","floor":10,"key":"SMITH"},{"data":"Defend_R","floor":15,"key":"PURGE"}],"circlet_count":0,"master_deck":["Strike_R","Strike_R+1","Strike_R","Strike_R+1","Strike_R","Defend_R","Defend_R+1","Defend_R","Bash+1","Immolate","Iron Wave","Metallicize","Seeing Red+1","Heavy Blade","Perfected Strike","Pommel Strike","Twin Strike","Havoc","Pommel Strike","Body Slam","Impervious","ReplayTheSpireMod:Limb From Limb"],"relics":["Burning Blood","Vajra","Simple Rune","Blue Candle","hubris:HollowSoul"],"acts_visited":["Exordium","TheCity"],"potions_floor_usage":[14],"damage_taken":[{"damage":0,"enemies":"conspire:RoseBush","floor":1,"turns":3},{"damage":4,"enemies":"Jaw Worm","floor":2,"turns":4},{"damage":3,"enemies":"Small Slimes","floor":3,"turns":2},{"damage":0,"enemies":"Blue Slaver","floor":4,"turns":3},{"damage":0,"enemies":"3 Louse","floor":5,"turns":1},{"damage":18,"enemies":"3 Sentries","floor":7,"turns":5},{"damage":0,"enemies":"Large Slime","floor":11,"turns":2},{"damage":14,"enemies":"conspire:MimicChest","floor":12,"turns":3},{"damage":9,"enemies":"conspire:2 RoseBushes","floor":13,"turns":4},{"damage":7,"enemies":"Exordium Thugs","floor":14,"turns":2},{"damage":52,"enemies":"Fading Forest","floor":16,"turns":11},{"damage":0,"enemies":"Chosen","floor":18,"turns":4},{"damage":10,"enemies":"3 Byrds","floor":20,"turns":7},{"damage":38,"enemies":"Sentry and Sphere","floor":21,"turns":6}],"seed_played":"1375034375588504461","potions_obtained":[{"floor":1,"key":"blueLaboratory:BottledHope"},{"floor":4,"key":"blueLaboratory:SmithPotion"},{"floor":13,"key":"Explosive Potion"},{"floor":16,"key":"blueLaboratory:StoneskinPotion"}],"is_trial":false,"path_per_floor":["M","M","M","M","M","R","E","?","T","R","M","?","M","M","R_BF","B",null,"M","?","M","M"],"character_chosen":"IRONCLAD","items_purchased":[],"campfire_rested":0,"item_purchase_floors":[],"current_hp_per_floor":[62,64,67,73,79,79,67,67,67,67,73,65,62,61,61,25,80,80,80,76,44,44],"gold":413,"neow_bonus":"THREE_RARE_CARDS","is_daily":false,"chose_seed":false,"campfire_upgraded":2,"win_rate":0.0,"timestamp":1609770266,"path_taken":["M","M","M","M","M","R","E","?","T","R","M","?","M","M","R_BF","BOSS","M","?","M","M"],"items_purchased_type":[],"build_version":"2020-12-22","purchased_purges":0,"victory":false,"max_hp_per_floor":[80,80,80,80,80,80,80,80,80,80,80,80,80,80,80,80,80,80,80,80,80,80],"card_choices":[{"not_picked":["Eclipse","Fiend Fire"],"picked":"Immolate","floor":0},{"not_picked":["Whirlwind","StuffTheSpire:RockThrow"],"picked":"Iron Wave","floor":1},{"not_picked":["Uppercut","hubris:CleavingFinish"],"picked":"Metallicize","floor":2},{"not_picked":["Rage","Defy Death"],"picked":"Seeing Red","floor":3},{"not_picked":["Sword Boomerang","StuffTheSpire:TitanForm"],"picked":"Heavy Blade","floor":4},{"not_picked":["conspire:Charge","Sword Boomerang"],"picked":"Perfected Strike","floor":5},{"not_picked":["True Grit","Run Through"],"picked":"Pommel Strike","floor":7},{"not_picked":["ReplayTheSpireMod:Corrosion Curse","StuffTheSpire:Slingshot"],"picked":"Twin Strike","floor":11},{"not_picked":["Flex","Replay:Undeath\u0027s Touch"],"picked":"Havoc","floor":12},{"not_picked":["Evolve","Run Through"],"picked":"Pommel Strike","floor":13},{"not_picked":["True Grit","Wild Strike"],"picked":"Body Slam","floor":14},{"not_picked":["Exhume","conspire:Purge"],"picked":"Impervious","floor":16},{"not_picked":["StuffTheSpire:BloodClot+1","StuffTheSpire:Pyroclast+1","Flex"],"picked":"SKIP","floor":18},{"not_picked":["Replay:Undeath\u0027s Touch","ReplayTheSpireMod:Strike From Hell"],"picked":"ReplayTheSpireMod:Limb From Limb","floor":20}],"player_experience":96493,"relics_obtained":[{"floor":7,"key":"Vajra"},{"floor":9,"key":"Simple Rune"},{"floor":12,"key":"Blue Candle"}],"event_choices":[{"damage_healed":0,"gold_gain":0,"player_choice":"Ignored","damage_taken":0,"max_hp_gain":0,"max_hp_loss":0,"event_name":"betterNote:BetterNote","floor":19,"gold_loss":0,"cards_obtained":["Demon Form"]}],"is_beta":false,"boss_relics":[{"not_picked":["Abe\u0027s Treasure","aspiration:RitualDagger"],"picked":"hubris:HollowSoul"}],"items_purged_floors":[],"is_endless":false,"potions_floor_spawned":[1,4,13,16,18],"killed_by":"Sentry and Sphere","ascension_level":0}}