{"host":"y89x8uui45kcjy42","time":1609767343,"event":{"mods":["2.2 Compatiblity","BaseMod","CapriCore","Colored Map","Colored Powertips","Custom Start","Friendly Minions","Keyboard Shortcuts","Lobotomy","Minty Spire (QoL Compilation)","Relic Stats","Slay the Relics Exporter","StSLib","SuperFastMode","Uncapped"],"gold_per_floor":[18,18,37,37,37,37,47,47,97,97,97,97,97,2407,2407,2509,2509,2529,1943,1958,1992,1475,1475,1506,1506,1506,1506,1416,1416,1449,1466,1466,1567,1567,1586,1602,1652,1874,1580,1615,1615,1615,1615,1615,779,799,799,599,599,599],"floor_reached":51,"playtime":1913,"items_purged":["SpecialBullet","SpecialBullet","Binah","SpecialBullet","SilentOrchestra","SpecialBullet"],"score":1018,"play_id":"9413f9df-e779-4b20-9b94-b6d0b10e9188","local_time":"20210104223543","is_ascension_mode":false,"campfire_choices":[],"circlet_count":0,"master_deck":["SpecialBullet","SpecialBullet","ControlCode","WelfareCode","ExtractionCode","SomewhereSpear+1","BlackSwan","TT2Protocol","Mimicry+1","ScreamingWedge","CENSORED_ego+1","VoidDream","Justitia+1","DespairKnight","GreenStem+1","Twilight+1","WristCuter+1","SummonCall","InformationCode","Reverberation+1","Murderer","UniverseFragment","CherryBlossom+1","Scorched","SecurityCode","Scorched"],"relics":["CogitoBucket","Mango","OrangePellets","Letter Opener","SlaversCollar","Coffee Dripper","Coffee Dripper","Coffee Dripper","Coffee Dripper","FossilizedHelix","Coffee Dripper","Theresia","Red Mask","HornCleat","Chemical X","Vajra","Molten Egg 2","Eternal Feather","Empty Cage","SkinProphecy","Coffee Dripper","Calipers","DollysMirror","Question Card","Torii","Mummified Hand","Toy Ornithopter","ClockworkSouvenir","WingedGreaves","Incense Burner","Incense Burner","Incense Burner","Incense Burner","Incense Burner"],"acts_visited":["Exordium","TheCity","TheBeyond"],"potions_floor_usage":[],"damage_taken":[{"damage":8,"enemies":"Small Slimes","floor":1,"turns":3},{"damage":11,"enemies":"Jaw Worm","floor":3,"turns":2},{"damage":0,"enemies":"Cultist","floor":7,"turns":2},{"damage":62,"enemies":"Hexaghost","floor":16,"turns":9},{"damage":7,"enemies":"Shell Parasite","floor":18,"turns":3},{"damage":26,"enemies":"3 Byrds","floor":20,"turns":5},{"damage":1,"enemies":"Masked Bandits","floor":21,"turns":2},{"damage":0,"enemies":"Book of Stabbing","floor":24,"turns":3},{"damage":0,"enemies":"Gremlin Leader","floor":30,"turns":5},{"damage":0,"enemies":"Snake Plant","floor":31,"turns":2},{"damage":0,"enemies":"Champ","floor":33,"turns":5},{"damage":12,"enemies":"3 Darklings","floor":35,"turns":6},{"damage":0,"enemies":"Orb Walker","floor":36,"turns":2},{"damage":2,"enemies":"Mind Bloom Boss Battle","floor":37,"turns":4},{"damage":80,"enemies":"Reptomancer","floor":40,"turns":4},{"damage":30,"enemies":"Maw","floor":46,"turns":5},{"damage":78,"enemies":"Awakened One","floor":50,"turns":9},{"damage":34,"enemies":"Malkuth","floor":51,"turns":7},{"damage":0,"enemies":"Yesod","floor":51,"turns":10}],"seed_played":"2389485466419625490","potions_obtained":[{"floor":18,"key":"Block Potion"}],"is_trial":false,"path_per_floor":["M","?","M","?","?","R","M","R","T","R","T","R","?","$","R","B",null,"M","$","M","?","$","R","E","R","T","R","?","R","E","M","R","B",null,"M","M","?","?","$","E","?","R","T","R","$","M","R","$","R","B",null],"character_chosen":"Angela","items_purchased":["OrangePellets","Letter Opener","Mimicry","ScreamingWedge","FossilizedHelix","GreenStem+1","Twilight+1","HornCleat","Chemical X","DollysMirror","Mummified Hand","Toy Ornithopter","ClockworkSouvenir","Weak Potion","Regen Potion"],"campfire_rested":0,"item_purchase_floors":[14,14,14,14,19,19,19,22,22,39,45,45,45,45,45],"current_hp_per_floor":[76,76,65,70,70,70,70,70,70,70,70,70,70,70,70,83,89,82,82,56,55,55,55,55,55,55,55,55,55,55,55,70,74,93,85,85,79,79,83,111,105,105,105,105,105,85,100,100,107,55],"gold":599,"neow_bonus":"ONE_RARE_RELIC","is_daily":false,"chose_seed":false,"campfire_upgraded":0,"win_rate":0.0,"timestamp":1609767343,"path_taken":["M","?","M","?","?","R","?","R","T","R","?","R","?","$","R","BOSS","M","$","?","?","$","R","E","R","T","R","?","R","E","?","R","BOSS","M","?","?","?","$","E","?","R","T","R","$","M","R","?","R","BOSS"],"items_purchased_type":["Relic","Relic","Card","Card","Relic","Card","Card","Relic","Relic","Relic","Relic","Relic","Relic","Potion","Potion"],"build_version":"2020-12-22","purchased_purges":6,"victory":true,"max_hp_per_floor":[84,84,84,89,89,89,89,89,89,89,89,89,89,89,89,89,89,89,89,89,89,89,89,89,89,89,89,89,89,89,89,89,93,93,97,103,105,105,109,111,105,105,105,105,105,107,107,107,107,109],"relic_stats":{"OrangePellets":[3],"Torii":8,"counters":[22,100],"Mummified Hand":[20],"Eternal Feather":37,"Letter Opener":[434],"Chemical X":[1],"Question Card":14,"obtain_stats":[{"Calipers":37,"Torii":43,"Vajra":24,"Mango":0,"Incense Burner":51,"SkinProphecy":35,"Empty Cage":34,"ClockworkSouvenir":45,"CogitoBucket":0,"HornCleat":22,"DollysMirror":39,"Mummified Hand":45,"WingedGreaves":7,"Red Mask":21,"Chemical X":22,"Eternal Feather":30,"Letter Opener":14,"Question Card":40,"OrangePellets":14,"SlaversCollar":17,"Molten Egg 2":26,"Coffee Dripper":17,"Theresia":20,"FossilizedHelix":19,"Toy Ornithopter":45},{"Calipers":16,"Torii":17,"Vajra":9,"Mango":0,"Incense Burner":19,"SkinProphecy":14,"Empty Cage":12,"ClockworkSouvenir":17,"CogitoBucket":0,"HornCleat":8,"DollysMirror":16,"Mummified Hand":17,"WingedGreaves":3,"Red Mask":8,"Chemical X":8,"Eternal Feather":10,"Letter Opener":3,"Question Card":17,"OrangePellets":3,"SlaversCollar":4,"Molten Egg 2":9,"Coffee Dripper":4,"Theresia":7,"FossilizedHelix":5,"Toy Ornithopter":17},{"Calipers":55,"Torii":59,"Vajra":30,"Mango":0,"Incense Burner":73,"SkinProphecy":49,"Empty Cage":42,"ClockworkSouvenir":59,"CogitoBucket":0,"HornCleat":27,"DollysMirror":55,"Mummified Hand":59,"WingedGreaves":7,"Red Mask":27,"Chemical X":27,"Eternal Feather":35,"Letter Opener":7,"Question Card":59,"OrangePellets":7,"SlaversCollar":16,"Molten Egg 2":30,"Coffee Dripper":16,"Theresia":25,"FossilizedHelix":19,"Toy Ornithopter":59}],"Toy Ornithopter":0},"card_choices":[{"not_picked":["Beak"],"picked":"SomewhereSpear","floor":1},{"not_picked":["CUTE","Penitence"],"picked":"SKIP","floor":1},{"not_picked":["Tough","TodaysExpression"],"picked":"SKIP","floor":3},{"not_picked":["ShyLook","SpiderBud"],"picked":"BlackSwan","floor":7},{"not_picked":["SoundOfStar","BlueScar","TodaysExpression"],"picked":"SKIP","floor":7},{"not_picked":["Mimicry+1","ParadiseLost+1"],"picked":"CENSORED_ego+1","floor":16},{"not_picked":["SnowQueen","SingingMachine"],"picked":"VoidDream","floor":16},{"not_picked":["TheSmile+1","SoundOfStar+1"],"picked":"Justitia+1","floor":16},{"not_picked":["MHz","BigBird"],"picked":"DespairKnight","floor":18},{"not_picked":["Discord+1","WristCuter+1","Lamp+1"],"picked":"SKIP","floor":18},{"not_picked":["InTheNameOfLoveAndHate+1","Soda+1","Discord+1"],"picked":"SKIP","floor":20},{"not_picked":["TodaysExpression+1","GreenStem+1","Regret_ego+1"],"picked":"SKIP","floor":20},{"not_picked":["Harmony+1","ParadiseLost+1"],"picked":"WristCuter+1","floor":21},{"not_picked":["ParadiseLost+1","Wingbeat+1","Tough+1"],"picked":"SKIP","floor":24},{"not_picked":["Regret_ego+1","Penitence+1"],"picked":"Reverberation+1","floor":30},{"not_picked":["FeatherOfHonor+1","SolemnVow+1","Lamp+1"],"picked":"SKIP","floor":30},{"not_picked":["Tough+1","Horn+1","Lantern+1"],"picked":"SKIP","floor":30},{"not_picked":["WallGazer","HeroicMonk"],"picked":"Murderer","floor":31},{"not_picked":["Regret_ego+1","FourthMatchFlame+1","Harvest+1"],"picked":"SKIP","floor":31},{"not_picked":["GreenStem+1","Diffraction+1","FrostShard+1"],"picked":"SKIP","floor":31},{"not_picked":["Mercenary","HeroicMonk"],"picked":"UniverseFragment","floor":33},{"not_picked":["GrinderMk4+1","Lantern+1"],"picked":"CherryBlossom+1","floor":35},{"not_picked":["OldLady","BlueStar"],"picked":"Scorched","floor":35},{"not_picked":["Loneliness+1","Beak+1","Noise+1"],"picked":"SKIP","floor":35},{"not_picked":["QueenBee","MHz"],"picked":"SilentOrchestra","floor":36},{"not_picked":["SomewhereSpear+1","Discord+1","Noise+1"],"picked":"SKIP","floor":36},{"not_picked":["Soda+1","BearPaw+1","FeatherOfHonor+1"],"picked":"SKIP","floor":36},{"not_picked":["BlackSwan_ego+1","Ecstasy+1","Moonlight+1"],"picked":"SKIP","floor":40},{"not_picked":["WristCuter+1","Noise+1","SoundOfStar+1"],"picked":"SKIP","floor":40},{"not_picked":["Lantern+1","Loneliness+1","FeatherOfHonor+1","WristCuter+1"],"picked":"SKIP","floor":46},{"not_picked":["ShedSkin+1","MagicBullet+1","Heaven+1","Gaze+1"],"picked":"SKIP","floor":46}],"player_experience":566131,"relics_obtained":[{"floor":21,"key":"Red Mask"},{"floor":24,"key":"Vajra"},{"floor":26,"key":"Molten Egg 2"},{"floor":30,"key":"Eternal Feather"},{"floor":37,"key":"Calipers"},{"floor":40,"key":"Question Card"},{"floor":43,"key":"Torii"}],"event_choices":[{"damage_healed":0,"gold_gain":0,"player_choice":"Grow","damage_taken":0,"max_hp_gain":0,"max_hp_loss":0,"event_name":"Living Wall","floor":2,"gold_loss":0,"cards_upgraded":["SomewhereSpear"]},{"damage_healed":0,"gold_gain":0,"player_choice":"Donut","damage_taken":0,"max_hp_gain":5,"max_hp_loss":0,"event_name":"Big Fish","floor":4,"gold_loss":0},{"damage_healed":0,"gold_gain":0,"player_choice":"0 cards matched","damage_taken":0,"max_hp_gain":0,"max_hp_loss":0,"event_name":"Match and Keep!","floor":5,"gold_loss":0,"cards_obtained":[]},{"damage_healed":0,"gold_gain":0,"player_choice":"Ignored","damage_taken":0,"max_hp_gain":0,"max_hp_loss":0,"event_name":"Upgrade Shrine","floor":13,"gold_loss":0},{"damage_healed":0,"gold_gain":0,"player_choice":"Fought Bandits","damage_taken":0,"max_hp_gain":0,"max_hp_loss":0,"event_name":"Masked Bandits","floor":21,"gold_loss":0},{"cards_removed":["SpecialBullet"],"damage_healed":0,"gold_gain":0,"player_choice":"Upgrade and Remove","damage_taken":0,"max_hp_gain":0,"max_hp_loss":0,"event_name":"Designer","floor":28,"gold_loss":90,"cards_upgraded":["Mimicry"]},{"damage_healed":0,"gold_gain":0,"player_choice":"Fight","damage_taken":0,"max_hp_gain":0,"max_hp_loss":0,"event_name":"MindBloom","floor":37,"gold_loss":0},{"damage_healed":0,"gold_gain":222,"player_choice":"Wore Mask","damage_taken":0,"max_hp_gain":0,"max_hp_loss":0,"event_name":"Tomb of Lord Red Mask","floor":38,"gold_loss":0},{"damage_healed":0,"gold_gain":0,"player_choice":"Max HP","damage_taken":0,"max_hp_gain":0,"max_hp_loss":6,"event_name":"Winding Halls","floor":41,"gold_loss":0}],"is_beta":false,"boss_relics":[{"not_picked":["Cursed Key","Snecko Eye"],"picked":"SlaversCollar"},{"not_picked":["Busted Crown","Fusion Hammer"],"picked":"Empty Cage"}],"items_purged_floors":[14,19,22,39,45,48],"is_endless":false,"potions_floor_spawned":[18],"ascension_level":0}}