{"host":"ds1yr10zonoc6w4a","time":1609739350,"event":{"mods":["BaseMod","Better Match","Better Third Choice","BetterRewards","Minty Spire (QoL Compilation)","StSLib","The Animator"],"gold_per_floor":[126,157,157,175,195,195,195,235,235,267,60,60,135,161,161,161,161],"floor_reached":16,"playtime":3861,"items_purged":["animator:Strike","animator:Strike"],"score":357,"play_id":"27c2bb4e-d715-4c8d-b968-66f64be5d8d5","local_time":"20210103224910","is_ascension_mode":true,"campfire_choices":[{"data":"animator:Guy","floor":6,"key":"SMITH"},{"data":"animator:QuestionMark","floor":15,"key":"SMITH"}],"circlet_count":0,"master_deck":["AscendersBane","animator:Strike_Konosuba","animator:Defend_Konosuba","animator:Strike","animator:Defend","animator:Defend","animator:Defend","animator:Kazuma","animator:Aqua+1","animator:YunYun","animator:Fredrika+1","animator:Verdia+1","animator:Guy+1","animator:YuiTsuruno","animator:Viivi","animator:DwarfShaman","animator:QuestionMark+1","animator:Spearman"],"relics":["animator:LivingPicture","animator:TheMissingPiece","animator:PurgingStone","Mummified Hand","Meat on the Bone","Thread and Needle"],"acts_visited":["Exordium"],"potions_floor_usage":[8,10],"damage_taken":[{"damage":1.0,"enemies":"Cultist","floor":1.0,"turns":3.0},{"damage":8.0,"enemies":"Jaw Worm","floor":2.0,"turns":4.0},{"damage":1.0,"enemies":"Small Slimes","floor":4.0,"turns":4.0},{"damage":0,"enemies":"2 Fungi Beasts","floor":5,"turns":4},{"damage":0,"enemies":"Gremlin Nob","floor":8,"turns":3},{"damage":13,"enemies":"Lagavulin","floor":10,"turns":6},{"damage":20,"enemies":"Gremlin Nob","floor":14,"turns":4},{"damage":23,"enemies":"The Guardian","floor":16,"turns":8}],"seed_played":"-3376524975201836512","potions_obtained":[{"floor":1.0,"key":"PowerPotion"},{"floor":8,"key":"Weak Potion"}],"is_trial":false,"path_per_floor":["M","M","?","M","M","R","?","E","T","E","$","?","?","E","R","B"],"character_chosen":"THE_ANIMATOR","items_purchased":["animator:YunYun","animator:QuestionMark"],"campfire_rested":0,"item_purchase_floors":[0,11],"current_hp_per_floor":[55,49,49,52,55,55,37,40,40,30,30,35,24,19,19,0,0],"gold":161,"neow_bonus":"","is_daily":false,"chose_seed":false,"campfire_upgraded":2,"win_rate":0.0,"timestamp":1609739350,"path_taken":["M","M","?","?","M","R","?","E","T","E","?","?","?","E","R","BOSS"],"items_purchased_type":["Card","Card"],"build_version":"2020-12-22","purchased_purges":2,"victory":false,"max_hp_per_floor":[60,60,60,61,61,61,61,61,61,61,61,66,66,66,66,66,66],"card_choices":[{"not_picked":["animator:Elsword","animator:Gillette"],"picked":"animator:Fredrika","floor":1.0},{"not_picked":["animator:DwarfShaman","animator:Vanir"],"picked":"animator:Verdia","floor":2.0},{"not_picked":["animator:ElricEdward","animator:Sebas"],"picked":"animator:Guy","floor":4.0},{"not_picked":["animator:IrohaTamaki","animator:YachiyoNanami"],"picked":"animator:YuiTsuruno","floor":5},{"not_picked":["animator:Entoma","animator:Sloth"],"picked":"animator:Viivi","floor":8},{"not_picked":["animator:IzunaHatsuse","animator:DolaSchwi"],"picked":"animator:DwarfShaman","floor":10},{"not_picked":["animator:Greed","animator:AcuraAkari"],"picked":"animator:Spearman","floor":14}],"player_experience":634818,"relics_obtained":[{"floor":8,"key":"Mummified Hand"},{"floor":10,"key":"Meat on the Bone"},{"floor":14,"key":"Thread and Needle"}],"event_choices":[{"damage_healed":0.0,"max_hp_gain":0.0,"max_hp_loss":0.0,"gold_gain":0.0,"event_name":"Upgrade Shrine","player_choice":"Upgraded","floor":3.0,"gold_loss":0.0,"damage_taken":0.0,"cards_upgraded":["animator:Aqua"]},{"damage_healed":55,"gold_gain":0,"player_choice":"Upgrade","damage_taken":18,"max_hp_gain":0,"max_hp_loss":61,"event_name":"betterThird:BetterShining","floor":7,"gold_loss":0,"cards_upgraded":["animator:Verdia","animator:Fredrika"]},{"damage_healed":0,"gold_gain":0,"player_choice":"Donut","damage_taken":0,"max_hp_gain":5,"max_hp_loss":0,"event_name":"Big Fish","floor":12,"gold_loss":0},{"damage_healed":0,"gold_gain":75,"player_choice":"Gold","damage_taken":11,"max_hp_gain":0,"max_hp_loss":0,"event_name":"betterThird:BetterGoop","floor":13,"gold_loss":0}],"is_beta":false,"boss_relics":[],"items_purged_floors":[0,11],"is_endless":false,"potions_floor_spawned":[1,8],"killed_by":"The Guardian","ascension_level":17}}