{"host":"ewfe3cr33ktd9xzj","time":1609750130,"event":{"mods":["AchievementEnabler","BaseMod","Colored Map","Custom Start","DeckTracker","Minty Spire (QoL Compilation)","Rare Cards Sparkle","StSLib","everything is the same but u backflip on backflip"],"gold_per_floor":[118,130,130,147,166,191,191,226,226,226,226,226,258,270,270,347,347,347,347,367,412,173,173,204,218,241,22,52,52,52,52,52,131,131,150,177,192,25,42,42,67,67,67,67,0,20,20,32,32,32,32,32,32,57,57,57],"floor_reached":55,"playtime":1587,"items_purged":["Strike_P","Wish+1"],"score":1806,"play_id":"1423addc-4712-458b-b17e-8d35405f7409","local_time":"20210104174850","is_ascension_mode":true,"campfire_choices":[{"data":"1","floor":7.0,"key":"LIFT"},{"data":"2","floor":10.0,"key":"LIFT"},{"floor":12.0,"key":"REST"},{"data":"3","floor":15.0,"key":"LIFT"},{"data":"SignatureMove","floor":23.0,"key":"SMITH"},{"data":"SandsOfTime","floor":29.0,"key":"SMITH"},{"floor":32.0,"key":"REST"},{"floor":40.0,"key":"REST"},{"floor":42.0,"key":"REST"},{"floor":44.0,"key":"REST"},{"floor":49.0,"key":"RECALL"},{"floor":52,"key":"REST"}],"circlet_count":0,"master_deck":["AscendersBane","Defend_P","Defend_P","Defend_P","Eruption+1","Vigilance","ForeignInfluence+1","SandsOfTime+1","Adaptation+1","Adaptation+1","Judgement+1","Meditate+1","LessonLearned+1","Halt+1","SignatureMove+1","Master of Strategy","Master of Strategy","Apotheosis+1","TalkToTheHand+1"],"relics":["Philosopher\u0027s Stone","Girya","Gambling Chip","Mummified Hand","Shuriken","Astrolabe","Ginger","OrangePellets","CeramicFish","Smiling Mask","PreservedInsect","Molten Egg 2","Fusion Hammer","Strawberry","TungstenRod","Red Mask","VioletLotus","Mercury Hourglass"],"acts_visited":["TheCity","TheBeyond","TheEnding"],"potions_floor_usage":[55,55],"damage_taken":[{"damage":7.0,"enemies":"Small Slimes","floor":1.0,"turns":4.0},{"damage":4.0,"enemies":"2 Louse","floor":2.0,"turns":2.0},{"damage":11.0,"enemies":"Jaw Worm","floor":4.0,"turns":5.0},{"damage":9.0,"enemies":"Lots of Slimes","floor":5.0,"turns":4.0},{"damage":9.0,"enemies":"Gremlin Nob","floor":6.0,"turns":3.0},{"damage":0.0,"enemies":"Lagavulin","floor":8.0,"turns":4.0},{"damage":0.0,"enemies":"3 Sentries","floor":13.0,"turns":5.0},{"damage":4.0,"enemies":"Looter","floor":14.0,"turns":4.0},{"damage":0.0,"enemies":"Slime Boss","floor":16.0,"turns":5.0},{"damage":0.0,"enemies":"Shell Parasite","floor":18.0,"turns":1.0},{"damage":0.0,"enemies":"Chosen","floor":20.0,"turns":2.0},{"damage":0.0,"enemies":"Snecko","floor":21.0,"turns":3.0},{"damage":13.0,"enemies":"Gremlin Leader","floor":24.0,"turns":5.0},{"damage":0.0,"enemies":"Cultist and Chosen","floor":25.0,"turns":3.0},{"damage":4.0,"enemies":"Book of Stabbing","floor":28.0,"turns":2.0},{"damage":41.0,"enemies":"Collector","floor":33.0,"turns":7.0},{"damage":26.0,"enemies":"3 Shapes","floor":35.0,"turns":3.0},{"damage":0.0,"enemies":"Orb Walker","floor":37.0,"turns":1.0},{"damage":0.0,"enemies":"Sphere and 2 Shapes","floor":39.0,"turns":3.0},{"damage":35.0,"enemies":"Nemesis","floor":41.0,"turns":3.0},{"damage":0.0,"enemies":"Maw","floor":46.0,"turns":5.0},{"damage":4.0,"enemies":"Writhing Mass","floor":48.0,"turns":3.0},{"damage":0,"enemies":"Time Eater","floor":50,"turns":1},{"damage":0,"enemies":"Shield and Spear","floor":54,"turns":1},{"damage":0,"enemies":"The Heart","floor":55,"turns":2}],"seed_played":"-3111193043733668525","potions_obtained":[{"floor":1.0,"key":"BlessingOfTheForge"},{"floor":4.0,"key":"DuplicationPotion"},{"floor":14.0,"key":"Dexterity Potion"},{"floor":16.0,"key":"SmokeBomb"},{"floor":20.0,"key":"Swift Potion"},{"floor":25.0,"key":"Weak Potion"},{"floor":39.0,"key":"Swift Potion"},{"floor":46.0,"key":"LiquidBronze"},{"floor":54,"key":"BlessingOfTheForge"}],"is_trial":false,"path_per_floor":["M","M","?","M","M","E","R","E","T","R","?","R","E","M","R","B",null,"M","?","M","M","$","R","E","M","T","$","E","R","?","?","R","B",null,"M","?","M","$","M","R","E","R","T","R","?","M","$","M","R","B",null,"R","$","E","B"],"character_chosen":"WATCHER","items_purchased":["OrangePellets","PreservedInsect","Strawberry"],"campfire_rested":6,"item_purchase_floors":[22,27,38],"current_hp_per_floor":[54,50,50,39,30,21,21,21,21,21,14,34,34,30,30,30,59,59,59,59,59,59,59,46,46,46,46,42,42,42,42,62,21,56,30,20,20,27,27,49,14,36,36,58,58,58,58,54,54,54,70,75,75,75,75,75],"gold":57,"neow_bonus":"BOSS_RELIC","is_daily":false,"chose_seed":false,"campfire_upgraded":2,"win_rate":0.0,"timestamp":1609750130,"path_taken":["M","M","?","M","M","E","R","E","T","R","?","R","E","M","R","BOSS","M","?","M","M","$","R","E","?","T","$","E","R","?","?","R","BOSS","M","?","M","$","M","R","E","R","T","R","?","M","?","M","R","BOSS","R","$","E","BOSS"],"items_purchased_type":["Relic","Relic","Relic"],"build_version":"2020-12-22","purchased_purges":2,"victory":false,"max_hp_per_floor":[68,68,68,68,68,68,68,68,68,68,68,68,68,68,68,68,68,68,68,68,68,68,68,68,68,68,68,68,68,68,68,68,68,68,68,68,68,75,75,75,75,75,75,75,75,75,75,75,75,75,75,75,75,75,75,75],"card_choices":[{"not_picked":["LikeWater","Wireheading"],"picked":"ForeignInfluence","floor":1.0},{"not_picked":["Crescendo","TalkToTheHand"],"picked":"SandsOfTime","floor":2.0},{"not_picked":["JustLucky","WreathOfFlame","Crescendo"],"picked":"SKIP","floor":4.0},{"not_picked":["InnerPeace","DeceiveReality"],"picked":"Adaptation","floor":5.0},{"not_picked":["Protect","BowlingBash"],"picked":"Adaptation","floor":6.0},{"not_picked":["FlyingSleeves","Protect","Sanctity"],"picked":"SKIP","floor":8.0},{"not_picked":["SashWhip","Swivel","Meditate"],"picked":"SKIP","floor":13.0},{"not_picked":["CutThroughFate","EmptyBody","Tantrum"],"picked":"SKIP","floor":14.0},{"not_picked":["MasterReality","Establishment"],"picked":"Judgement","floor":16.0},{"not_picked":["WreathOfFlame","EmptyBody"],"picked":"Halt+1","floor":20.0},{"not_picked":["SandsOfTime","Wallop"],"picked":"SignatureMove","floor":21.0},{"not_picked":["Establishment","JustLucky","Tantrum"],"picked":"SKIP","floor":24.0},{"not_picked":["SashWhip","PathToVictory","ThirdEye"],"picked":"SKIP","floor":25.0},{"not_picked":["Collect","Protect","Establishment"],"picked":"SKIP","floor":28.0},{"not_picked":["JustLucky+1","FollowUp+1","WindmillStrike+1"],"picked":"SKIP","floor":35.0},{"not_picked":["Transmutation","Apotheosis"],"picked":"Master of Strategy","floor":36.0},{"not_picked":["Deep Breath","Mind Blast+1"],"picked":"Master of Strategy","floor":36.0},{"not_picked":["Panacea","HandOfGreed+1"],"picked":"Apotheosis","floor":36.0},{"not_picked":["Evaluate","CrushJoints+1","Protect"],"picked":"SKIP","floor":37.0},{"not_picked":["SashWhip+1","FlyingSleeves+1","FlurryOfBlows+1"],"picked":"SKIP","floor":39.0},{"not_picked":["FollowUp+1","Protect","Blasphemy"],"picked":"SKIP","floor":41.0},{"not_picked":["FollowUp+1","ReachHeaven+1"],"picked":"TalkToTheHand+1","floor":46.0},{"not_picked":["Swivel","Prostrate+1","FlyingSleeves+1"],"picked":"SKIP","floor":48.0},{"not_picked":["FollowUp+1","Worship","EmptyBody+1"],"picked":"SKIP","floor":54}],"player_experience":7126,"relics_obtained":[{"floor":6.0,"key":"Girya"},{"floor":8.0,"key":"Gambling Chip"},{"floor":9.0,"key":"Mummified Hand"},{"floor":13.0,"key":"Shuriken"},{"floor":24.0,"key":"CeramicFish"},{"floor":26.0,"key":"Smiling Mask"},{"floor":28.0,"key":"Molten Egg 2"},{"floor":41.0,"key":"TungstenRod"},{"floor":54,"key":"Mercury Hourglass"}],"event_choices":[{"damage_healed":0.0,"max_hp_gain":0.0,"max_hp_loss":0.0,"gold_gain":0.0,"event_name":"Living Wall","player_choice":"Grow","floor":3.0,"gold_loss":0.0,"damage_taken":0.0,"cards_upgraded":["Eruption"]},{"cards_removed":["Strike_P"],"damage_healed":0.0,"max_hp_gain":0.0,"max_hp_loss":0.0,"gold_gain":0.0,"event_name":"Golden Wing","player_choice":"Card Removal","floor":11.0,"gold_loss":0.0,"damage_taken":7.0},{"damage_healed":0.0,"max_hp_gain":0.0,"max_hp_loss":0.0,"gold_gain":0.0,"event_name":"WeMeetAgain","player_choice":"Gave Potion","floor":19.0,"gold_loss":0.0,"damage_taken":0.0,"relics_obtained":["Ginger"]},{"damage_healed":0.0,"max_hp_gain":0.0,"max_hp_loss":0.0,"gold_gain":0.0,"event_name":"Cursed Tome","player_choice":"Ignored","floor":30.0,"gold_loss":0.0,"damage_taken":0.0},{"damage_healed":0.0,"max_hp_gain":0.0,"max_hp_loss":0.0,"gold_gain":0.0,"event_name":"Vampires","player_choice":"Ignored","floor":31.0,"gold_loss":0.0,"damage_taken":0.0},{"damage_healed":0.0,"max_hp_gain":0.0,"max_hp_loss":0.0,"gold_gain":0.0,"event_name":"SensoryStone","player_choice":"Memory 3","floor":36.0,"gold_loss":0.0,"damage_taken":10.0},{"damage_healed":0.0,"max_hp_gain":0.0,"max_hp_loss":0.0,"gold_gain":0.0,"event_name":"Tomb of Lord Red Mask","player_choice":"Paid","floor":45.0,"gold_loss":67.0,"damage_taken":0.0,"relics_obtained":["Red Mask"]}],"is_beta":false,"boss_relics":[{"not_picked":["Snecko Eye","Runic Dome"],"picked":"Astrolabe"},{"not_picked":["Pandora\u0027s Box","Coffee Dripper"],"picked":"Fusion Hammer"}],"items_purged_floors":[22,27],"is_endless":false,"potions_floor_spawned":[1,4,14,16,20,25,39,46,54],"killed_by":"The Heart","ascension_level":20}}