{"host":"2i1pijcp2h7bc3zy","time":1609729725,"event":{"mods":["2.2 Compatiblity","Abigail Mod","Aspiration","Bartender","BaseMod","Beaked The Cultist","BetterRewards","CapriCore","Colored Map","Defuse TimeMaze Blight","Friendly Minions","Gold Saver","Hubris","Infinite Spire","Koishi","Magitek Elite","Minty Spire (QoL Compilation)","Permanent Neow","Random Character Button","Relic Filter","Relic Sorter","Remilia??????","Reorder Act Four","Replay The Spire","Shade Mod","Shop Mod","StSLib","The Administrix","The Immortal","The Necromancer","The Senshi","The Servant 0.9.4","The Witch","TheSwordswoman","????"],"gold_per_floor":[383,402,412,412,430,464,464,489,489,489,519,519,326,326,326,404,404,414,271,286,301,311,311,337,347,419,419,419,419,419,419,419,496,496,513,524,436,446,546,575,575,610,610,610,610,610,610,610,610,626,626,626,626,544,544,578,578],"floor_reached":58,"playtime":3351,"items_purged":["Koishi:BasicStrike","Koishi:BasicStrike","Koishi:BasicStrike","Koishi:BasicStrike+1","Koishi:UnseenTerror","Parasite"],"score":2171,"play_id":"a02ddf08-5cbd-4e68-8e48-29957582feae","local_time":"20210103200845","is_ascension_mode":true,"campfire_choices":[{"data":"Koishi:StingingMind","floor":10,"key":"SMITH"},{"data":"Koishi:TerrifyingSpectre","floor":23,"key":"SMITH"},{"data":"Koishi:HeartStoppingHorror","floor":29,"key":"SMITH"},{"data":"Koishi:FidgetySnatcher","floor":32,"key":"SMITH"},{"data":"Koishi:ImGoingToCallYouNow","floor":41,"key":"SMITH"},{"floor":44,"key":"RECALL"},{"data":"infinitespire:Collect","floor":51,"key":"SMITH"},{"data":"Koishi:TerrifyingSpectre","floor":55,"key":"SMITH"}],"circlet_count":0,"master_deck":["AscendersBane","Koishi:BasicDefend+1","Koishi:BasicDefend+1","Koishi:BasicDefend+1","Koishi:Provoke+1","Koishi:HauntingSlash","Koishi:JumpScare+1","Koishi:YoukaiPolygraph","Koishi:StingingMind+1","Koishi:RacingHeart","Koishi:TerrifyingSpectre+1","Koishi:HeartStoppingHorror+1","Koishi:Untouchable","Koishi:FidgetySnatcher+1","Koishi:TremblingHands+1","Koishi:PredatoryInstincts","Koishi:ImGoingToCallYouNow+1","Koishi:TerrifyingSpectre+1","Finesse","Finesse","infinitespire:Collect+1"],"relics":["Koishi:ImaginaryFriend","Letter Opener","beaked:ShinyBauble","aspiration:HatOfInfinitePower","hubris:64BitClover","Sundial","MerchantsRug","Membership Card","Counterbalance","White_Cape","Torii","Replay:Ringing Soul","Replay:Mystery Machine","Garlic","hubris:SlimyHat","Mercury Hourglass","aspiration:ArtOfWarUpgrade","Ornamental Fan","Bottled Tornado","Bronze Scales","Ancient Tea Set","hubris:MedicalManual","Durian","infinitespire:BottledMercury","Eternal Feather","theSenshi:SailorFukuRelic","CaptainsWheel","Replay:Bottled Eggs"],"acts_visited":["Exordium","TheCity","TheBeyond","TheEnding"],"potions_floor_usage":[52,52,57],"damage_taken":[{"damage":1,"enemies":"Cultist","floor":1,"turns":3},{"damage":1,"enemies":"Small Slimes","floor":2,"turns":3},{"damage":12,"enemies":"Jaw Worm","floor":3,"turns":2},{"damage":0,"enemies":"2 Fungi Beasts","floor":5,"turns":3},{"damage":2,"enemies":"Replay:BlueRogue","floor":6,"turns":5},{"damage":32,"enemies":"Lagavulin","floor":8,"turns":6},{"damage":1,"enemies":"3 Sentries","floor":11,"turns":4},{"damage":9,"enemies":"Hexaghost","floor":16,"turns":8},{"damage":2,"enemies":"Shell Parasite","floor":18,"turns":4},{"damage":19,"enemies":"2 Thieves","floor":20,"turns":3},{"damage":3,"enemies":"3 Cultists","floor":21,"turns":5},{"damage":1,"enemies":"Shelled Parasite and Fungi","floor":22,"turns":5},{"damage":26,"enemies":"Slavers","floor":24,"turns":5},{"damage":15,"enemies":"Snake Plant","floor":25,"turns":4},{"damage":0,"enemies":"Automaton","floor":33,"turns":8},{"damage":8,"enemies":"Orb Walker","floor":35,"turns":2},{"damage":35,"enemies":"3 Darklings","floor":36,"turns":4},{"damage":11,"enemies":"Writhing Mass","floor":38,"turns":6},{"damage":17,"enemies":"infinitespire:Three Voidlings","floor":39,"turns":5},{"damage":18,"enemies":"Nightmare_Alpha","floor":39,"turns":9},{"damage":0,"enemies":"Giant Head","floor":40,"turns":10},{"damage":0,"enemies":"R_Hoarder","floor":42,"turns":7},{"damage":1,"enemies":"Sphere and 2 Shapes","floor":50,"turns":5},{"damage":31,"enemies":"hubris:GrandSnecko","floor":52,"turns":11},{"damage":3,"enemies":"Shield and Spear","floor":56,"turns":5},{"damage":3,"enemies":"The Heart","floor":57,"turns":1}],"seed_played":"-379587088053931190","potions_obtained":[{"floor":1,"key":"EntropicBrew"},{"floor":5,"key":"Elixir"},{"floor":56,"key":"PowerPotion"}],"is_trial":false,"path_per_floor":["M","M","M","?","M","E","?","E","T","R","E","?","$","?","R","B",null,"M","$","M","M","M","R","E","M","T","R","?","R","?","?","R","B",null,"M","M","$","M","?","E","R","E","T","R","?","PTL","PTL","?","AVR","M","R","B",null,"$","R","E","B",null],"character_chosen":"KOISHI","items_purchased":["Letter Opener","beaked:ShinyBauble","Koishi:JumpScare","Koishi:YoukaiPolygraph","Koishi:StingingMind","Sundial","MerchantsRug","Membership Card","White_Cape","Replay:Ringing Soul","Replay:Mystery Machine","Ornamental Fan","Koishi:FidgetySnatcher","Bottled Tornado","Koishi:TremblingHands+1","CaptainsWheel","Strength Potion"],"campfire_rested":0,"item_purchase_floors":[0,0,0,0,0,0,0,0,0,0,0,13,19,19,19,54,54],"current_hp_per_floor":[60,60,57,39,47,63,63,53,53,53,58,63,63,63,63,71,74,77,80,74,79,80,80,72,73,73,73,73,73,73,73,73,86,86,86,86,86,89,92,100,100,100,100,100,93,93,93,93,96,103,103,103,103,103,103,103,100],"gold":578,"neow_bonus":"","is_daily":false,"chose_seed":false,"campfire_upgraded":7,"win_rate":0.0,"timestamp":1609729725,"path_taken":["M","?","M","?","M","E","?","E","T","R","E","?","$","?","R","BOSS","M","$","M","?","M","R","E","M","T","R","?","R","?","?","R","BOSS","M","M","$","M","?","E","R","E","T","R","?","PTL","PTL","?","AVR","M","R","BOSS","$","R","E","BOSS"],"items_purchased_type":["Relic","Relic","Card","Card","Card","Relic","Relic","Relic","Relic","Relic","Relic","Relic","Card","Relic","Card","Relic","Potion"],"build_version":"2020-12-22","purchased_purges":6,"victory":true,"max_hp_per_floor":[60,60,60,60,60,63,63,63,63,63,63,68,68,68,68,71,74,77,80,80,80,80,80,83,83,83,83,83,83,83,83,83,86,86,86,86,86,89,92,100,100,100,100,100,103,103,103,103,103,103,103,103,103,103,103,103,103],"card_choices":[{"not_picked":["Koishi:SubterraneanRose","Koishi:BloodcurdlingScream"],"picked":"Koishi:RacingHeart","floor":1},{"not_picked":["Koishi:GeneticsOfTheUnconscious","Koishi:Bloodlust","Koishi:EmbersOfLove"],"picked":"SKIP","floor":2},{"not_picked":["Koishi:FourthEye","Koishi:UnansweredLove","Koishi:LastRemote"],"picked":"SKIP","floor":3},{"not_picked":["Koishi:FreudianInstinct","Koishi:Prune","Koishi:TraumaticStroke"],"picked":"SKIP","floor":5},{"not_picked":["Koishi:SubconsciousSweep","Koishi:IdleWhim"],"picked":"Koishi:UnseenTerror","floor":6},{"not_picked":["Koishi:PerfectMindControl","Koishi:PhantomBarrier","Koishi:HeartfeltFancy"],"picked":"SKIP","floor":8},{"not_picked":["Koishi:JumpScare","Koishi:FleetingPhantom","Koishi:Jaunt"],"picked":"SKIP","floor":11},{"not_picked":["Koishi:MentalBreakdown","Koishi:GrowingPain"],"picked":"Koishi:TerrifyingSpectre","floor":16},{"not_picked":["Koishi:SubterraneanRose","Koishi:VengefulSpirit"],"picked":"Koishi:Untouchable","floor":18},{"not_picked":["Koishi:SubterraneanRose","Koishi:EmbryosDream+1","Koishi:Jaunt+1"],"picked":"SKIP","floor":20},{"not_picked":["Koishi:SpiritedAway","Koishi:ReleaseOfTheId+1","Koishi:BloodcurdlingScream"],"picked":"SKIP","floor":21},{"not_picked":["Koishi:HeartAttack","Koishi:LastRemote","Koishi:UnconsciousUprising+1"],"picked":"SKIP","floor":22},{"not_picked":["Koishi:HeartfeltFancy","Koishi:TraumaticStroke"],"picked":"Koishi:PredatoryInstincts","floor":24},{"not_picked":["Koishi:ReleaseOfTheId","Koishi:Possession","Koishi:HeartfeltFancy"],"picked":"SKIP","floor":25},{"not_picked":["Koishi:RoseHell","Koishi:SuperEgo"],"picked":"Koishi:ImGoingToCallYouNow","floor":33},{"not_picked":["Koishi:UnansweredLove+1","Koishi:BloodcurdlingScream","Koishi:UnconsciousUrges+1"],"picked":"SKIP","floor":35},{"not_picked":["Koishi:Bloodlust+1","Koishi:BloodcurdlingScream","Koishi:PerfectMindControl"],"picked":"SKIP","floor":36},{"not_picked":["Koishi:Bloodlust+1","Koishi:BloodcurdlingScream","Koishi:PerfectMindControl"],"picked":"SKIP","floor":36},{"not_picked":["Koishi:Jaunt+1","Koishi:DreadfulBlow","Koishi:EmbryosDream+1"],"picked":"SKIP","floor":38},{"not_picked":["infinitespire:UltimateForm","hubris:InfiniteBlow+102"],"picked":"infinitespire:SealOfDarkness+","floor":39},{"not_picked":["Koishi:BramblyRoseGarden+1","Koishi:MassHysteria"],"picked":"Koishi:TerrifyingSpectre","floor":40},{"not_picked":["Koishi:JumpScare","Koishi:StingingMind","Koishi:PhantomStrike"],"picked":"SKIP","floor":42},{"not_picked":["Dark Shackles","PanicButton"],"picked":"Finesse","floor":45},{"not_picked":["ReplayTheSpireMod:Private Reserves","The Bomb"],"picked":"Finesse","floor":45},{"not_picked":["Koishi:FidgetySnatcher","Koishi:Jaunt","Koishi:MentalBreakdown"],"picked":"SKIP","floor":50},{"not_picked":["Koishi:UnansweredLove","Koishi:FleetingPhantom","Koishi:VengefulSpirit+1"],"picked":"SKIP","floor":56}],"player_experience":1707737,"relics_obtained":[{"floor":6,"key":"Garlic"},{"floor":8,"key":"hubris:SlimyHat"},{"floor":9,"key":"Mercury Hourglass"},{"floor":11,"key":"Art of War"},{"floor":20,"key":"Matryoshka"},{"floor":24,"key":"Bronze Scales"},{"floor":38,"key":"Ancient Tea Set"},{"floor":39,"key":"hubris:MedicalManual"},{"floor":40,"key":"Durian"},{"floor":42,"key":"infinitespire:BottledMercury"},{"floor":43,"key":"Eternal Feather"},{"floor":43,"key":"theSenshi:SailorFukuRelic"},{"floor":56,"key":"Replay:Bottled Eggs"}],"event_choices":[{"damage_healed":0,"gold_gain":0,"player_choice":"Entered Light","damage_taken":18,"max_hp_gain":0,"max_hp_loss":0,"event_name":"Shining Light","floor":4,"gold_loss":0,"cards_upgraded":["Koishi:BasicStrike","Koishi:Provoke"]},{"damage_healed":0,"gold_gain":0,"player_choice":"Donut","damage_taken":0,"max_hp_gain":5,"max_hp_loss":0,"event_name":"Big Fish","floor":12,"gold_loss":0},{"cards_removed":["Koishi:BasicDefend"],"damage_healed":0,"gold_gain":0,"player_choice":"Purged","damage_taken":0,"max_hp_gain":0,"max_hp_loss":0,"event_name":"Purifier","floor":14,"gold_loss":0},{"damage_healed":0,"gold_gain":0,"player_choice":"Memory 3","damage_taken":10,"max_hp_gain":0,"max_hp_loss":0,"event_name":"SensoryStone","floor":45,"gold_loss":0},{"damage_healed":0,"gold_gain":0,"player_choice":"Ignored","damage_taken":0,"max_hp_gain":0,"max_hp_loss":0,"event_name":"SecretPortal","floor":48,"gold_loss":0}],"is_beta":false,"boss_relics":[{"not_picked":["hubris:ScarierMask","aspiration:BeakedSkillbook"],"picked":"beaked:SacredDeck"},{"not_picked":["aspiration:FutureDiary","Snecko Heart","Runic Dome"]}],"items_purged_floors":[0,0,13,19,37,49],"is_endless":false,"potions_floor_spawned":[1,5,16,18,20,24,33,35,36,39,56],"ascension_level":15}}