{"host":"sq533724ysd7e9og","time":1609726691,"event":{"mods":["Act Like it!","Aspiration","Astrologer","BaseMod","Better Third Choice","CapriCore","Colored Map","Conspire","Custom Start","Dio Mod","Dota2Spire","Friendly Minions","Gensokyo","Halation","Hermit","HololiveMod","Hubris","Infinite Spire","Koishi","KomeijiMod","LagranYue(?????)","Lobotomy","LobotomyExtend","Mad Scientist","Marisa????????","Minty Spire (QoL Compilation)","MostiFishMod","Replay The Spire","SOS???????","Shade Mod","Small Relic Pack","StSLib","The Administrix","The Animator","The Cursed","The Forsaken","The Gatherer","The Servant 0.9.4","The Wild Card","Waifu the Spire","Yakumo Yukari mod","Yuyuko","??????REMEMod"],"gold_per_floor":[110,128,139,139,150,150,71,82,82,82,93,113,113,276,276,376,376,388,388,413,116,127,157,157,157,210,236,236,236,236],"floor_reached":28,"playtime":1427,"items_purged":[],"score":350,"play_id":"1cb9ab37-d247-4397-8fed-8bb9881726f9","local_time":"25640104091811","daily_mods":["Chimera"],"is_ascension_mode":false,"metric_token":2769,"campfire_choices":[{"data":"animator:NarberalGamma","floor":6,"key":"SMITH"},{"data":"Genetic Algorithm","floor":13,"key":"SMITH"},{"data":"Koishi:UnconsciousUrges","floor":15,"key":"SMITH"},{"data":"Shade:FingerOfDeath","floor":24,"key":"SMITH"}],"circlet_count":0,"master_deck":["Bash","Survivor","Strike_R+1","Strike_G+1","Defend_R","Defend_G","MadScienceMod:Sprocket","Tantrum","animator:NarberalGamma+1","Genetic Algorithm+1","MeetDecomposer_purple","KoKei+1","Koishi:UnconsciousUrges+1","HeartBreak_Remiria+1","Sword Boomerang+1","Night Terror+1","dioMod:Hiss+1","Gatherer:QuickSynthesis+1","TheCursedMod:StingEye+1","Shade:FingerOfDeath+1","relicPack:TruthCard","BarrageBoundary_PipeDream_purple+1","Offering+1","MostiFishMod:TalkingToTheRain+1","theWildCard:CryOfAgony"],"relics":["Gatherer:AlchemyBag","DaveBox","REME_ComplimentaryCards","LagranYue:RandomDrawCardRelic","PrismaticShard","OneHitWonderSystem","SynthV:TestCard","LetterFromLob","Ornamental Fan","Golden Egg","Ring of Chaos","Toxic Egg 2","ReplayTheSpireMod:Ninjato","aspiration:FetidBarrel","relicPack:EdsArm","Happy Flower","Simple Rune"],"acts_visited":["Gensokyo:Gensokyo","Gensokyo:Gensokyoer"],"potions_floor_usage":[16,16,16,16,16,22],"damage_taken":[{"damage":0,"enemies":"Gensokyo:Gryphon","floor":1,"turns":2},{"damage":0,"enemies":"Gensokyo:Python","floor":2,"turns":3},{"damage":0,"enemies":"Gensokyo:3_Fairies","floor":3,"turns":4},{"damage":0,"enemies":"Gensokyo:VengefulSpirit","floor":5,"turns":2},{"damage":0,"enemies":"Gensokyo:3_Kodama","floor":8,"turns":3},{"damage":0,"enemies":"Gensokyo:Kitsune","floor":11,"turns":3},{"damage":0,"enemies":"Gensokyo:VengefulSpirit","floor":12,"turns":3},{"damage":0,"enemies":"Gensokyo:Python_and_Kodama","floor":14,"turns":4},{"damage":0,"enemies":"Gensokyo:Yukari","floor":16,"turns":8},{"damage":0,"enemies":"Gensokyo:CosmicMonolith","floor":18,"turns":3},{"damage":0,"enemies":"conspire:MimicChest","floor":20,"turns":4},{"damage":0,"enemies":"Gensokyo:AngelMirror","floor":22,"turns":4},{"damage":0,"enemies":"Gensokyo:Koishi","floor":23,"turns":5},{"damage":0,"enemies":"Gensokyo:Tenshi","floor":27,"turns":3},{"damage":1,"enemies":"Gensokyo:3_Gloops","floor":28,"turns":1}],"seed_played":"-4582421513864056120","potions_obtained":[{"floor":1,"key":"EssenceOfSteel"},{"floor":8,"key":"EntropicBrew"},{"floor":12,"key":"CalmPotion"},{"floor":14,"key":"SmokeBomb"},{"floor":18,"key":"Dexterity Potion"},{"floor":20,"key":"Dota2Spire:Clarity"},{"floor":23,"key":"Strength Potion"}],"is_trial":true,"path_per_floor":["M","M","M","$","M","R","COS","M","T","M","M","M","R","M","R","B",null,"M","?","?","$","M","E","R","?","T","E","M"],"character_chosen":"THE_GATHERER","items_purchased":["ReplayTheSpireMod:Ninjato","Gatherer:QuickSynthesis+1"],"campfire_rested":0,"item_purchase_floors":[21,21],"current_hp_per_floor":[1,1,1,1,1,1,1,1,1,1,1,1,1,1,1,1,1,1,1,1,1,1,1,1,1,1,1,0,0,0],"gold":236,"neow_bonus":"","is_daily":false,"chose_seed":false,"campfire_upgraded":4,"win_rate":0.0,"timestamp":1609726691,"path_taken":["M","M","M","?","?","R","COS","M","T","M","M","M","R","M","R","BOSS","M","?","?","?","?","E","R","?","T","E","M"],"items_purchased_type":["Relic","Card"],"build_version":"2020-12-22","purchased_purges":0,"victory":false,"max_hp_per_floor":[1,1,1,1,1,1,1,1,1,1,1,1,1,1,1,1,1,1,1,1,1,1,1,1,1,1,1,1,1,1],"card_choices":[{"not_picked":["ShyakuBuku","Prostrate"],"picked":"MadScienceMod:Sprocket","floor":1},{"not_picked":["hermit:WideOpen","ParadiseLost","theWildCard:SacrificialStroke","animator:Millim"],"picked":"Tantrum","floor":2},{"not_picked":["Monster Cherry Tree","theForsaken:LightRoll","LagranYue:AttackCrowCrossbowCard","FrostShard"],"picked":"animator:NarberalGamma","floor":3},{"not_picked":["animator:Viivi","LagranYue:AttackBetterCard","dioMod:DisarmingVoice","Unruled"],"picked":"Genetic Algorithm","floor":5},{"not_picked":["animator:Shinoa","Agarareta+1","astrologer:Judgement","animator:PandorasActor"],"picked":"MeetDecomposer_purple","floor":8},{"not_picked":["Sentinel","hermit:Dive","Boundary_ObjectiveBoundary_purple","Reprogram"],"picked":"KoKei+1","floor":11},{"not_picked":["TheCursedMod:SurpriseAttack","Self Repair","Beam Cell","AlicesGift"],"picked":"Koishi:UnconsciousUrges","floor":12},{"not_picked":["Underhanded Strike","AdministrixMod:CenturiesAscent","IllusionStar","Melter"],"picked":"animator:IzunaHatsuse","floor":14},{"not_picked":["LagranYue:PowerDoubleArmsCard","MostiFishMod:Tomorrow","FateSonata","REME_Fury"],"picked":"HeartBreak_Remiria","floor":16},{"not_picked":["Kick13","Hypocrisy","animator:Benimaru","Gatherer:ScherryThrow+1"],"picked":"Sword Boomerang+1","floor":18},{"not_picked":["Redemption of Death","MadScienceMod:AntimatterBomb+1","WumiGaWareru","Rebound"],"picked":"dioMod:Hiss+1","floor":20},{"not_picked":["Darkness+1","Dodge and Roll+1","Noxious Fumes","LagranYue:SkillTestamentCard+1"],"picked":"TheCursedMod:StingEye+1","floor":22},{"not_picked":["Rewrite+1","Gensokyo:BrilliantDragonBullet","Headbutt+1","LagranYue:SkillWoodSpearCard"],"picked":"Shade:FingerOfDeath","floor":23},{"not_picked":["Storm","Double Tap+1","LagranYue:DefendBetterCard+1","Gauzy Sakura+1"],"picked":"theWildCard:CryOfAgony","floor":27}],"player_experience":145868,"relics_obtained":[{"floor":1,"key":"SynthV:TestCard"},{"floor":1,"key":"LetterFromLob"},{"floor":9,"key":"Ornamental Fan"},{"floor":20,"key":"Toxic Egg 2"},{"floor":23,"key":"aspiration:FetidBarrel"},{"floor":26,"key":"Happy Flower"},{"floor":27,"key":"Simple Rune"}],"event_choices":[],"is_beta":false,"boss_relics":[{"not_picked":["Replay:Drink Me","halation:ForbiddenBikini"],"picked":"Ring of Chaos"}],"items_purged_floors":[],"is_endless":false,"potions_floor_spawned":[1,8,12,14,18,20,23],"killed_by":"Gensokyo:3_Gloops","ascension_level":0}}