{"host":"ijmqth23a408ytzh","time":1609741504,"event":{"mods":["BaseMod","Curses Come First","Downfall","Minty Spire (QoL Compilation)","StSLib"],"gold_per_floor":[99,112,132,149,149,164,210,44,60,5,17,17,30,40,54,155,155,80,94,94,194,194,212,288,315,334,334,350,350,365,6,25,125,125,125,142,152,164,178,178,178,178,207,225,33,33,33,78,89,89],"floor_reached":51,"playtime":23443,"items_purged":["Guardian:Defend_Guardian"],"score":722,"play_id":"5b2db4fd-5f14-45c2-bb40-d22a2306f1b4","local_time":"20210103222504","is_ascension_mode":false,"campfire_choices":[{"floor":1.0,"key":"RECALL"},{"data":"Guardian:EvasiveProtocol","floor":12.0,"key":"SMITH"},{"data":"Guardian:DecasProtection","floor":18.0,"key":"SMITH"},{"data":"Guardian:ArmoredProtocol","floor":29.0,"key":"SMITH"},{"data":"Panache","floor":35.0,"key":"SMITH"},{"floor":46.0,"key":"REST"}],"circlet_count":0,"master_deck":["Guardian:CurlUp","Guardian:TwinSlam","Guardian:BronzeOrb","Guardian:Planning","Guardian:DecasProtection+1","Guardian:MultiBeam+1","Guardian:ArmoredProtocol+1","Guardian:FloatingOrbs","Guardian:EvasiveProtocol+1","Guardian:RollAttack+1","Guardian:HyperBeam_Guardian","Guardian:TimeSifter","Slimebound:Tackle+1","Slimebound:Tackle+1","Guardian:TemporalShield+1","Guardian:Clone+1","Guardian:Recover+1","Guardian:ArmoredProtocol+1","Guardian:ArmoredProtocol+1","Guardian:CrystalBeam","Guardian:ShieldSpikes+1","Panache+1","Guardian:ArmoredProtocol+1","Guardian:SphericShield+1","Guardian:TemporalShield+1","Guardian:StasisStrike+1","Guardian:TemporalStrike+1","Guardian:ChargeUp+1","Guardian:PiercingHide+1","Guardian:SpikerProtocol","Guardian:Recover+1","Guardian:TimeCapacitor+1","expansioncontent:DashGenerateEvil","Guardian:ArmoredProtocol+1"],"relics":["Guardian:ModeShifter","Nunchaku","MealTicket","Centennial Puzzle","SlaversCollar","downfall:HeartBlessingRed","Torii","Sundial","Toxic Egg 2","Question Card","DollysMirror","Astrolabe","Whetstone","Mummified Hand","FossilizedHelix"],"acts_visited":["Exordium","TheCity","TheBeyond"],"potions_floor_usage":[48],"damage_taken":[{"damage":1.0,"enemies":"Cultist","floor":2.0,"turns":4.0},{"damage":0.0,"enemies":"2 Louse","floor":3.0,"turns":2.0},{"damage":0.0,"enemies":"Jaw Worm","floor":4.0,"turns":4.0},{"damage":13.0,"enemies":"Large Slime","floor":6.0,"turns":6.0},{"damage":0.0,"enemies":"downfall:FleeingMerchant","floor":8.0,"turns":4.0},{"damage":0.0,"enemies":"Lots of Slimes","floor":9.0,"turns":1.0},{"damage":11.0,"enemies":"downfall:FleeingMerchant","floor":10.0,"turns":4.0},{"damage":11.0,"enemies":"Gremlin Gang","floor":11.0,"turns":4.0},{"damage":0.0,"enemies":"Blue Slaver","floor":13.0,"turns":4.0},{"damage":0.0,"enemies":"Exordium Wildlife","floor":14.0,"turns":2.0},{"damage":6.0,"enemies":"Large Slime","floor":15.0,"turns":5.0},{"damage":10.0,"enemies":"downfall:Defect","floor":16.0,"turns":8.0},{"damage":0.0,"enemies":"3 Byrds","floor":19.0,"turns":3.0},{"damage":1.0,"enemies":"downfall:Ironclad","floor":21.0,"turns":5.0},{"damage":0.0,"enemies":"Shell Parasite","floor":23.0,"turns":4.0},{"damage":8.0,"enemies":"Slavers","floor":25.0,"turns":4.0},{"damage":0.0,"enemies":"Snecko","floor":26.0,"turns":5.0},{"damage":0.0,"enemies":"3 Cultists","floor":28.0,"turns":5.0},{"damage":1.0,"enemies":"Cultist and Chosen","floor":30.0,"turns":6.0},{"damage":0.0,"enemies":"downfall:FleeingMerchant","floor":31.0,"turns":4.0},{"damage":0.0,"enemies":"Shelled Parasite and Fungi","floor":32.0,"turns":2.0},{"damage":1.0,"enemies":"downfall:Watcher","floor":33.0,"turns":9.0},{"damage":0.0,"enemies":"3 Shapes","floor":36.0,"turns":5.0},{"damage":1.0,"enemies":"Orb Walker","floor":37.0,"turns":4.0},{"damage":1.0,"enemies":"4 Shapes","floor":38.0,"turns":3.0},{"damage":2.0,"enemies":"Sphere and 2 Shapes","floor":39.0,"turns":4.0},{"damage":25.0,"enemies":"Nemesis","floor":43.0,"turns":11.0},{"damage":0.0,"enemies":"3 Darklings","floor":44.0,"turns":4.0},{"damage":0.0,"enemies":"downfall:FleeingMerchant","floor":45.0,"turns":4.0},{"damage":10,"enemies":"2 Orb Walkers","floor":48,"turns":4},{"damage":0,"enemies":"Spire Growth","floor":49,"turns":5},{"damage":2,"enemies":"downfall:Ironclad","floor":50,"turns":10}],"seed_played":"-8987067570250399873","potions_obtained":[{"floor":2.0,"key":"Guardian:DefensiveModePotion"},{"floor":3.0,"key":"DuplicationPotion"},{"floor":11.0,"key":"sneckomod:MuddlingPotion"},{"floor":14.0,"key":"DuplicationPotion"},{"floor":15.0,"key":"AttackPotion"},{"floor":21.0,"key":"Energy Potion"},{"floor":32.0,"key":"Fire Potion"},{"floor":33.0,"key":"Ancient Potion"},{"floor":43.0,"key":"LiquidBronze"},{"floor":44.0,"key":"SkillPotion"},{"floor":49,"key":"Energy Potion"}],"is_trial":false,"path_per_floor":["R","M","M","M","?","M","T","$","M","$","M","R","M","M","M","B",null,"R","M","?","?","?","M","T","E","M","?","M","R","M","$","M","B",null,"R","M","M","M","M","?","T","T","E","M","$","R","?","?","M","B",null],"character_chosen":"GUARDIAN","items_purchased":["Guardian:FloatingOrbs","Guardian:EvasiveProtocol","Panache","DollysMirror","expansioncontent:DashGenerateEvil"],"campfire_rested":1,"item_purchase_floors":[8,10,31,31,45],"current_hp_per_floor":[80,79,79,79,61,48,48,63,63,67,56,56,56,56,50,40,80,80,80,80,79,79,79,79,71,71,71,71,71,70,80,80,79,80,80,80,79,78,76,76,76,76,51,51,66,80,80,70,70,68],"gold":89,"neow_bonus":"RANDOM_COMMON_RELIC","is_daily":false,"chose_seed":false,"campfire_upgraded":4,"win_rate":0.0,"timestamp":1609741504,"path_taken":["R","M","M","?","?","M","T","$","M","$","M","R","M","M","M","BOSS","R","M","?","?","?","M","T","E","M","?","?","R","M","$","M","BOSS","R","M","M","M","?","?","T","?","E","M","$","R","?","?","M","BOSS"],"items_purchased_type":["Card","Card","Card","Relic","Card"],"build_version":"2020-12-22","purchased_purges":1,"victory":true,"max_hp_per_floor":[80,80,80,80,80,80,80,80,80,80,80,80,80,80,80,80,80,80,80,80,80,80,80,80,80,80,80,80,80,80,80,80,80,80,80,80,80,80,80,80,80,80,80,80,80,80,80,80,80,80],"card_choices":[{"not_picked":["Guardian:VentSteam","Guardian:Gem_Green"],"picked":"Guardian:BronzeOrb","floor":2.0},{"not_picked":["Guardian:Reroute","Guardian:Clone"],"picked":"Guardian:Planning","floor":3.0},{"not_picked":["Guardian:VentSteam","Guardian:PrimingBeam"],"picked":"Guardian:DecasProtection","floor":4.0},{"not_picked":["Guardian:PrimingBeam","Guardian:ChargeCore"],"picked":"Guardian:MultiBeam","floor":6.0},{"not_picked":["Guardian:ShieldCharger","Guardian:GuardianWhirl"],"picked":"Guardian:ArmoredProtocol","floor":8.0},{"not_picked":["Guardian:ChargeUp","Guardian:VentSteam"],"picked":"Guardian:PiercingHide","floor":9.0},{"not_picked":["Guardian:StasisStrike","Guardian:Suspension"],"picked":"Guardian:Gem_Blue","floor":10.0},{"not_picked":["Guardian:Gem_Lightblue","Guardian:Gem_Red"],"picked":"Guardian:Gem_White","floor":11.0},{"not_picked":["Guardian:Incinerate","Guardian:EvasiveProtocol"],"picked":"Guardian:RollAttack","floor":13.0},{"not_picked":["Guardian:TemporalShield","Guardian:ShieldCharger"],"picked":"Guardian:Gem_White","floor":14.0},{"not_picked":["Guardian:Reroute","Guardian:TemporalShield"],"picked":"Guardian:HyperBeam_Guardian","floor":15.0},{"not_picked":["Guardian:StasisField","Guardian:FastForward"],"picked":"Guardian:TimeSifter","floor":16.0},{"not_picked":["Guardian:TemporalShield","Guardian:Gem_Red"],"picked":"Guardian:Gem_Fragmented","floor":19.0},{"not_picked":["Guardian:Gem_Cyan","Guardian:VentSteam"],"picked":"Guardian:TemporalShield+1","floor":21.0},{"not_picked":["Guardian:ShieldCharger","Guardian:Gem_Purple"],"picked":"Guardian:Clone+1","floor":23.0},{"not_picked":["Guardian:ConstructionForm","Guardian:ShieldCharger+1"],"picked":"Guardian:Recover+1","floor":25.0},{"not_picked":["Guardian:RollAttack","Guardian:Gem_White","Guardian:Planning+1"],"picked":"Guardian:ArmoredProtocol+1","floor":26.0},{"not_picked":["Guardian:PrimingBeam","Guardian:ConstructionForm","Guardian:Gem_Green"],"picked":"Guardian:CrystalBeam","floor":28.0},{"not_picked":["Guardian:SentryBeam","Guardian:Repulse","Guardian:RollAttack"],"picked":"Guardian:ShieldSpikes+1","floor":30.0},{"not_picked":["Guardian:FastForward+1","Guardian:WalkerClaw","Guardian:CrystalBeam+1"],"picked":"Guardian:Gem_Cyan","floor":31.0},{"not_picked":["Guardian:EvasiveProtocol","Guardian:ShieldSpikes+1","Guardian:ChargeCore"],"picked":"Guardian:Gem_Purple","floor":32.0},{"not_picked":["Guardian:Gem_Orange","Guardian:ConstructionForm","Guardian:BaubleBeam"],"picked":"Guardian:SphericShield+1","floor":33.0},{"not_picked":["Guardian:Gem_Purple","Guardian:PrimingBeam+1","Guardian:Gem_Red"],"picked":"Guardian:ChargeUp+1","floor":36.0},{"not_picked":["Guardian:MultiBeam+1","Guardian:CrystalBeam+1","Guardian:Gem_Lightblue","Guardian:PrimingBeam+1"],"picked":"SKIP","floor":37.0},{"not_picked":["Guardian:PrimingBeam+1","Guardian:PolyBeam","Guardian:Reroute+1"],"picked":"Guardian:PiercingHide+1","floor":38.0},{"not_picked":["Guardian:RefractedBeam","Guardian:Gem_Lightblue","Guardian:ChargeCore","Guardian:Suspension+1"],"picked":"SKIP","floor":39.0},{"not_picked":["Guardian:BronzeOrb","Guardian:TemporalShield+1","Guardian:WalkerClaw+1"],"picked":"Guardian:SpikerProtocol","floor":43.0},{"not_picked":["Guardian:Harden+1","Guardian:StasisStrike","Guardian:Suspension+1"],"picked":"Guardian:Recover+1","floor":44.0},{"not_picked":["Guardian:WalkerClaw+1","Guardian:Recover+1","Guardian:PrimingBeam"],"picked":"Guardian:TimeCapacitor+1","floor":45.0},{"not_picked":["Guardian:PiercingHide+1","Guardian:Gem_Lightblue","Guardian:Gem_Green"],"picked":"Guardian:ArmoredProtocol+1","floor":48},{"not_picked":["Guardian:VentSteam+1","Guardian:WalkerClaw+1","Guardian:CrystalBeam","Guardian:RollAttack"],"picked":"SKIP","floor":49}],"player_experience":714066,"relics_obtained":[{"floor":7.0,"key":"Centennial Puzzle"},{"floor":21.0,"key":"Torii"},{"floor":21.0,"key":"Sundial"},{"floor":24.0,"key":"Toxic Egg 2"},{"floor":25.0,"key":"Question Card"},{"floor":42.0,"key":"Whetstone"},{"floor":43.0,"key":"Mummified Hand"},{"floor":48,"key":"FossilizedHelix"}],"event_choices":[{"damage_healed":0.0,"max_hp_gain":0.0,"max_hp_loss":0.0,"gold_gain":0.0,"event_name":"Scrap Ooze","player_choice":"Success","floor":5.0,"gold_loss":0.0,"damage_taken":18.0,"relics_obtained":["MealTicket"]},{"damage_healed":0.0,"max_hp_gain":0.0,"max_hp_loss":0.0,"gold_gain":0.0,"event_name":"Duplicator","player_choice":"Copied","floor":27.0,"gold_loss":0.0,"damage_taken":0.0,"cards_obtained":["Guardian:ArmoredProtocol"]},{"cards_removed":["Guardian:PiercingHide"],"damage_healed":0.0,"max_hp_gain":0.0,"max_hp_loss":0.0,"gold_gain":0.0,"event_name":"Falling","player_choice":"Removed Skill","floor":47.0,"gold_loss":0.0,"damage_taken":0.0},{"damage_healed":0,"gold_gain":0,"player_choice":"Fight","damage_taken":0,"max_hp_gain":0,"max_hp_loss":0,"event_name":"Mysterious Sphere","floor":48,"gold_loss":0}],"is_beta":false,"boss_relics":[{"not_picked":["Sozu","Tiny House"],"picked":"SlaversCollar"},{"not_picked":["Calling Bell","Runic Pyramid"],"picked":"Astrolabe"}],"items_purged_floors":[8],"is_endless":false,"potions_floor_spawned":[2,3,11,14,15,16,21,25,26,28,32,33,43,44,49],"ascension_level":0}}