{"host":"sl4rf9j4s63ev6os","time":1609750031,"event":{"mods":["AchievementEnabler","BaseMod","Colored Map","Colored Powertips","DeckTracker","Minty Spire (QoL Compilation)","Relic Sorter"],"gold_per_floor":[110,126,126,144,69,100,117,117,117],"floor_reached":8,"playtime":804,"items_purged":["Defend_G"],"score":61,"play_id":"45877308-d4e0-48f9-8fef-88d7eff6ae67","local_time":"20210104184711","is_ascension_mode":true,"campfire_choices":[],"circlet_count":0,"master_deck":["Strike_G","Strike_G","Strike_G","Strike_G","Strike_G","Defend_G","Defend_G","Defend_G","Defend_G","Survivor","Neutralize","Expertise","Deadly Poison","Well Laid Plans","Deflect"],"relics":["Ring of the Snake","Nunchaku"],"acts_visited":["Exordium"],"potions_floor_usage":[],"damage_taken":[{"damage":0,"enemies":"Jaw Worm","floor":1,"turns":8},{"damage":8,"enemies":"Cultist","floor":2,"turns":7},{"damage":0,"enemies":"Small Slimes","floor":4,"turns":3},{"damage":47,"enemies":"Lagavulin","floor":6,"turns":11},{"damage":2,"enemies":"Exordium Wildlife","floor":7,"turns":6},{"damage":24,"enemies":"Gremlin Nob","floor":8,"turns":3}],"seed_played":"-1824267930997052939","potions_obtained":[{"floor":4,"key":"DuplicationPotion"},{"floor":6,"key":"Dexterity Potion"}],"is_trial":false,"path_per_floor":["M","M","?","M","$","E","M","E"],"character_chosen":"THE_SILENT","items_purchased":[],"campfire_rested":0,"item_purchase_floors":[],"current_hp_per_floor":[77,69,69,69,69,22,20,0,0],"gold":117,"neow_bonus":"TEN_PERCENT_HP_BONUS","is_daily":false,"chose_seed":false,"campfire_upgraded":0,"win_rate":0.0,"timestamp":1609750031,"path_taken":["M","M","?","M","$","E","?","E"],"items_purchased_type":[],"build_version":"2020-12-22","purchased_purges":1,"victory":false,"max_hp_per_floor":[77,77,77,77,77,77,77,77,77],"card_choices":[{"not_picked":["PiercingWail","Footwork"],"picked":"Expertise","floor":1},{"not_picked":["Slice","Tactician"],"picked":"Deadly Poison","floor":2},{"not_picked":["Escape Plan","Predator"],"picked":"Well Laid Plans","floor":4},{"not_picked":["Blade Dance","Leg Sweep","Dodge and Roll"],"picked":"SKIP","floor":6},{"not_picked":["Backflip","Bouncing Flask"],"picked":"Deflect","floor":7}],"player_experience":162588,"relics_obtained":[{"floor":6,"key":"Nunchaku"}],"event_choices":[{"damage_healed":0,"gold_gain":0,"player_choice":"Ignored","damage_taken":0,"max_hp_gain":0,"max_hp_loss":0,"event_name":"WeMeetAgain","floor":3,"gold_loss":0}],"is_beta":false,"boss_relics":[],"items_purged_floors":[5],"is_endless":false,"potions_floor_spawned":[4,6],"killed_by":"Gremlin Nob","ascension_level":1}}