{"host":"newqdrzxfhh2im9e","time":1609724959,"event":{"mods":["AchievementEnabler","BaseMod","BetterRewards","Block Reminder","Colored Map","Jorbs\u0027s Wanderer Trilogy","Minty Spire (QoL Compilation)","Rare Cards Sparkle","Shop Mod","StSLib"],"gold_per_floor":[114,124,144,157,177,205,205,50,50,50,50,16,16,16,16,146,146,166,181,181,106,37,37,77,77,77,77,77,90,90,106,106,234,234,250,27,90,149,173,173,217,217,217,230,255,299,299,299,299,299,299],"floor_reached":50,"playtime":2725,"items_purged":[],"score":670,"play_id":"3ed352cb-528c-478e-8467-b7a1474be732","local_time":"20210103174919","is_ascension_mode":true,"campfire_choices":[{"floor":7,"key":"REST"},{"floor":10,"key":"REST"},{"data":"The Bomb","floor":13,"key":"SMITH"},{"data":"Scrape","floor":15,"key":"SMITH"},{"data":"Buffer","floor":23,"key":"SMITH"},{"data":"Gash","floor":25,"key":"SMITH"},{"data":"Rip and Tear","floor":27,"key":"SMITH"},{"floor":30,"key":"REST"},{"floor":32,"key":"REST"},{"floor":40,"key":"REST"},{"floor":42,"key":"REST"},{"floor":47,"key":"REST"},{"floor":49,"key":"REST"}],"circlet_count":0,"master_deck":["Strike_B","Strike_B","Defend_B","Defend_B+1","Defend_B","Zap","Dualcast","The Bomb+1","Reinforced Body","Gash+1","Go for the Eyes","Scrape+1","Stack+1","Go for the Eyes","Rip and Tear+1","Buffer+1","BootSequence","Cold Snap+1","Defragment+1","Ball Lightning","Static Discharge+1","Melter+1","Thunder Strike","Machine Learning+1","Rebound+1","Consume+1","Undo+1","Doom and Gloom","FTL+1","Hello World+1","Sweeping Beam+1","Go for the Eyes+1","Hello World+1","Sweeping Beam+1","Static Discharge+1"],"relics":["Cracked Core","Bag of Preparation","Regal Pillow","Meat on the Bone","Golden Idol","Nuclear Battery","Frozen Egg 2","Juzu Bracelet","Du-Vu Doll","Astrolabe","War Paint","TungstenRod","Turnip","Happy Flower","The Courier","Potion Belt"],"acts_visited":["Exordium","TheCity","TheBeyond"],"potions_floor_usage":[4,5,6,19,24,31,37,38,44,46],"damage_taken":[{"damage":0,"enemies":"Cultist","floor":1,"turns":3},{"damage":1,"enemies":"2 Louse","floor":2,"turns":2},{"damage":0,"enemies":"Small Slimes","floor":3,"turns":3},{"damage":0,"enemies":"Blue Slaver","floor":4,"turns":3},{"damage":17,"enemies":"Exordium Wildlife","floor":5,"turns":4},{"damage":45,"enemies":"3 Sentries","floor":6,"turns":7},{"damage":26,"enemies":"The Guardian","floor":16,"turns":10},{"damage":10,"enemies":"Shell Parasite","floor":18,"turns":4},{"damage":4,"enemies":"3 Byrds","floor":19,"turns":4},{"damage":10,"enemies":"Slavers","floor":24,"turns":4},{"damage":28,"enemies":"Shelled Parasite and Fungi","floor":29,"turns":6},{"damage":22,"enemies":"Snecko","floor":31,"turns":5},{"damage":49,"enemies":"Automaton","floor":33,"turns":9},{"damage":11,"enemies":"Orb Walker","floor":35,"turns":4},{"damage":0,"enemies":"Mind Bloom Boss Battle","floor":37,"turns":3},{"damage":36,"enemies":"2 Orb Walkers","floor":38,"turns":5},{"damage":4,"enemies":"3 Shapes","floor":39,"turns":4},{"damage":66,"enemies":"Nemesis","floor":41,"turns":9},{"damage":21,"enemies":"Maw","floor":44,"turns":10},{"damage":23,"enemies":"3 Darklings","floor":45,"turns":4},{"damage":31,"enemies":"Reptomancer","floor":46,"turns":5},{"damage":72,"enemies":"Awakened One","floor":50,"turns":8}],"seed_played":"8086657674197392631","potions_obtained":[{"floor":1,"key":"Block Potion"},{"floor":3,"key":"LiquidMemories"},{"floor":4,"key":"Block Potion"},{"floor":18,"key":"Explosive Potion"},{"floor":19,"key":"FocusPotion"},{"floor":31,"key":"Fruit Juice"},{"floor":35,"key":"ColorlessPotion"},{"floor":37,"key":"GamblersBrew"},{"floor":41,"key":"Weak Potion"},{"floor":45,"key":"Dexterity Potion"}],"is_trial":false,"path_per_floor":["M","M","M","M","M","E","R","$","T","R","?","$","R","?","R","B",null,"M","M","?","?","$","R","E","R","T","R","?","M","R","M","R","B",null,"M","$","?","?","M","R","E","R","T","M","M","E","R","?","R","B"],"character_chosen":"DEFECT","items_purchased":["Regal Pillow","Rip and Tear","Defragment+1","War Paint","Doom and Gloom"],"campfire_rested":8,"item_purchase_floors":[8,12,22,36,36],"current_hp_per_floor":[68,67,67,67,50,5,25,25,25,60,43,43,43,43,43,29,58,48,44,44,44,44,44,46,46,46,46,46,30,65,48,73,36,64,53,53,53,29,37,73,19,55,55,46,35,16,52,52,69,0,0],"gold":299,"neow_bonus":"RANDOM_COLORLESS_2","is_daily":false,"chose_seed":false,"campfire_upgraded":5,"win_rate":0.0,"timestamp":1609724959,"path_taken":["M","?","M","M","M","E","R","$","T","R","?","$","R","?","R","BOSS","M","M","?","?","?","R","E","R","T","R","?","M","R","M","R","BOSS","M","$","?","?","M","R","E","R","T","M","M","E","R","?","R","BOSS"],"items_purchased_type":["Relic","Card","Card","Relic","Card"],"build_version":"2020-12-22","purchased_purges":0,"victory":false,"max_hp_per_floor":[68,68,68,68,68,68,68,68,68,68,68,68,68,68,68,68,68,68,68,68,68,68,68,68,68,68,68,68,68,68,73,73,73,73,73,73,73,73,73,73,73,73,73,73,73,73,73,69,69,69,69],"card_choices":[{"not_picked":["Secret Technique","Magnetism"],"picked":"The Bomb","floor":0},{"not_picked":["Stack","Hologram"],"picked":"Reinforced Body","floor":1},{"not_picked":["Stack","Rebound"],"picked":"Gash","floor":2},{"not_picked":["Steam","Streamline"],"picked":"Go for the Eyes","floor":3},{"not_picked":["Gash","Chaos"],"picked":"Scrape","floor":4},{"not_picked":["Coolheaded","Leap"],"picked":"Stack","floor":5},{"not_picked":["Stack","Conserve Battery"],"picked":"Go for the Eyes","floor":6},{"not_picked":["Multi-Cast","Biased Cognition"],"picked":"Buffer","floor":16},{"not_picked":["Coolheaded","Streamline"],"picked":"BootSequence","floor":18},{"not_picked":["Rip and Tear","Redo"],"picked":"Cold Snap+1","floor":19},{"not_picked":["Barrage+1","Compile Driver"],"picked":"Ball Lightning","floor":24},{"not_picked":["Gash","Barrage+1"],"picked":"Static Discharge+1","floor":29},{"not_picked":["Sweeping Beam","Static Discharge+1"],"picked":"Melter+1","floor":31},{"not_picked":["Reboot","All For One"],"picked":"Thunder Strike","floor":33},{"not_picked":["Steam+1","Compile Driver+1"],"picked":"Undo+1","floor":35},{"not_picked":["Cold Snap","Barrage"],"picked":"FTL+1","floor":37},{"not_picked":["Steam","Hologram+1"],"picked":"Hello World+1","floor":38},{"not_picked":["Redo+1","Auto Shields"],"picked":"Sweeping Beam+1","floor":39},{"not_picked":["Reprogram","Tempest"],"picked":"Go for the Eyes+1","floor":41},{"not_picked":["FTL+1","Cold Snap+1"],"picked":"Hello World+1","floor":44},{"not_picked":["Steam+1","Cold Snap"],"picked":"Sweeping Beam+1","floor":45},{"not_picked":["Leap","Hologram"],"picked":"Static Discharge+1","floor":46}],"player_experience":680375,"relics_obtained":[{"floor":6,"key":"Bag of Preparation"},{"floor":9,"key":"Meat on the Bone"},{"floor":24,"key":"Juzu Bracelet"},{"floor":26,"key":"Du-Vu Doll"},{"floor":37,"key":"TungstenRod"},{"floor":38,"key":"Turnip"},{"floor":41,"key":"Happy Flower"},{"floor":43,"key":"The Courier"},{"floor":46,"key":"Potion Belt"}],"event_choices":[{"damage_healed":0,"gold_gain":0,"player_choice":"Take Damage","damage_taken":17,"relics_obtained":["Golden Idol"],"max_hp_gain":0,"max_hp_loss":0,"event_name":"Golden Idol","floor":11,"gold_loss":0},{"damage_healed":0,"gold_gain":0,"player_choice":"Ignored","damage_taken":0,"max_hp_gain":0,"max_hp_loss":0,"event_name":"Liars Game","floor":14,"gold_loss":0},{"damage_healed":0,"gold_gain":0,"player_choice":"Opened","damage_taken":0,"relics_obtained":["Frozen Egg 2"],"max_hp_gain":0,"max_hp_loss":0,"event_name":"The Mausoleum","floor":20,"gold_loss":0,"cards_obtained":["Writhe"]},{"cards_removed":["Writhe"],"damage_healed":0,"gold_gain":0,"player_choice":"Gave Gold","damage_taken":0,"max_hp_gain":0,"max_hp_loss":0,"event_name":"Beggar","floor":21,"gold_loss":75},{"damage_healed":0,"gold_gain":0,"player_choice":"Ignored","damage_taken":0,"max_hp_gain":0,"max_hp_loss":0,"event_name":"Ghosts","floor":28,"gold_loss":0},{"damage_healed":0,"gold_gain":0,"player_choice":"Fight","damage_taken":0,"max_hp_gain":0,"max_hp_loss":0,"event_name":"MindBloom","floor":37,"gold_loss":0},{"damage_healed":0,"gold_gain":0,"player_choice":"Fight","damage_taken":0,"max_hp_gain":0,"max_hp_loss":0,"event_name":"Mysterious Sphere","floor":38,"gold_loss":0},{"damage_healed":0,"gold_gain":0,"player_choice":"Max HP","damage_taken":0,"max_hp_gain":0,"max_hp_loss":4,"event_name":"Winding Halls","floor":48,"gold_loss":0}],"is_beta":false,"boss_relics":[{"not_picked":["Pandora\u0027s Box","Runic Dome"],"picked":"Nuclear Battery"},{"not_picked":["Tiny House","Cursed Key"],"picked":"Astrolabe"}],"items_purged_floors":[],"is_endless":false,"potions_floor_spawned":[1,3,4,18,19,31,35,37,41,45],"killed_by":"Awakened One","ascension_level":5}}