{"host":"kmigwsj5rrfnig2m","time":1609726385,"event":{"mods":["BaseMod","Downfall","Minty Spire (QoL Compilation)","StSLib"],"gold_per_floor":[99,119,132,132,132,152,152,186,205,130,161,174,174,191,204,302,302,227,244,257,257,271,271,271,291,316,316,316],"floor_reached":27,"playtime":2516,"items_purged":[],"score":259,"play_id":"6bf17fa2-96e8-4f85-9785-f5219f1fc643","local_time":"20210103211305","is_ascension_mode":true,"campfire_choices":[{"floor":1,"key":"RECALL"},{"data":"sneckomod:DiceBoulder","floor":10,"key":"SMITH"},{"data":"sneckomod:Rotation","floor":18,"key":"SMITH"}],"circlet_count":0,"master_deck":["sneckomod:Strike","sneckomod:Strike","sneckomod:Defend","sneckomod:Defend+1","sneckomod:Defend","sneckomod:TailWhip","sneckomod:SnekBite","sneckomod:Unknown+1","sneckomod:Unknown+1","sneckomod:UnknownRareSkill","sneckomod:QuickMove","sneckomod:Restock","sneckomod:Rotation+1","sneckomod:DiceBoulder+1","sneckomod:UnknownX","sneckomod:UnknownX","sneckomod:ImprovisedGuard","sneckomod:Unknown1Cost","sneckomod:SoulExchange","sneckomod:UnlimitedRolls","sneckomod:Unknown0Cost+1","sneckomod:TrashToTreasure+1","sneckomod:DiceBoulder","sneckomod:UnknownUncommonPower","sneckomod:Bewildered","sneckomod:Nope"],"relics":["sneckomod:SneckoSoul","The Courier","Blood Vial","downfall:HeartBlessingRed","Bottled Lightning","Philosopher\u0027s Stone","downfall:HeartBlessingGreen","sneckomod:BabySnecko","Frozen Egg 2","Meat on the Bone"],"acts_visited":["Exordium","TheCity"],"potions_floor_usage":[],"damage_taken":[{"damage":3,"enemies":"Small Slimes","floor":2,"turns":5},{"damage":5,"enemies":"Cultist","floor":3,"turns":5},{"damage":2,"enemies":"2 Louse","floor":6,"turns":2},{"damage":10,"enemies":"Lagavulin","floor":8,"turns":8},{"damage":5,"enemies":"Exordium Thugs","floor":9,"turns":3},{"damage":22,"enemies":"3 Sentries","floor":11,"turns":7},{"damage":9,"enemies":"Exordium Wildlife","floor":12,"turns":4},{"damage":0,"enemies":"2 Fungi Beasts","floor":14,"turns":3},{"damage":0,"enemies":"Gremlin Gang","floor":15,"turns":2},{"damage":45,"enemies":"downfall:Watcher","floor":16,"turns":8},{"damage":12,"enemies":"Chosen","floor":19,"turns":4},{"damage":0,"enemies":"Spheric Guardian","floor":20,"turns":3},{"damage":4,"enemies":"Shelled Parasite and Fungi","floor":22,"turns":4},{"damage":27,"enemies":"Snecko","floor":25,"turns":5},{"damage":56,"enemies":"Slavers","floor":26,"turns":6},{"damage":12,"enemies":"downfall:FleeingMerchant","floor":27,"turns":2}],"seed_played":"-7597275816748218602","potions_obtained":[{"floor":3,"key":"Weak Potion"},{"floor":11,"key":"Swift Potion"},{"floor":12,"key":"SteroidPotion"},{"floor":20,"key":"sneckomod:MuddlingPotion"}],"is_trial":false,"path_per_floor":["R","M","M","?","?","M","T","E","M","R","E","M","?","M","M","B",null,"R","M","M","?","M","?","T","M","E","$"],"character_chosen":"THE_SNECKO","items_purchased":[],"campfire_rested":0,"item_purchase_floors":[],"current_hp_per_floor":[91,88,83,83,83,81,81,71,69,69,50,43,48,51,53,14,99,99,88,90,90,89,89,89,64,10,0,0],"gold":316,"neow_bonus":"ONE_RANDOM_RARE_CARD","is_daily":false,"chose_seed":false,"campfire_upgraded":2,"win_rate":0.0,"timestamp":1609726385,"path_taken":["R","M","M","?","?","?","T","E","?","R","E","M","?","M","M","BOSS","R","M","M","?","?","?","T","M","E","?"],"items_purchased_type":[],"build_version":"2020-12-22","purchased_purges":0,"victory":false,"max_hp_per_floor":[91,91,91,91,91,91,91,91,92,92,93,93,98,99,99,99,99,99,100,100,100,101,101,101,101,101,101,101],"card_choices":[{"not_picked":["sneckomod:Unknown1Cost","sneckomod:UnknownVulnerable"],"picked":"sneckomod:QuickMove","floor":2},{"not_picked":["sneckomod:DiceCrush","sneckomod:QuickBite"],"picked":"sneckomod:Restock","floor":3},{"not_picked":["sneckomod:UnknownWeak","sneckomod:SlitherStrike"],"picked":"sneckomod:Rotation","floor":6},{"not_picked":["sneckomod:UnknownX","sneckomod:UnknownClassGREEN"],"picked":"sneckomod:DiceBoulder","floor":8},{"not_picked":["sneckomod:DiceBlock","sneckomod:UnknownStrike"],"picked":"sneckomod:UnknownX","floor":9},{"not_picked":["sneckomod:UnknownCommonAttack","sneckomod:DiceBlock"],"picked":"sneckomod:UnknownX","floor":11},{"not_picked":["sneckomod:SoulDraw","sneckomod:UnknownCommonSkill"],"picked":"sneckomod:ImprovisedGuard","floor":12},{"not_picked":["sneckomod:DiceBoulder","sneckomod:WideSting"],"picked":"sneckomod:Unknown1Cost","floor":14},{"not_picked":["sneckomod:UnknownCommonAttack","sneckomod:IronFang"],"picked":"sneckomod:SoulExchange","floor":15},{"not_picked":["sneckomod:SerpentMind","sneckomod:Mudshield"],"picked":"sneckomod:UnlimitedRolls","floor":16},{"not_picked":["sneckomod:UnknownClassGREEN","sneckomod:UnknownClassSLIMEBOUND"],"picked":"sneckomod:Unknown0Cost+1","floor":19},{"not_picked":["sneckomod:WideSting","sneckomod:UnknownStrike"],"picked":"sneckomod:TrashToTreasure+1","floor":20},{"not_picked":["sneckomod:Nope","sneckomod:QuickBite"],"picked":"sneckomod:UnknownUncommonPower","floor":22},{"not_picked":["sneckomod:WideSting","sneckomod:UnknownClassGUARDIAN+1","sneckomod:SoulDraw"],"picked":"SKIP","floor":25},{"not_picked":["sneckomod:SoulExchange","sneckomod:UnknownCommonAttack"],"picked":"sneckomod:Nope","floor":26}],"player_experience":185176,"relics_obtained":[{"floor":7,"key":"The Courier"},{"floor":8,"key":"Blood Vial"},{"floor":11,"key":"Bottled Lightning"},{"floor":24,"key":"Frozen Egg 2"},{"floor":26,"key":"Meat on the Bone"}],"event_choices":[{"cards_removed":["Regret"],"damage_healed":0,"gold_gain":0,"player_choice":"Purged","damage_taken":0,"max_hp_gain":0,"max_hp_loss":0,"event_name":"Purifier","floor":5,"gold_loss":0},{"damage_healed":0,"gold_gain":0,"player_choice":"Donut","damage_taken":0,"max_hp_gain":5,"max_hp_loss":0,"event_name":"Big Fish","floor":13,"gold_loss":0},{"damage_healed":0,"gold_gain":0,"cards_transformed":["sneckomod:Strike"],"player_choice":"Transformed","damage_taken":0,"max_hp_gain":0,"max_hp_loss":0,"event_name":"Transmorgrifier","floor":21,"gold_loss":0,"cards_obtained":["sneckomod:DiceBoulder"]}],"is_beta":false,"boss_relics":[{"not_picked":["Snecko Eye","SlaversCollar"],"picked":"Philosopher\u0027s Stone"}],"items_purged_floors":[],"is_endless":false,"potions_floor_spawned":[3,11,12,14,19,20],"killed_by":"downfall:FleeingMerchant","ascension_level":1}}