{"host":"yecadp3kwkksam5a","time":1609742291,"event":{"mods":["BaseMod","Minty Spire (QoL Compilation)","Replay The Spire","StSLib"],"gold_per_floor":[114,39,39,58,133,163,198,198,198,231,156,186,200,235,235,313,313,324,224,99,115,32,32,66,66,93,128,128,177,197,226,226,298,298,310,310,360,210,228,261,292,292,319,345,357,389,389,717,717,717,717,717,717,372,398,398],"floor_reached":57,"playtime":3936,"items_purged":["Dash","Endless Agony","Dagger Spray","Backflip"],"score":3701,"play_id":"7726f25a-e8f4-41c1-b6ad-39f0af2e2392","local_time":"20210104153811","daily_mods":["Draft","Flight"],"is_ascension_mode":true,"campfire_choices":[{"data":"Tactician","floor":8.0,"key":"SMITH"},{"floor":15.0,"key":"RECALL"},{"data":"Acrobatics","floor":23,"key":"SMITH"},{"data":"Prepared","floor":25,"key":"SMITH"},{"data":"Reflex","floor":28,"key":"SMITH"},{"data":"Blade Dance","floor":32,"key":"PURGE"},{"data":"Eviscerate","floor":42,"key":"SMITH"},{"data":"Acrobatics","floor":49,"key":"SMITH"},{"data":"Escape Plan","floor":53,"key":"SMITH"}],"circlet_count":0,"master_deck":["AscendersBane","Terror","Crippling Poison","Acrobatics+1","Prepared+1","Acrobatics+1","Escape Plan+1","Reflex+1","Tactician+1","PiercingWail","Footwork","Eviscerate+1"],"relics":["Ring of the Snake","Letter Opener","Tough Bandages","Bottled Lightning","Pantograph","Nunchaku","Meat on the Bone","Philosopher\u0027s Stone","Potion Belt","Dream Catcher","Darkstone Periapt","InkBottle","Art of War","Runic Pyramid","Bag of Marbles","Gremlin Horn","Anchor","CeramicFish","Mummified Hand","ReplayTheSpireMod:Ring of Exchange","Ring of Hypnosis","Old Coin","Bag of Preparation","Cauldron","Akabeko"],"acts_visited":["Exordium","TheCity","TheBeyond","TheEnding"],"potions_floor_usage":[54,56,56,56],"damage_taken":[{"damage":0.0,"enemies":"Small Slimes","floor":1.0,"turns":1.0},{"damage":0.0,"enemies":"Cultist","floor":4.0,"turns":2.0},{"damage":0.0,"enemies":"Gremlin Nob","floor":6.0,"turns":2.0},{"damage":0.0,"enemies":"Lagavulin","floor":7.0,"turns":4.0},{"damage":0.0,"enemies":"Gremlin Nob","floor":10.0,"turns":2.0},{"damage":0.0,"enemies":"3 Sentries","floor":12.0,"turns":1.0},{"damage":0.0,"enemies":"Jaw Worm","floor":13.0,"turns":1.0},{"damage":0.0,"enemies":"Lagavulin","floor":14.0,"turns":1.0},{"damage":0.0,"enemies":"The Guardian","floor":16.0,"turns":1.0},{"damage":0,"enemies":"2 Thieves","floor":18,"turns":1},{"damage":0,"enemies":"3 Byrds","floor":21,"turns":1},{"damage":0,"enemies":"Slavers","floor":24,"turns":1},{"damage":0,"enemies":"Gremlin Leader","floor":27,"turns":1},{"damage":0,"enemies":"Snecko","floor":30,"turns":1},{"damage":0,"enemies":"Book of Stabbing","floor":31,"turns":1},{"damage":0,"enemies":"Automaton","floor":33,"turns":1},{"damage":0,"enemies":"3 Shapes","floor":35,"turns":1},{"damage":0,"enemies":"Orb Walker","floor":39,"turns":1},{"damage":0,"enemies":"R_Hoarder","floor":40,"turns":5},{"damage":0,"enemies":"Giant Head","floor":41,"turns":1},{"damage":0,"enemies":"R_Hoarder","floor":44,"turns":3},{"damage":0,"enemies":"Spire Growth","floor":45,"turns":1},{"damage":0,"enemies":"Nemesis","floor":46,"turns":1},{"damage":0,"enemies":"R_Hoarder","floor":48,"turns":2},{"damage":0,"enemies":"Donu and Deca","floor":50,"turns":1},{"damage":0,"enemies":"Replay:Hell Engine","floor":51,"turns":1},{"damage":0,"enemies":"Shield and Spear","floor":55,"turns":1},{"damage":0,"enemies":"The Heart","floor":56,"turns":4}],"seed_played":"-3747821959502280616","potions_obtained":[{"floor":1.0,"key":"SteroidPotion"},{"floor":4.0,"key":"Energy Potion"},{"floor":13.0,"key":"AttackPotion"},{"floor":24,"key":"EntropicBrew"},{"floor":27,"key":"LifebloodPotion"},{"floor":40,"key":"Elixir"},{"floor":54,"key":"Adrenaline Potion"},{"floor":54,"key":"Adrenaline Potion"},{"floor":55,"key":"Reflective Coating"}],"is_trial":true,"path_per_floor":["M","?","?","M","?","E","E","R","T","E","$","E","M","E","R","B",null,"M","$","$","M","$","R","E","R","T","E","R","?","M","E","R","B",null,"M","?","?","$","M","E","E","R","T","E","M","E","?","E","R","B","B",null,"R","$","E","B",null],"character_chosen":"THE_SILENT","items_purchased":["Eviscerate","Bag of Preparation","Cauldron"],"campfire_rested":0,"item_purchase_floors":[22,54,54],"current_hp_per_floor":[59,59,59,59,48,48,48,48,48,48,48,48,48,48,48,66,66,66,66,66,66,66,66,66,66,66,66,66,66,66,66,66,66,66,66,66,66,66,66,66,66,66,66,66,66,66,66,66,66,66,66,66,66,66,66,66],"gold":398,"neow_bonus":"","is_daily":false,"chose_seed":false,"campfire_upgraded":7,"win_rate":0.0,"timestamp":1609742291,"path_taken":["M","?","?","?","?","E","E","R","T","E","?","E","?","E","R","BOSS","M","$","$","M","?","R","E","R","T","E","R","?","M","E","R","BOSS","M","?","?","$","?","E","E","R","T","E","?","E","?","E","R","BOSS","BOSS","R","$","E","BOSS"],"items_purchased_type":["Card","Relic","Relic"],"build_version":"2020-12-22","purchased_purges":4,"victory":true,"max_hp_per_floor":[66,66,66,66,66,66,66,66,66,66,66,66,66,66,66,66,66,66,66,66,66,66,66,66,66,66,66,66,66,66,66,66,66,66,66,66,66,66,66,66,66,66,66,66,66,66,66,66,66,66,66,66,66,66,66,66],"card_choices":[{"not_picked":["Masterful Stab","Leg Sweep"],"picked":"Terror","floor":0.0},{"not_picked":["Terror","Quick Slash"],"picked":"Crippling Poison","floor":0.0},{"not_picked":["Flying Knee","Slice"],"picked":"Acrobatics","floor":0.0},{"not_picked":["Crippling Poison","Flechettes"],"picked":"Prepared","floor":0.0},{"not_picked":["Eviscerate","Dodge and Roll"],"picked":"Acrobatics","floor":0.0},{"not_picked":["Skewer","Bane"],"picked":"Dagger Spray","floor":0.0},{"not_picked":["Cloak And Dagger","Setup"],"picked":"Escape Plan","floor":0.0},{"not_picked":["Bouncing Flask","Heel Hook"],"picked":"Blade Dance","floor":0.0},{"not_picked":["Bane","Blade Dance"],"picked":"Reflex","floor":0.0},{"not_picked":["Infinite Blades","Blur"],"picked":"Tactician","floor":0.0},{"not_picked":["Dodge and Roll","Blade Dance"],"picked":"Endless Agony","floor":0.0},{"not_picked":["PiercingWail","Acrobatics"],"picked":"Backflip","floor":0.0},{"not_picked":["Bane","Blade Dance"],"picked":"PiercingWail","floor":0.0},{"not_picked":["Blade Dance","Deflect"],"picked":"Backstab","floor":0.0},{"not_picked":["Bane","Blade Dance"],"picked":"Dash","floor":0.0},{"not_picked":["Dagger Throw","Dodge and Roll"],"picked":"Footwork","floor":1.0},{"not_picked":["PiercingWail","Slice","Deflect"],"picked":"SKIP","floor":4.0},{"not_picked":["Corpse Explosion","Predator"],"picked":"Well Laid Plans","floor":6.0},{"not_picked":["Endless Agony","Catalyst","Distraction"],"picked":"SKIP","floor":7.0},{"not_picked":["Blade Dance","Deadly Poison","Heel Hook"],"picked":"SKIP","floor":10.0},{"not_picked":["Sucker Punch","Riddle With Holes","Poisoned Stab"],"picked":"SKIP","floor":12.0},{"not_picked":["Blade Dance","Noxious Fumes","Cloak And Dagger"],"picked":"SKIP","floor":13.0},{"not_picked":["Acrobatics","Finisher","All Out Attack"],"picked":"SKIP","floor":14.0},{"not_picked":["Poisoned Stab","Bane+1","Slice"],"picked":"SKIP","floor":18},{"not_picked":["Reflex","Heel Hook","Cloak And Dagger"],"picked":"SKIP","floor":21},{"not_picked":["Outmaneuver","ReplayTheSpireMod:Scrap Shanks","Setup"],"picked":"SKIP","floor":24},{"not_picked":["Burst","Flying Knee","Heel Hook"],"picked":"SKIP","floor":27},{"not_picked":["Underhanded Strike+1","PiercingWail","Outmaneuver"],"picked":"SKIP","floor":30},{"not_picked":["Prepared","ReplayTheSpireMod:The Works","Replay:Poison Smokescreen"],"picked":"SKIP","floor":31},{"not_picked":["Bouncing Flask","Expertise","Footwork"],"picked":"SKIP","floor":35},{"not_picked":["ReplayTheSpireMod:Shiv Toss","Dagger Spray","Dagger Throw+1"],"picked":"SKIP","floor":39},{"not_picked":["Escape Plan","Replay:Bag of Tricks","Underhanded Strike"],"picked":"SKIP","floor":40},{"not_picked":["Escape Plan","Replay:Bag of Tricks","Underhanded Strike"],"picked":"SKIP","floor":40},{"not_picked":["Toxin Wave","Bane","Concentrate"],"picked":"SKIP","floor":41},{"not_picked":["Toxin Wave","Bane","Concentrate"],"picked":"SKIP","floor":41},{"not_picked":["Acrobatics","Dagger Spray+1","Outmaneuver"],"picked":"SKIP","floor":44},{"not_picked":["Acrobatics","Dagger Spray+1","Outmaneuver"],"picked":"SKIP","floor":44},{"not_picked":["Acrobatics","ReplayTheSpireMod:Speed Training+1","Dodge and Roll"],"picked":"SKIP","floor":45},{"not_picked":["Acrobatics","ReplayTheSpireMod:Speed Training+1","Dodge and Roll"],"picked":"SKIP","floor":45},{"not_picked":["ReplayTheSpireMod:From All Sides","Flechettes","Noxious Fumes+1"],"picked":"SKIP","floor":46},{"not_picked":["Dagger Spray","ReplayTheSpireMod:Shiv Toss","Prepared"],"picked":"SKIP","floor":48},{"not_picked":["Predator","PiercingWail","Blade Dance"],"picked":"SKIP","floor":55}],"player_experience":348367,"relics_obtained":[{"floor":6.0,"key":"Tough Bandages"},{"floor":7.0,"key":"Bottled Lightning"},{"floor":10.0,"key":"Pantograph"},{"floor":12.0,"key":"Nunchaku"},{"floor":14.0,"key":"Meat on the Bone"},{"floor":24,"key":"Potion Belt"},{"floor":26,"key":"Dream Catcher"},{"floor":27,"key":"Darkstone Periapt"},{"floor":29,"key":"InkBottle"},{"floor":31,"key":"Art of War"},{"floor":40,"key":"Bag of Marbles"},{"floor":41,"key":"Gremlin Horn"},{"floor":43,"key":"Anchor"},{"floor":44,"key":"CeramicFish"},{"floor":46,"key":"Mummified Hand"},{"floor":47,"key":"ReplayTheSpireMod:Ring of Exchange"},{"floor":47,"key":"Ring of Hypnosis"},{"floor":48,"key":"Old Coin"},{"floor":55,"key":"Akabeko"}],"event_choices":[{"cards_removed":["Backstab"],"damage_healed":0.0,"max_hp_gain":0.0,"max_hp_loss":0.0,"gold_gain":0.0,"event_name":"The Cleric","player_choice":"Card Removal","floor":2.0,"gold_loss":75.0,"damage_taken":0.0},{"damage_healed":0.0,"max_hp_gain":0.0,"max_hp_loss":0.0,"gold_gain":0.0,"event_name":"WeMeetAgain","player_choice":"Gave Potion","floor":3.0,"gold_loss":0.0,"damage_taken":0.0,"relics_obtained":["Letter Opener"]},{"damage_healed":0.0,"max_hp_gain":0.0,"max_hp_loss":0.0,"gold_gain":75.0,"event_name":"World of Goop","player_choice":"Gather Gold","floor":5.0,"gold_loss":0.0,"damage_taken":11.0},{"cards_removed":["Well Laid Plans"],"damage_healed":0,"gold_gain":0,"player_choice":"Removed Power","damage_taken":0,"max_hp_gain":0,"max_hp_loss":0,"event_name":"Falling","floor":36,"gold_loss":0},{"damage_healed":0,"gold_gain":50,"player_choice":"Pray","damage_taken":0,"max_hp_gain":0,"max_hp_loss":0,"event_name":"Golden Shrine","floor":37,"gold_loss":0}],"is_beta":false,"boss_relics":[{"not_picked":["Cursed Key","Calling Bell"],"picked":"Philosopher\u0027s Stone"},{"not_picked":["SlaversCollar","Astrolabe"],"picked":"Runic Pyramid"}],"items_purged_floors":[11,19,20,38],"is_endless":false,"potions_floor_spawned":[1,4,7,13,14,24,27,30,31,33,40,41,44,55],"ascension_level":20}}