{"host":"es89jqq87guwhc1m","time":1609758619,"event":{"mods":["BaseMod","Colored Map","DeckTracker","Hermit","Minty Spire (QoL Compilation)","StSLib","SuperFastMode"],"gold_per_floor":[113,129,129,143,155,182,132,181,181,181,195,195,225,244,244,244,244],"floor_reached":16,"playtime":2270,"items_purged":[],"score":112,"play_id":"761c8ea9-1500-4cf5-a434-fe9ec431498f","local_time":"20210104201019","is_ascension_mode":false,"campfire_choices":[{"floor":10.0,"key":"REST"},{"data":"hermit:Manifest","floor":12.0,"key":"SMITH"},{"data":"hermit:Snapshot","floor":15,"key":"SMITH"}],"circlet_count":0,"master_deck":["hermit:Strike_Hermit","hermit:Strike_Hermit","hermit:Strike_Hermit","hermit:Strike_Hermit","hermit:Defend_Hermit","hermit:Defend_Hermit","hermit:Defend_Hermit","hermit:Defend_Hermit","hermit:Snapshot+1","hermit:Covet","hermit:Misfire","hermit:Manifest","hermit:Manifest+1","hermit:SprayPray","hermit:LuckOfTheDraw","hermit:Dissolve","hermit:Midnight","hermit:Cheat"],"relics":["hermit:Momento","StoneCalendar","Kunai","Pen Nib","Dream Catcher","Smiling Mask"],"acts_visited":["Exordium"],"potions_floor_usage":[13,13,16],"damage_taken":[{"damage":5.0,"enemies":"Jaw Worm","floor":1.0,"turns":4.0},{"damage":1.0,"enemies":"Cultist","floor":2.0,"turns":3.0},{"damage":0.0,"enemies":"2 Louse","floor":4.0,"turns":2.0},{"damage":0.0,"enemies":"2 Fungi Beasts","floor":5.0,"turns":3.0},{"damage":46.0,"enemies":"Gremlin Nob","floor":6.0,"turns":6.0},{"damage":2.0,"enemies":"Blue Slaver","floor":11.0,"turns":5.0},{"damage":7,"enemies":"3 Sentries","floor":13,"turns":7},{"damage":0,"enemies":"Looter","floor":14,"turns":3},{"damage":29,"enemies":"Hexaghost","floor":16,"turns":9}],"seed_played":"6538860719041896207","potions_obtained":[{"floor":4.0,"key":"SteroidPotion"},{"floor":6.0,"key":"BlessingOfTheForge"},{"floor":13,"key":"hermit:Tonic"}],"is_trial":false,"path_per_floor":["M","M","?","M","M","E","?","T","T","R","M","R","E","M","R","B"],"character_chosen":"HERMIT","items_purchased":[],"campfire_rested":1,"item_purchase_floors":[],"current_hp_per_floor":[70,69,62,62,62,16,16,16,16,38,36,36,29,29,29,0,0],"gold":244,"neow_bonus":"ONE_RARE_RELIC","is_daily":false,"chose_seed":false,"campfire_upgraded":2,"win_rate":0.0,"timestamp":1609758619,"path_taken":["M","M","?","M","M","E","?","?","T","R","M","R","E","M","R","BOSS"],"items_purchased_type":[],"build_version":"2020-12-22","purchased_purges":0,"victory":false,"max_hp_per_floor":[75,75,75,75,75,75,75,75,75,75,75,75,75,75,75,75,75],"card_choices":[{"not_picked":["hermit:HighCaliber","hermit:Feint"],"picked":"hermit:Misfire","floor":1.0},{"not_picked":["hermit:BigShot","hermit:Headshot","hermit:Quickdraw"],"picked":"SKIP","floor":2.0},{"not_picked":["hermit:ItchyTrigger","hermit:Feint"],"picked":"hermit:Manifest","floor":4.0},{"not_picked":["hermit:HighCaliber","hermit:BodyArmor"],"picked":"hermit:Manifest","floor":5.0},{"not_picked":["hermit:Gestalt","hermit:TakeAim"],"picked":"hermit:SprayPray","floor":6.0},{"not_picked":["hermit:BodyArmor","hermit:Snipe"],"picked":"hermit:LuckOfTheDraw","floor":10.0},{"not_picked":["hermit:CalledShot","hermit:Coalescence"],"picked":"hermit:Dissolve","floor":11.0},{"not_picked":["hermit:TrackingShot","hermit:Roulette"],"picked":"hermit:Midnight","floor":13},{"not_picked":["hermit:NoHoldsBarred","hermit:BodyArmor"],"picked":"hermit:Cheat","floor":14}],"player_experience":1650563,"relics_obtained":[{"floor":6.0,"key":"Pen Nib"},{"floor":8.0,"key":"Dream Catcher"},{"floor":13,"key":"Smiling Mask"}],"event_choices":[{"damage_healed":0.0,"max_hp_gain":0.0,"max_hp_loss":0.0,"gold_gain":0.0,"event_name":"Scrap Ooze","player_choice":"Success","floor":3.0,"gold_loss":0.0,"damage_taken":7.0,"relics_obtained":["Kunai"]},{"cards_removed":["Normality"],"damage_healed":0.0,"max_hp_gain":0.0,"max_hp_loss":0.0,"gold_gain":0.0,"event_name":"The Cleric","player_choice":"Card Removal","floor":7.0,"gold_loss":50.0,"damage_taken":0.0}],"is_beta":false,"boss_relics":[],"items_purged_floors":[],"is_endless":false,"potions_floor_spawned":[4,6,13],"killed_by":"Hexaghost","ascension_level":0}}