{"host":"8m3txu8mcyu46pv6","time":1609774606,"event":{"mods":["ATMod(°¢èªMod)","BaseMod","Minty Spire (QoL Compilation)","StSLib"],"gold_per_floor":[116,116,41,57,57,57,83,83,83,93,93,105,124,134,134,206,206,217,217,142,42,42,42],"floor_reached":22,"playtime":582,"items_purged":["Defend_R","Strike_R"],"score":387,"play_id":"4cc91b08-b339-4dea-9c21-9020c4eea947","local_time":"20210104233646","is_ascension_mode":true,"campfire_choices":[{"data":"AT_ChampionKick","floor":6.0,"key":"SMITH"},{"floor":11.0,"key":"REST"},{"data":"Flex","floor":15,"key":"SMITH"}],"circlet_count":0,"master_deck":["AscendersBane","Strike_R","Strike_R","Defend_R+1","Defend_R+1","Bash","Limit Break+1","Brutality+1","Flex+1","AT_ChampionKick+1","Second Wind+1","Power Through","Flex+1","Rupture","Demon Form"],"relics":["AT_ATBox","Astrolabe","Bird Faced Urn","War Paint","Mercury Hourglass","Letter Opener","Runic Dome"],"acts_visited":["Exordium","TheCity"],"potions_floor_usage":[14,16],"damage_taken":[{"damage":0.0,"enemies":"2 Louse","floor":1.0,"turns":2.0},{"damage":3.0,"enemies":"Cultist","floor":4.0,"turns":3.0},{"damage":22.0,"enemies":"Gremlin Nob","floor":7.0,"turns":3.0},{"damage":7.0,"enemies":"Jaw Worm","floor":10.0,"turns":4.0},{"damage":4.0,"enemies":"2 Fungi Beasts","floor":12.0,"turns":4.0},{"damage":3.0,"enemies":"Exordium Thugs","floor":13.0,"turns":2.0},{"damage":15,"enemies":"Exordium Wildlife","floor":14,"turns":3},{"damage":19,"enemies":"The Guardian","floor":16,"turns":4},{"damage":27,"enemies":"Chosen","floor":18,"turns":5},{"damage":9,"enemies":"3 Byrds","floor":22,"turns":1}],"seed_played":"-8790308335232956766","potions_obtained":[{"floor":7.0,"key":"SkillPotion"},{"floor":10.0,"key":"EssenceOfSteel"}],"is_trial":false,"path_per_floor":["M","?","$","M","?","R","E","?","T","M","R","M","M","M","R","B",null,"M","?","?","$","M"],"character_chosen":"IRONCLAD","items_purchased":[],"campfire_rested":1,"item_purchase_floors":[],"current_hp_per_floor":[68,45,45,42,42,42,22,22,22,15,37,35,32,17,17,2,57,30,9,9,9,0,0],"gold":42,"neow_bonus":"BOSS_RELIC","is_daily":false,"chose_seed":false,"campfire_upgraded":2,"win_rate":0.0,"timestamp":1609774606,"path_taken":["M","?","$","M","?","R","E","?","T","M","R","M","M","M","R","BOSS","M","?","?","$","M"],"items_purchased_type":[],"build_version":"2020-12-22","purchased_purges":2,"victory":false,"max_hp_per_floor":[75,75,75,75,75,75,75,75,75,75,75,75,75,75,75,75,75,75,80,80,80,80,80],"card_choices":[{"not_picked":["Armaments","Sword Boomerang"],"picked":"Second Wind","floor":1.0},{"not_picked":["Cleave","AT_DrawKnifeCut","Flame Barrier"],"picked":"SKIP","floor":4.0},{"not_picked":["AT_IchimonjiDouble","Fire Breathing"],"picked":"Heavy Blade","floor":7.0},{"not_picked":["Pommel Strike","Reckless Charge","Headbutt"],"picked":"SKIP","floor":10.0},{"not_picked":["Clothesline","Headbutt"],"picked":"Power Through","floor":12.0},{"not_picked":["AT_GerminateFire","AT_IchimonjiDouble"],"picked":"Flex","floor":13.0},{"not_picked":["Clothesline","Havoc"],"picked":"Rupture","floor":14},{"not_picked":["Bludgeon","Juggernaut"],"picked":"Demon Form","floor":16},{"not_picked":["Pommel Strike","Iron Wave","Warcry"],"picked":"SKIP","floor":18}],"player_experience":67383,"relics_obtained":[{"floor":7.0,"key":"War Paint"},{"floor":9.0,"key":"Letter Opener"}],"event_choices":[{"damage_healed":0.0,"max_hp_gain":0.0,"max_hp_loss":0.0,"gold_gain":0.0,"event_name":"Shining Light","player_choice":"Entered Light","floor":2.0,"gold_loss":0.0,"damage_taken":23.0,"cards_upgraded":["Defend_R","Defend_R"]},{"damage_healed":0.0,"max_hp_gain":0.0,"max_hp_loss":0.0,"gold_gain":0.0,"event_name":"Big Fish","player_choice":"Box","floor":5.0,"gold_loss":0.0,"damage_taken":0.0,"relics_obtained":["Bird Faced Urn"],"cards_obtained":["Regret"]},{"cards_removed":["Heavy Blade"],"damage_healed":0.0,"max_hp_gain":0.0,"max_hp_loss":0.0,"gold_gain":0.0,"event_name":"WeMeetAgain","player_choice":"Gave Card","floor":8.0,"gold_loss":0.0,"damage_taken":0.0,"relics_obtained":["Mercury Hourglass"]},{"damage_healed":0,"gold_gain":0,"player_choice":"Shed Blood","damage_taken":26,"max_hp_gain":5,"max_hp_loss":0,"event_name":"Forgotten Altar","floor":19,"gold_loss":0},{"cards_removed":["Regret"],"damage_healed":0,"gold_gain":0,"player_choice":"Gave Gold","damage_taken":0,"max_hp_gain":0,"max_hp_loss":0,"event_name":"Beggar","floor":20,"gold_loss":75}],"is_beta":false,"boss_relics":[{"not_picked":["Velvet Choker","Busted Crown"],"picked":"Runic Dome"}],"items_purged_floors":[3,21],"is_endless":false,"potions_floor_spawned":[7,10,13],"killed_by":"3 Byrds","ascension_level":17}}