{"host":"w9yruvs4bqht6bhw","time":1609728158,"event":{"mods":["BaseMod","Colored Powertips","Minty Spire (QoL Compilation)"],"gold_per_floor":[118,128,147,147,167,167,180,54,54,89,89,89,89,102,102,201,201,219,75,85,103,3,3,3,3],"floor_reached":24,"playtime":685,"items_purged":["Bash","Strike_R"],"score":277,"play_id":"56109f95-58fd-47df-962b-c7a913e3bdfa","local_time":"20210103214238","is_ascension_mode":true,"campfire_choices":[{"data":"Carnage","floor":6,"key":"SMITH"},{"data":"Strike_R","floor":11,"key":"SMITH"},{"data":"Strike_R","floor":13,"key":"SMITH"},{"data":"Strike_R","floor":15,"key":"SMITH"},{"floor":23,"key":"REST"}],"circlet_count":0,"master_deck":["Strike_R","Strike_R+1","Strike_R+1","Strike_R+1","Defend_R","Defend_R","Defend_R","Defend_R","Uppercut+1","Carnage+1","Limit Break","Clash"],"relics":["Burning Blood","Mercury Hourglass","Champion Belt","PreservedInsect"],"acts_visited":["Exordium","TheCity"],"potions_floor_usage":[10,16,18,21],"damage_taken":[{"damage":10,"enemies":"Jaw Worm","floor":1,"turns":4},{"damage":3,"enemies":"2 Louse","floor":2,"turns":3},{"damage":5,"enemies":"Small Slimes","floor":3,"turns":5},{"damage":7,"enemies":"Exordium Wildlife","floor":5,"turns":4},{"damage":15,"enemies":"Exordium Thugs","floor":7,"turns":4},{"damage":12,"enemies":"Gremlin Nob","floor":10,"turns":3},{"damage":7,"enemies":"Blue Slaver","floor":14,"turns":3},{"damage":46,"enemies":"Hexaghost","floor":16,"turns":8},{"damage":14,"enemies":"2 Thieves","floor":18,"turns":5},{"damage":48,"enemies":"Shell Parasite","floor":20,"turns":8},{"damage":48,"enemies":"Chosen and Byrds","floor":21,"turns":9},{"damage":33,"enemies":"Book of Stabbing","floor":24,"turns":3}],"seed_played":"5619489275403660358","potions_obtained":[{"floor":1,"key":"FairyPotion"},{"floor":3,"key":"Strength Potion"},{"floor":10,"key":"Swift Potion"},{"floor":16,"key":"Block Potion"},{"floor":18,"key":"GamblersBrew"}],"is_trial":false,"path_per_floor":["M","M","M","?","M","R","M","$","T","E","R","?","R","M","R","B",null,"M","$","M","M","$","R","E"],"character_chosen":"IRONCLAD","items_purchased":["Energy Potion","PreservedInsect"],"campfire_rested":1,"item_purchase_floors":[8,19],"current_hp_per_floor":[68,71,72,72,71,71,62,62,62,56,56,80,80,79,79,39,70,62,62,20,9,9,33,0,0],"gold":3,"neow_bonus":"THREE_CARDS","is_daily":false,"chose_seed":false,"campfire_upgraded":4,"win_rate":0.0,"timestamp":1609728158,"path_taken":["M","M","M","?","M","R","M","$","T","E","R","?","R","M","R","BOSS","M","$","M","M","$","R","E"],"items_purchased_type":["Potion","Relic"],"build_version":"2020-12-22","purchased_purges":2,"victory":false,"max_hp_per_floor":[80,80,80,80,80,80,80,80,80,80,80,80,80,80,80,80,80,80,80,80,80,80,80,80,80],"card_choices":[{"not_picked":["Cleave","Pommel Strike"],"picked":"Uppercut","floor":0},{"not_picked":["Searing Blow","Shrug It Off"],"picked":"Carnage","floor":1},{"not_picked":["True Grit","Cleave","Iron Wave"],"picked":"SKIP","floor":2},{"not_picked":["Wild Strike","Cleave","Dropkick"],"picked":"SKIP","floor":3},{"not_picked":["Wild Strike","Heavy Blade","Dropkick"],"picked":"SKIP","floor":5},{"not_picked":["Impervious","Cleave","Entrench"],"picked":"SKIP","floor":7},{"not_picked":["Headbutt","Dropkick","Hemokinesis"],"picked":"SKIP","floor":10},{"not_picked":["True Grit","Anger","Wild Strike"],"picked":"SKIP","floor":14},{"not_picked":["Berserk","Exhume"],"picked":"Limit Break","floor":16},{"not_picked":["Body Slam","Uppercut","Second Wind"],"picked":"SKIP","floor":18},{"not_picked":["Hemokinesis+1","Uppercut+1"],"picked":"Clash","floor":20},{"not_picked":["Twin Strike","Flame Barrier+1","Searing Blow"],"picked":"SKIP","floor":21}],"player_experience":317173,"relics_obtained":[{"floor":9,"key":"Mercury Hourglass"},{"floor":10,"key":"Champion Belt"}],"event_choices":[{"damage_healed":0,"gold_gain":0,"player_choice":"Grow","damage_taken":0,"max_hp_gain":0,"max_hp_loss":0,"event_name":"Living Wall","floor":4,"gold_loss":0,"cards_upgraded":["Uppercut"]},{"damage_healed":26,"gold_gain":0,"player_choice":"Banana","damage_taken":0,"max_hp_gain":0,"max_hp_loss":0,"event_name":"Big Fish","floor":12,"gold_loss":0}],"is_beta":false,"boss_relics":[{"not_picked":["Fusion Hammer","Snecko Eye","Philosopher\u0027s Stone"]}],"items_purged_floors":[8,22],"is_endless":false,"potions_floor_spawned":[1,3,10,16,18],"killed_by":"Book of Stabbing","ascension_level":8}}