{"host":"h4lp0eeso8a0ssq0","time":1609745377,"event":{"mods":["2.2 Compatiblity","AchievementEnabler","BaseMod","CapriCore","Colored Map","Minty Spire (QoL Compilation)","StSLib","SuperFastMode"],"gold_per_floor":[111,111,126,126,141,170,170,182,252,252,265,279,279,309,309,410,410,421,435,435,435,447,447,447],"floor_reached":23,"playtime":859,"items_purged":[],"score":193,"play_id":"e30bacde-63ce-40a6-8a20-fde9bd2d5c15","local_time":"20210104162937","is_ascension_mode":false,"campfire_choices":[{"data":"1","floor":7.0,"key":"LIFT"},{"floor":10.0,"key":"REST"},{"floor":13.0,"key":"REST"},{"data":"Prepared","floor":15.0,"key":"SMITH"}],"circlet_count":0,"master_deck":["Strike_G","Strike_G","Strike_G","Defend_G","Defend_G","Defend_G","Defend_G","Defend_G","Survivor","Neutralize","Acrobatics","PiercingWail","Flechettes","Blade Dance","Malaise","Prepared+1","Prepared","Tools of the Trade","Sucker Punch+1","Caltrops","Backflip","Leg Sweep+1"],"relics":["Ring of the Snake","Tingsha","Girya","Letter Opener","Empty Cage","Eternal Feather"],"acts_visited":["Exordium","TheCity"],"potions_floor_usage":[23],"damage_taken":[{"damage":2.0,"enemies":"Small Slimes","floor":1.0,"turns":3.0},{"damage":0.0,"enemies":"Jaw Worm","floor":3.0,"turns":4.0},{"damage":0.0,"enemies":"Cultist","floor":5.0,"turns":5.0},{"damage":29.0,"enemies":"Lagavulin","floor":6.0,"turns":8.0},{"damage":19.0,"enemies":"Large Slime","floor":8.0,"turns":6.0},{"damage":8.0,"enemies":"Red Slaver","floor":11.0,"turns":3.0},{"damage":6.0,"enemies":"Exordium Wildlife","floor":12.0,"turns":3.0},{"damage":5.0,"enemies":"Slime Boss","floor":16.0,"turns":8.0},{"damage":7.0,"enemies":"3 Byrds","floor":18.0,"turns":4.0},{"damage":0,"enemies":"Spheric Guardian","floor":19,"turns":3},{"damage":10,"enemies":"3 Cultists","floor":22,"turns":5},{"damage":53,"enemies":"Gremlin Leader","floor":23,"turns":7}],"seed_played":"-3572431993914742620","potions_obtained":[{"floor":1.0,"key":"LiquidMemories"},{"floor":5.0,"key":"CultistPotion"},{"floor":6.0,"key":"CultistPotion"},{"floor":18.0,"key":"EssenceOfSteel"}],"is_trial":false,"path_per_floor":["M","?","M","?","M","E","R","M","T","R","M","M","R","?","R","B",null,"M","M","?","T","M","E"],"character_chosen":"THE_SILENT","items_purchased":[],"campfire_rested":2,"item_purchase_floors":[],"current_hp_per_floor":[68,67,67,67,67,38,38,19,19,39,31,25,45,45,45,40,67,60,60,60,60,50,0,0],"gold":447,"neow_bonus":"ONE_RARE_RELIC","is_daily":false,"chose_seed":false,"campfire_upgraded":1,"win_rate":0.0,"timestamp":1609745377,"path_taken":["M","?","M","?","M","E","R","M","T","R","M","M","R","?","R","BOSS","M","M","?","?","?","E"],"items_purchased_type":[],"build_version":"2020-12-22","purchased_purges":0,"victory":false,"max_hp_per_floor":[70,67,67,67,67,67,67,67,67,67,67,67,67,67,67,67,67,67,67,67,67,67,67,67],"card_choices":[{"not_picked":["Dodge and Roll","Deadly Poison"],"picked":"Acrobatics","floor":1.0},{"not_picked":["Well Laid Plans","Backflip"],"picked":"PiercingWail","floor":3.0},{"not_picked":["Slice","Acrobatics"],"picked":"Flechettes","floor":5.0},{"not_picked":["Poisoned Stab","PiercingWail"],"picked":"Blade Dance","floor":6.0},{"not_picked":["Backflip","Distraction"],"picked":"Malaise","floor":8.0},{"not_picked":["Dodge and Roll","Deadly Poison"],"picked":"Prepared","floor":11.0},{"not_picked":["Cloak And Dagger","Dodge and Roll"],"picked":"Prepared","floor":12.0},{"not_picked":["Glass Knife","Night Terror"],"picked":"Tools of the Trade","floor":16.0},{"not_picked":["Bane+1","Eviscerate"],"picked":"Sucker Punch+1","floor":18.0},{"not_picked":["Endless Agony+1","Escape Plan"],"picked":"Caltrops","floor":19},{"not_picked":["Infinite Blades","Eviscerate+1"],"picked":"Leg Sweep+1","floor":22}],"player_experience":49021,"relics_obtained":[{"floor":6.0,"key":"Girya"},{"floor":9.0,"key":"Letter Opener"},{"floor":21,"key":"Eternal Feather"}],"event_choices":[{"cards_removed":["Parasite"],"damage_healed":0.0,"max_hp_gain":0.0,"max_hp_loss":0.0,"gold_gain":0.0,"event_name":"Living Wall","player_choice":"Forget","floor":2.0,"gold_loss":0.0,"damage_taken":0.0},{"damage_healed":0.0,"max_hp_gain":0.0,"max_hp_loss":0.0,"gold_gain":0.0,"event_name":"Liars Game","player_choice":"Ignored","floor":4.0,"gold_loss":0.0,"damage_taken":0.0},{"damage_healed":0.0,"max_hp_gain":0.0,"max_hp_loss":0.0,"gold_gain":30.0,"event_name":"Dead Adventurer","player_choice":"Searched \u00271\u0027 times","floor":14.0,"gold_loss":0.0,"damage_taken":0.0},{"damage_healed":0,"gold_gain":0,"player_choice":"Read","damage_taken":0,"max_hp_gain":0,"max_hp_loss":0,"event_name":"The Library","floor":20,"gold_loss":0,"cards_obtained":["Backflip"]}],"is_beta":false,"boss_relics":[{"not_picked":["Snecko Eye","Runic Dome"],"picked":"Empty Cage"}],"items_purged_floors":[],"is_endless":false,"potions_floor_spawned":[1,5,6,11,18],"killed_by":"Gremlin Leader","ascension_level":0}}