{"host":"5raohst9sk3kvp5v","time":1609724000,"event":{"mods":["BaseMod","Colored Powertips","Highlight Path","Minty Spire (QoL Compilation)","Quick Restart","Relic Stats","StSLib"],"gold_per_floor":[109,122,122,122,122,154,229,264,264,264,291,291,305,54,54,54,54],"floor_reached":16,"playtime":510,"items_purged":["Regret"],"score":282,"play_id":"8f8ca7e7-b78a-4552-b6f2-7177006a83fb","local_time":"20210103193320","is_ascension_mode":true,"campfire_choices":[{"floor":10,"key":"REST"},{"data":"Armaments","floor":15,"key":"SMITH"}],"circlet_count":0,"master_deck":["AscendersBane","Strike_R","Strike_R","Strike_R","Strike_R","Strike_R","Defend_R","Defend_R","Defend_R","Defend_R","Bash","Shrug It Off","Feed","Flex","Headbutt","Armaments+1","Immolate","Disarm"],"relics":["Burning Blood","NeowsBlessing","Pen Nib","Darkstone Periapt","Self Forming Clay","Shovel","Juzu Bracelet","Ginger","Gremlin Horn","Strawberry"],"acts_visited":["Exordium"],"potions_floor_usage":[11],"damage_taken":[{"damage":0,"enemies":"Jaw Worm","floor":1,"turns":1},{"damage":0,"enemies":"Small Slimes","floor":2,"turns":1},{"damage":2,"enemies":"Lagavulin","floor":6,"turns":2},{"damage":41,"enemies":"3 Sentries","floor":8,"turns":12},{"damage":53,"enemies":"Lagavulin","floor":11,"turns":8},{"damage":2,"enemies":"Cultist","floor":13,"turns":4},{"damage":31,"enemies":"Hexaghost","floor":16,"turns":9}],"seed_played":"7882423138184284248","potions_obtained":[{"floor":2,"key":"Regen Potion"},{"floor":11,"key":"Explosive Potion"}],"is_trial":false,"path_per_floor":["M","M","?","?","T","E","?","E","T","R","E","?","M","$","R","B"],"character_chosen":"IRONCLAD","items_purchased":["Immolate","Disarm"],"campfire_rested":1,"item_purchase_floors":[14,14],"current_hp_per_floor":[74,75,75,64,64,68,57,25,25,48,16,23,30,30,30,0,0],"gold":54,"neow_bonus":"THREE_ENEMY_KILL","is_daily":false,"chose_seed":false,"campfire_upgraded":1,"win_rate":0.0,"timestamp":1609724000,"path_taken":["M","M","?","?","?","E","?","E","T","R","E","?","M","$","R","BOSS"],"items_purchased_type":["Card","Card"],"build_version":"2020-12-22","purchased_purges":1,"victory":false,"max_hp_per_floor":[75,75,75,75,75,75,75,78,78,78,78,85,88,88,88,88,88],"relic_stats":{"Darkstone Periapt":0,"Shovel":0,"Gremlin Horn":[0,0],"counters":[7,37],"Self Forming Clay":[72],"Pen Nib":[5],"Juzu Bracelet":0,"Ginger":[0],"obtain_stats":[{"Darkstone Periapt":4,"Shovel":6,"NeowsBlessing":0,"Gremlin Horn":11,"Self Forming Clay":5,"Strawberry":12,"Pen Nib":3,"Juzu Bracelet":8,"Ginger":9,"Burning Blood":0},{"Darkstone Periapt":2,"Shovel":3,"NeowsBlessing":0,"Gremlin Horn":5,"Self Forming Clay":2,"Strawberry":5,"Pen Nib":2,"Juzu Bracelet":4,"Ginger":4,"Burning Blood":0},{"Darkstone Periapt":2,"Shovel":4,"NeowsBlessing":0,"Gremlin Horn":24,"Self Forming Clay":2,"Strawberry":24,"Pen Nib":2,"Juzu Bracelet":16,"Ginger":16,"Burning Blood":0}],"Burning Blood":31},"card_choices":[{"not_picked":["Perfected Strike","Warcry"],"picked":"Thunderclap","floor":1},{"not_picked":["Warcry","Clash"],"picked":"Shrug It Off","floor":2},{"not_picked":["Searing Blow","Heavy Blade"],"picked":"Feed","floor":6},{"not_picked":["Twin Strike","Infernal Blade"],"picked":"Flex","floor":8},{"not_picked":["Rage","Clash"],"picked":"Headbutt","floor":11},{"not_picked":["Perfected Strike","Pommel Strike"],"picked":"Armaments","floor":13}],"player_experience":1693702,"relics_obtained":[{"floor":5,"key":"Self Forming Clay"},{"floor":6,"key":"Shovel"},{"floor":8,"key":"Juzu Bracelet"},{"floor":9,"key":"Ginger"},{"floor":11,"key":"Gremlin Horn"}],"event_choices":[{"damage_healed":0,"gold_gain":0,"player_choice":"Box","damage_taken":0,"relics_obtained":["Pen Nib"],"max_hp_gain":0,"max_hp_loss":0,"event_name":"Big Fish","floor":3,"gold_loss":0,"cards_obtained":["Regret"]},{"damage_healed":0,"gold_gain":0,"player_choice":"Success","damage_taken":11,"relics_obtained":["Darkstone Periapt"],"max_hp_gain":0,"max_hp_loss":0,"event_name":"Scrap Ooze","floor":4,"gold_loss":0},{"damage_healed":0,"gold_gain":75,"player_choice":"Gather Gold","damage_taken":11,"max_hp_gain":0,"max_hp_loss":0,"event_name":"World of Goop","floor":7,"gold_loss":0},{"cards_removed":["Thunderclap"],"damage_healed":0,"gold_gain":0,"player_choice":"Gave Card","damage_taken":0,"relics_obtained":["Strawberry"],"max_hp_gain":0,"max_hp_loss":0,"event_name":"WeMeetAgain","floor":12,"gold_loss":0}],"is_beta":false,"boss_relics":[],"items_purged_floors":[14],"is_endless":false,"potions_floor_spawned":[2,11],"killed_by":"Hexaghost","ascension_level":20}}