{"host":"f14d6hm2349s9jse","time":1609787787,"event":{"mods":["2.2 Compatiblity","BaseMod","Minty Spire (QoL Compilation)","StSLib","The Saiyan"],"gold_per_floor":[95,95,118,118,141,155,195,195,195,219,238,238,261,281,281,410,410,434,116,96,110,143,155,200,212,224,236,272,308,341,396,408,540,552,583,619,143,208,112,143,166,208,217,245,245,294,366,390,390,390,390,390,8,60,60],"floor_reached":56,"playtime":8840,"items_purged":[],"score":1506,"play_id":"5929efb8-b17e-4bdf-bbd0-ce45a634c4da","local_time":"20210104141627","is_ascension_mode":false,"campfire_choices":[{"floor":8.0,"key":"REST"},{"floor":15.0,"key":"REST"},{"data":"Saiyan:KaioKen","floor":23.0,"key":"SMITH"},{"floor":25.0,"key":"RECALL"},{"floor":32.0,"key":"REST"},{"floor":45,"key":"REST"},{"data":"Saiyan:HyperTimeChamber","floor":49,"key":"SMITH"},{"data":"Saiyan:LastResort","floor":52,"key":"SMITH"}],"circlet_count":0,"master_deck":["Saiyan:SAIYA_Strike","Saiyan:SAIYA_Strike+1","Saiyan:SAIYA_Strike","Saiyan:SAIYA_Defend+1","Saiyan:SAIYA_Defend+1","Saiyan:SAIYA_Defend","Saiyan:EnergyBlast","Saiyan:KaioKen+1","Saiyan:RuthlessBlow","Saiyan:SenzuBean+1","Saiyan:WarmUp","Saiyan:LastResort+1","Saiyan:Furor","Saiyan:MajinSeal","Saiyan:TurtleShell","Saiyan:DrainingStrike+1","Saiyan:KiExplosion","Saiyan:ThirstForFight+1","Saiyan:HyperTimeChamber+1","Saiyan:Fly+1","Saiyan:TurtleShell","Saiyan:MeteorDash+1","Saiyan:CCCapsule+1","Saiyan:KiExplosion","Saiyan:FingerParry","Shame","Writhe","Saiyan:WarmUp","Saiyan:Furor","Saiyan:UltraInstinct","Saiyan:KameHameHa+1","Saiyan:MajinSeal","Saiyan:WarmUp+1","Saiyan:MeteorDash+1","Saiyan:KiExplosion","Saiyan:FinalFlash+1","Saiyan:TurtleShell","Saiyan:DragonRadar","Saiyan:FingerParry+1","Parasite","Saiyan:TurtleShell+1","Saiyan:FingerParry+1","Saiyan:MajinSeal","Saiyan:PlotArmor+1","Saiyan:GenkiDama+1","Saiyan:PlotArmor","Saiyan:KiStrike+1"],"relics":["SaiyanSoul","SaiyanHeart","Tiny Chest","Golden Idol","Potion Belt","Boot","Dream Catcher","Ancient Tea Set","Mummified Hand","Nunchaku","Regal Pillow","Shuriken","MealTicket","Akabeko","Oddly Smooth Stone","Cursed Key","Whetstone","Molten Egg 2","MawBank","Centennial Puzzle","Blood Vial","Matryoshka","Sundial","Pear","Anchor","Gremlin Horn","Orichalcum","War Paint","Bag of Marbles","Bronze Scales","Vajra","Toy Ornithopter","Black Star","Juzu Bracelet","Happy Flower","Eternal Feather","Lantern","Gambling Chip","Pen Nib","Ginger","Strawberry","PreservedInsect","CeramicFish","Smiling Mask","Pocketwatch","Art of War","Bag of Preparation","Lizard Tail","Thread and Needle","StoneCalendar","Bottled Tornado","InkBottle","Kunai","Pantograph","Torii"],"acts_visited":["Exordium","TheCity","TheBeyond","TheEnding"],"potions_floor_usage":[33,36,46,48,55],"damage_taken":[{"damage":0.0,"enemies":"2 Louse","floor":1.0,"turns":7.0},{"damage":10.0,"enemies":"Small Slimes","floor":3.0,"turns":8.0},{"damage":4.0,"enemies":"Jaw Worm","floor":5.0,"turns":7.0},{"damage":0.0,"enemies":"2 Fungi Beasts","floor":6.0,"turns":4.0},{"damage":0.0,"enemies":"Lagavulin","floor":7.0,"turns":7.0},{"damage":7.0,"enemies":"Exordium Wildlife","floor":10.0,"turns":4.0},{"damage":23.0,"enemies":"Gremlin Gang","floor":11.0,"turns":5.0},{"damage":2.0,"enemies":"3 Louse","floor":14.0,"turns":5.0},{"damage":33.0,"enemies":"Slime Boss","floor":16.0,"turns":12.0},{"damage":10.0,"enemies":"Chosen","floor":18.0,"turns":7.0},{"damage":0.0,"enemies":"Shell Parasite","floor":21.0,"turns":8.0},{"damage":6.0,"enemies":"Snecko","floor":22.0,"turns":9.0},{"damage":0.0,"enemies":"Gremlin Leader","floor":24.0,"turns":11.0},{"damage":25.0,"enemies":"Snake Plant","floor":28.0,"turns":10.0},{"damage":5.0,"enemies":"Chosen and Byrds","floor":29.0,"turns":12.0},{"damage":1.0,"enemies":"Centurion and Healer","floor":30.0,"turns":9.0},{"damage":24.0,"enemies":"Slavers","floor":31.0,"turns":10.0},{"damage":0,"enemies":"Collector","floor":33,"turns":13},{"damage":17,"enemies":"Orb Walker","floor":35,"turns":9},{"damage":0,"enemies":"3 Darklings","floor":36,"turns":8},{"damage":22,"enemies":"2 Orb Walkers","floor":38,"turns":6},{"damage":57,"enemies":"Giant Head","floor":40,"turns":17},{"damage":9,"enemies":"Transient","floor":41,"turns":5},{"damage":22,"enemies":"Nemesis","floor":42,"turns":10},{"damage":0,"enemies":"4 Shapes","floor":44,"turns":5},{"damage":20,"enemies":"Reptomancer","floor":46,"turns":10},{"damage":0,"enemies":"Mind Bloom Boss Battle","floor":47,"turns":11},{"damage":0,"enemies":"Sphere and 2 Shapes","floor":48,"turns":7},{"damage":12,"enemies":"Time Eater","floor":50,"turns":13},{"damage":8,"enemies":"Shield and Spear","floor":54,"turns":7},{"damage":47,"enemies":"The Heart","floor":55,"turns":10}],"seed_played":"6505514635095035908","potions_obtained":[{"floor":3.0,"key":"EntropicBrew"},{"floor":7.0,"key":"FearPotion"},{"floor":10.0,"key":"Energy Potion"},{"floor":20.0,"key":"Ancient Potion"},{"floor":21.0,"key":"SkillPotion"},{"floor":22.0,"key":"Explosive Potion"},{"floor":24.0,"key":"FairyPotion"},{"floor":35,"key":"AttackPotion"},{"floor":41,"key":"Fire Potion"},{"floor":47,"key":"Fruit Juice"},{"floor":54,"key":"SpeedPotion"}],"is_trial":false,"path_per_floor":["M","?","M","?","M","M","E","R","T","M","M","T","T","M","R","B",null,"M","$","?","M","M","R","E","R","T","T","M","M","M","E","R","B",null,"M","M","$","?","$","E","M","E","T","M","R","E","?","M","R","B",null,"R","$","E","B",null],"character_chosen":"SAIYAJIN","items_purchased":["Molten Egg 2","Saiyan:TurtleShell","Saiyan:MeteorDash+1","Eternal Feather","Lantern","Saiyan:MeteorDash+1","Saiyan:KiExplosion","Saiyan:FinalFlash+1","Saiyan:TurtleShell","Kunai","Saiyan:GenkiDama+1","Saiyan:PlotArmor","Swift Potion"],"campfire_rested":4,"item_purchase_floors":[19,19,19,37,37,37,37,39,39,53,53,53,53],"current_hp_per_floor":[55,42,34,23,20,21,23,41,41,35,14,14,14,14,48,16,67,57,67,67,67,62,62,64,64,74,74,54,52,55,36,77,81,91,75,85,95,74,89,43,38,18,18,24,96,86,90,103,122,112,124,124,124,117,80],"gold":60,"neow_bonus":"TRANSFORM_TWO_CARDS","is_daily":false,"chose_seed":false,"campfire_upgraded":3,"win_rate":0.0,"timestamp":1609787787,"path_taken":["M","?","M","?","?","M","E","R","T","M","M","?","?","M","R","BOSS","M","$","?","M","?","R","E","R","T","?","M","M","M","E","R","BOSS","M","M","$","?","?","E","M","E","T","M","R","E","?","M","R","BOSS","R","$","E","BOSS"],"items_purchased_type":["Relic","Card","Card","Relic","Relic","Card","Card","Card","Card","Relic","Card","Card","Potion"],"build_version":"2020-12-22","purchased_purges":0,"victory":true,"max_hp_per_floor":[55,55,57,57,58,59,61,61,61,62,64,64,64,66,66,67,67,67,67,67,67,68,68,70,70,80,80,83,84,86,89,89,91,91,92,95,95,96,96,105,107,107,107,111,111,114,116,122,122,124,124,124,124,125,127],"card_choices":[{"not_picked":["Saiyan:KameHameHa","Saiyan:PowerUp"],"picked":"Saiyan:LastResort","floor":1.0},{"not_picked":["Saiyan:PressOn","Saiyan:LastResort"],"picked":"Saiyan:Furor","floor":3.0},{"not_picked":["Saiyan:DragonFist","Saiyan:DoubleMasenko","Saiyan:ExpandingShockwave"],"picked":"SKIP","floor":5.0},{"not_picked":["Saiyan:Planning","Saiyan:ConcussiveBlow","Saiyan:Expend"],"picked":"SKIP","floor":6.0},{"not_picked":["Saiyan:AugmentedBlast","Saiyan:MonkeyTail"],"picked":"Saiyan:MajinSeal","floor":7.0},{"not_picked":["Saiyan:BackAttack","Saiyan:Flurry"],"picked":"Saiyan:TurtleShell","floor":8.0},{"not_picked":["Saiyan:PlotArmor","Saiyan:Teleport"],"picked":"Saiyan:DrainingStrike","floor":10.0},{"not_picked":["Saiyan:SaiyanHubris","Saiyan:Scouter"],"picked":"Saiyan:KiExplosion","floor":11.0},{"not_picked":["Saiyan:KiExplosion","Saiyan:MeteorDash"],"picked":"Saiyan:ThirstForFight","floor":14.0},{"not_picked":["Saiyan:MonkeyTail","Saiyan:MajinSeal"],"picked":"Saiyan:HyperTimeChamber","floor":16.0},{"not_picked":["Saiyan:Kienzan","Saiyan:Scouter"],"picked":"Saiyan:Fly+1","floor":18.0},{"not_picked":["Saiyan:FingerParry","Saiyan:Expend"],"picked":"Saiyan:CCCapsule+1","floor":21.0},{"not_picked":["Saiyan:Kienzan+1","Saiyan:ThirstForFight"],"picked":"Saiyan:KiExplosion","floor":22.0},{"not_picked":["Saiyan:KiExplosion","Saiyan:MeteorDash+1"],"picked":"Saiyan:FingerParry","floor":24.0},{"not_picked":["Saiyan:PowerUp","Saiyan:PressOn+1"],"picked":"Saiyan:WarmUp","floor":28.0},{"not_picked":["Saiyan:RemoveWeights","Saiyan:Teleport","Saiyan:SaiyanHubris"],"picked":"SKIP","floor":29.0},{"not_picked":["Saiyan:ReverberatingForce+1","Saiyan:BackAttack+1"],"picked":"Saiyan:Furor","floor":30.0},{"not_picked":["Saiyan:Expend","Saiyan:Overexert"],"picked":"Saiyan:UltraInstinct","floor":31.0},{"not_picked":["Saiyan:Planning","Saiyan:Scouter"],"picked":"Saiyan:KameHameHa+1","floor":32.0},{"not_picked":["Saiyan:Rekindle","Saiyan:SolarFlare"],"picked":"Saiyan:MajinSeal","floor":33},{"not_picked":["Saiyan:SaiyanHubris","Saiyan:Scouter+1"],"picked":"Saiyan:WarmUp+1","floor":35},{"not_picked":["Saiyan:SpiritSword+1","Saiyan:RemoveWeights","Saiyan:SaiyanHubris"],"picked":"SKIP","floor":36},{"not_picked":["Saiyan:Endure+1","Saiyan:HyperTimeChamber"],"picked":"Saiyan:DragonRadar","floor":40},{"not_picked":["Saiyan:Endure+1","Saiyan:PressOn","Saiyan:ConcussiveBlow+1"],"picked":"SKIP","floor":41},{"not_picked":["Saiyan:Planning","Saiyan:SaiyanHubris"],"picked":"Saiyan:FingerParry+1","floor":42},{"not_picked":["Saiyan:DrainingStrike+1","Saiyan:DragonFist+1"],"picked":"Saiyan:TurtleShell+1","floor":44},{"not_picked":["Saiyan:BigBangAttack+1","Saiyan:BackAttack+1"],"picked":"Saiyan:FingerParry+1","floor":46},{"not_picked":["Saiyan:Planning+1","Saiyan:DragonFist+1"],"picked":"Saiyan:MajinSeal","floor":47},{"not_picked":["Saiyan:PowerUp+1","Saiyan:MeteorDash+1"],"picked":"Saiyan:PlotArmor+1","floor":48},{"not_picked":["Saiyan:DrainingStrike+1","Saiyan:Twize"],"picked":"Saiyan:KiStrike+1","floor":54}],"player_experience":2470697,"relics_obtained":[{"floor":1.0,"key":"Tiny Chest"},{"floor":3.0,"key":"Potion Belt"},{"floor":5.0,"key":"Boot"},{"floor":6.0,"key":"Dream Catcher"},{"floor":7.0,"key":"Ancient Tea Set"},{"floor":7.0,"key":"Mummified Hand"},{"floor":10.0,"key":"Nunchaku"},{"floor":11.0,"key":"Regal Pillow"},{"floor":12.0,"key":"Shuriken"},{"floor":13.0,"key":"MealTicket"},{"floor":14.0,"key":"Akabeko"},{"floor":16.0,"key":"Oddly Smooth Stone"},{"floor":18.0,"key":"Whetstone"},{"floor":21.0,"key":"MawBank"},{"floor":22.0,"key":"Centennial Puzzle"},{"floor":24.0,"key":"Blood Vial"},{"floor":24.0,"key":"Matryoshka"},{"floor":26.0,"key":"Sundial"},{"floor":26.0,"key":"Pear"},{"floor":27.0,"key":"Anchor"},{"floor":27.0,"key":"Gremlin Horn"},{"floor":28.0,"key":"Orichalcum"},{"floor":29.0,"key":"War Paint"},{"floor":30.0,"key":"Bag of Marbles"},{"floor":31.0,"key":"Bronze Scales"},{"floor":31.0,"key":"Vajra"},{"floor":33,"key":"Toy Ornithopter"},{"floor":35,"key":"Juzu Bracelet"},{"floor":36,"key":"Happy Flower"},{"floor":38,"key":"Gambling Chip"},{"floor":40,"key":"Pen Nib"},{"floor":40,"key":"Ginger"},{"floor":40,"key":"Strawberry"},{"floor":42,"key":"PreservedInsect"},{"floor":42,"key":"CeramicFish"},{"floor":42,"key":"Smiling Mask"},{"floor":43,"key":"Pocketwatch"},{"floor":44,"key":"Art of War"},{"floor":46,"key":"Bag of Preparation"},{"floor":46,"key":"Lizard Tail"},{"floor":46,"key":"Thread and Needle"},{"floor":47,"key":"StoneCalendar"},{"floor":47,"key":"Bottled Tornado"},{"floor":48,"key":"InkBottle"},{"floor":54,"key":"Pantograph"},{"floor":54,"key":"Torii"}],"event_choices":[{"damage_healed":0.0,"max_hp_gain":0.0,"max_hp_loss":0.0,"gold_gain":0.0,"event_name":"Golden Idol","player_choice":"Take Damage","floor":2.0,"gold_loss":0.0,"damage_taken":13.0,"relics_obtained":["Golden Idol"]},{"damage_healed":0.0,"max_hp_gain":0.0,"max_hp_loss":0.0,"gold_gain":0.0,"event_name":"Shining Light","player_choice":"Entered Light","floor":4.0,"gold_loss":0.0,"damage_taken":11.0,"cards_upgraded":["Saiyan:SAIYA_Defend","Saiyan:SenzuBean"]},{"damage_healed":0.0,"max_hp_gain":0.0,"max_hp_loss":0.0,"gold_gain":0.0,"event_name":"The Woman in Blue","player_choice":"Bought 1 Potion","floor":20.0,"gold_loss":0.0,"damage_taken":0.0},{"damage_healed":0,"gold_gain":0,"player_choice":"Fight","damage_taken":0,"max_hp_gain":0,"max_hp_loss":0,"event_name":"Mysterious Sphere","floor":38,"gold_loss":0},{"damage_healed":0,"gold_gain":0,"player_choice":"Fight","damage_taken":0,"max_hp_gain":0,"max_hp_loss":0,"event_name":"MindBloom","floor":47,"gold_loss":0}],"is_beta":false,"boss_relics":[{"not_picked":["Ectoplasm","SlaversCollar"],"picked":"Cursed Key"},{"not_picked":["Velvet Choker","SacredBark"],"picked":"Black Star"}],"items_purged_floors":[],"is_endless":false,"potions_floor_spawned":[3,7,10,21,22,24,35,41,47,54],"ascension_level":0}}