{"host":"e52c7hvho6xny3hd","time":1609761365,"event":{"mods":["AchievementEnabler","BaseMod","Colored Map","DeckTracker","Minty Spire (QoL Compilation)","Permanent Neow","StSLib"],"gold_per_floor":[218,2,19,34,52,52,62,62,85,160,15,15,31,49,49,151,151,167,179,210,226,126,137,153,153,199,474,474,503,503,521,521,626,626,640,640,658,376,598,598,293,48,72,106,106,118,118,118,118,118],"floor_reached":51,"playtime":4564,"items_purged":["Strike_B","Strike_B","Defend_B","Defend_B","Defend_B"],"score":917,"play_id":"65a9c128-3dfc-43ed-b997-2b206c8be9fb","local_time":"20210104205605","is_ascension_mode":true,"campfire_choices":[{"data":"Zap","floor":6.0,"key":"SMITH"},{"data":"Redo","floor":8.0,"key":"SMITH"},{"data":"Dualcast","floor":12.0,"key":"SMITH"},{"data":"Defragment","floor":15.0,"key":"SMITH"},{"data":"Defragment","floor":25.0,"key":"SMITH"},{"data":"Biased Cognition","floor":28.0,"key":"SMITH"},{"data":"Coolheaded","floor":30.0,"key":"SMITH"},{"floor":32.0,"key":"REST"},{"data":"Echo Form","floor":40.0,"key":"SMITH"},{"data":"Capacitor","floor":47,"key":"SMITH"},{"data":"Seek","floor":49,"key":"SMITH"}],"circlet_count":0,"master_deck":["Defend_B","Zap+1","Dualcast+1","Capacitor+1","Ball Lightning","Defragment+1","Self Repair","Redo+1","Biased Cognition+1","Genetic Algorithm","Cold Snap","Coolheaded+1","Defragment+1","Hologram+1","Seek+1","Cold Snap+1","Echo Form+1","Consume+1","Consume+1"],"relics":["Cracked Core","Lantern","DataDisk","Empty Cage","Red Mask","Omamori","Bag of Marbles","Inserter","Lee\u0027s Waffle","Regal Pillow","Vajra","Letter Opener"],"acts_visited":["Exordium","TheCity","TheBeyond"],"potions_floor_usage":[50,50],"damage_taken":[{"damage":2.0,"enemies":"Jaw Worm","floor":1.0,"turns":4.0},{"damage":9.0,"enemies":"Small Slimes","floor":3.0,"turns":4.0},{"damage":1.0,"enemies":"Cultist","floor":4.0,"turns":3.0},{"damage":3.0,"enemies":"2 Fungi Beasts","floor":5.0,"turns":3.0},{"damage":0.0,"enemies":"Exordium Wildlife","floor":7.0,"turns":3.0},{"damage":1.0,"enemies":"Looter","floor":13.0,"turns":2.0},{"damage":1.0,"enemies":"Red Slaver","floor":14.0,"turns":3.0},{"damage":4.0,"enemies":"The Guardian","floor":16.0,"turns":9.0},{"damage":2.0,"enemies":"Chosen","floor":18.0,"turns":4.0},{"damage":8.0,"enemies":"Shell Parasite","floor":19.0,"turns":7.0},{"damage":33.0,"enemies":"Masked Bandits","floor":20.0,"turns":6.0},{"damage":0.0,"enemies":"Centurion and Healer","floor":21.0,"turns":8.0},{"damage":15.0,"enemies":"3 Cultists","floor":23.0,"turns":6.0},{"damage":0.0,"enemies":"Snecko","floor":24.0,"turns":6.0},{"damage":16.0,"enemies":"Slavers","floor":29.0,"turns":7.0},{"damage":0.0,"enemies":"Shelled Parasite and Fungi","floor":31.0,"turns":7.0},{"damage":22.0,"enemies":"Champ","floor":33.0,"turns":12.0},{"damage":0.0,"enemies":"3 Darklings","floor":35.0,"turns":8.0},{"damage":0.0,"enemies":"Orb Walker","floor":37.0,"turns":3.0},{"damage":32,"enemies":"Nemesis","floor":44,"turns":7},{"damage":0,"enemies":"Transient","floor":46,"turns":5},{"damage":31,"enemies":"Time Eater","floor":50,"turns":8}],"seed_played":"6038110658926350467","potions_obtained":[{"floor":1.0,"key":"Energy Potion"},{"floor":3.0,"key":"LiquidMemories"},{"floor":5.0,"key":"SkillPotion"},{"floor":7.0,"key":"SmokeBomb"},{"floor":21.0,"key":"LiquidMemories"}],"is_trial":false,"path_per_floor":["M","$","M","M","M","R","M","R","T","?","$","R","M","M","R","B",null,"M","M","?","M","$","M","M","R","T","?","R","E","R","M","R","B",null,"M","?","M","$","?","R","$","$","T","E","?","M","R","T","R","B",null],"character_chosen":"DEFECT","items_purchased":["Capacitor","Cold Snap","Ball Lightning","DataDisk","Echo Form","Lee\u0027s Waffle","Consume"],"campfire_rested":1,"item_purchase_floors":[2,2,2,11,38,41,42],"current_hp_per_floor":[66,66,57,56,53,53,53,53,53,42,42,42,48,54,54,57,71,75,74,48,55,55,47,47,47,47,47,47,31,31,38,60,45,68,75,75,75,75,75,75,82,82,82,64,64,71,71,71,71,47],"gold":118,"neow_bonus":"HUNDRED_GOLD","is_daily":false,"chose_seed":false,"campfire_upgraded":10,"win_rate":0.0,"timestamp":1609761365,"path_taken":["M","$","M","M","M","R","M","R","T","?","$","R","M","M","R","BOSS","M","M","?","M","$","M","M","R","T","?","R","E","R","M","R","BOSS","M","?","M","$","?","R","?","$","T","E","?","?","R","?","R","BOSS"],"items_purchased_type":["Card","Card","Card","Relic","Card","Relic","Card"],"build_version":"2020-12-22","purchased_purges":5,"victory":true,"max_hp_per_floor":[75,75,75,75,75,75,75,75,75,75,75,75,75,75,75,75,75,75,75,75,75,75,75,75,75,75,75,75,75,75,75,75,75,75,75,75,75,75,75,75,82,82,82,82,82,82,82,82,82,82],"card_choices":[{"not_picked":["Steam Power","Rebound","Double Energy"],"picked":"SKIP","floor":1.0},{"not_picked":["Sunder","Rip and Tear"],"picked":"Defragment","floor":3.0},{"not_picked":["Hologram","Steam Power","Rebound"],"picked":"SKIP","floor":4.0},{"not_picked":["Sweeping Beam","Blizzard"],"picked":"Self Repair","floor":5.0},{"not_picked":["Ball Lightning","White Noise"],"picked":"Redo","floor":7.0},{"not_picked":["Hologram","Tempest","Go for the Eyes"],"picked":"SKIP","floor":13.0},{"not_picked":["Cold Snap","White Noise"],"picked":"Biased Cognition","floor":14.0},{"not_picked":["Barrage","Rebound"],"picked":"Genetic Algorithm","floor":18.0},{"not_picked":["Go for the Eyes","Leap"],"picked":"Cold Snap","floor":19.0},{"not_picked":["Turbo","Ball Lightning"],"picked":"Coolheaded","floor":20.0},{"not_picked":["Streamline","Stack","Steam"],"picked":"SKIP","floor":21.0},{"not_picked":["Aggregate+1","Genetic Algorithm"],"picked":"Defragment","floor":23.0},{"not_picked":["Self Repair","Barrage+1"],"picked":"Hologram+1","floor":24.0},{"not_picked":["Storm","Leap","Hologram"],"picked":"SKIP","floor":29.0},{"not_picked":["Ball Lightning","Leap","Self Repair"],"picked":"SKIP","floor":31.0},{"not_picked":["Meteor Strike","Creative AI"],"picked":"Seek","floor":33.0},{"not_picked":["Go for the Eyes","Turbo","Compile Driver"],"picked":"SKIP","floor":35.0},{"not_picked":["Sunder+1","Leap"],"picked":"Cold Snap+1","floor":37.0},{"not_picked":["Steam Power","Doom and Gloom+1","Double Energy"],"picked":"SKIP","floor":44},{"not_picked":["Coolheaded+1","Gash+1"],"picked":"Consume+1","floor":46}],"player_experience":616823,"relics_obtained":[{"floor":9.0,"key":"Lantern"},{"floor":20.0,"key":"Red Mask"},{"floor":26.0,"key":"Omamori"},{"floor":29.0,"key":"Bag of Marbles"},{"floor":43.0,"key":"Regal Pillow"},{"floor":44,"key":"Vajra"},{"floor":48,"key":"Letter Opener"}],"event_choices":[{"damage_healed":0.0,"max_hp_gain":0.0,"max_hp_loss":0.0,"gold_gain":75.0,"event_name":"World of Goop","player_choice":"Gather Gold","floor":10.0,"gold_loss":0.0,"damage_taken":11.0},{"damage_healed":0.0,"max_hp_gain":0.0,"max_hp_loss":0.0,"gold_gain":0.0,"event_name":"Masked Bandits","player_choice":"Fought Bandits","floor":20.0,"gold_loss":0.0,"damage_taken":0.0},{"damage_healed":0.0,"max_hp_gain":0.0,"max_hp_loss":0.0,"gold_gain":275.0,"event_name":"Golden Shrine","player_choice":"Desecrate","floor":27.0,"gold_loss":0.0,"damage_taken":0.0,"cards_obtained":["Regret"]},{"cards_removed":["Cold Snap"],"damage_healed":0.0,"max_hp_gain":0.0,"max_hp_loss":0.0,"gold_gain":0.0,"event_name":"Falling","player_choice":"Removed Attack","floor":36.0,"gold_loss":0.0,"damage_taken":0.0},{"damage_healed":0.0,"max_hp_gain":0.0,"max_hp_loss":0.0,"gold_gain":222.0,"event_name":"Tomb of Lord Red Mask","player_choice":"Wore Mask","floor":39.0,"gold_loss":0.0,"damage_taken":0.0},{"damage_healed":0,"gold_gain":0,"player_choice":"Upgraded","damage_taken":0,"max_hp_gain":0,"max_hp_loss":0,"event_name":"Upgrade Shrine","floor":45,"gold_loss":0,"cards_upgraded":["Consume"]}],"is_beta":false,"boss_relics":[{"not_picked":["Cursed Key","Ectoplasm"],"picked":"Empty Cage"},{"not_picked":["FrozenCore","Runic Pyramid"],"picked":"Inserter"}],"items_purged_floors":[2,22,38,41,42],"is_endless":false,"potions_floor_spawned":[1,3,5,7,21,23,29,37],"ascension_level":8}}