{"host":"ds1yr10zonoc6w4a","time":1609729081,"event":{"mods":["BaseMod","Better Match","Better Third Choice","BetterRewards","Minty Spire (QoL Compilation)","StSLib","The Animator"],"gold_per_floor":[116,136,136,136,154,198,221,221,246,273,285,285],"floor_reached":11,"playtime":1093,"items_purged":["animator:Strike"],"score":135,"play_id":"8a3c78ba-2680-48f8-9a74-476b26db4d8c","local_time":"20210103195801","is_ascension_mode":true,"campfire_choices":[{"data":"animator:AcuraAkari","floor":8,"key":"SMITH"}],"circlet_count":0,"master_deck":["AscendersBane","animator:Strike_MadokaMagica","animator:Defend_MadokaMagica","animator:Strike","animator:Defend","animator:Defend","animator:IrohaTamaki","animator:YuiTsuruno","animator:Viivi","animator:TanyaDegurechaff","animator:QuestionMark","animator:Fredrika","animator:AcuraAkari+1","animator:IrohaTamaki","animator:Geryuganshoop","animator:Shalltear","animator:Kazuma"],"relics":["animator:LivingPicture","animator:TheMissingPiece","animator:PurgingStone","animator:ShionDessert","Mango","MealTicket","Ancient Tea Set","MawBank"],"acts_visited":["Exordium"],"potions_floor_usage":[6,11,11],"damage_taken":[{"damage":8,"enemies":"Jaw Worm","floor":1,"turns":4},{"damage":0,"enemies":"Cultist","floor":2,"turns":3},{"damage":0,"enemies":"Small Slimes","floor":5,"turns":3},{"damage":12,"enemies":"Lagavulin","floor":6,"turns":4},{"damage":0,"enemies":"Blue Slaver","floor":10,"turns":3},{"damage":41,"enemies":"Gremlin Nob","floor":11,"turns":4}],"seed_played":"-3991766171646698590","potions_obtained":[{"floor":2,"key":"Explosive Potion"},{"floor":5,"key":"Energy Potion"},{"floor":10,"key":"SteroidPotion"}],"is_trial":false,"path_per_floor":["M","M","?","?","M","E","T","R","T","M","E"],"character_chosen":"THE_ANIMATOR","items_purchased":["animator:Viivi","animator:ShionDessert","animator:TanyaDegurechaff","animator:QuestionMark","animator:Fredrika"],"campfire_rested":0,"item_purchase_floors":[0,0,0,0,0],"current_hp_per_floor":[60,60,53,53,53,41,41,41,41,41,0,0],"gold":285,"neow_bonus":"","is_daily":false,"chose_seed":false,"campfire_upgraded":1,"win_rate":0.0,"timestamp":1609729081,"path_taken":["M","M","?","?","M","E","?","R","T","?","E"],"items_purchased_type":["Card","Relic","Card","Card","Card"],"build_version":"2020-12-22","purchased_purges":1,"victory":false,"max_hp_per_floor":[74,74,74,74,74,74,74,74,74,74,74,74],"card_choices":[{"not_picked":["animator:TukaLunaMarceau","animator:Shigure"],"picked":"animator:AcuraAkari","floor":1},{"not_picked":["animator:Alexander","animator:Sonic"],"picked":"animator:IrohaTamaki","floor":2},{"not_picked":["animator:ChlammyZell","animator:Shinoa"],"picked":"animator:Geryuganshoop","floor":5},{"not_picked":["animator:Sebas","animator:Evileye"],"picked":"animator:Shalltear","floor":6},{"not_picked":["animator:Shichika","animator:Yoichi"],"picked":"animator:Kazuma","floor":10}],"player_experience":632725,"relics_obtained":[{"floor":6,"key":"MealTicket"},{"floor":7,"key":"Ancient Tea Set"},{"floor":9,"key":"MawBank"}],"event_choices":[{"cards_removed":["animator:Strike"],"damage_healed":0,"gold_gain":0,"player_choice":"Card Removal","damage_taken":7,"max_hp_gain":0,"max_hp_loss":0,"event_name":"Golden Wing","floor":3,"gold_loss":0},{"cards_removed":["animator:Defend"],"damage_healed":0,"gold_gain":0,"player_choice":"Forget","damage_taken":0,"max_hp_gain":0,"max_hp_loss":0,"event_name":"Living Wall","floor":4,"gold_loss":0}],"is_beta":false,"boss_relics":[],"items_purged_floors":[0],"is_endless":false,"potions_floor_spawned":[2,5,10],"killed_by":"Gremlin Nob","ascension_level":17}}