{"host":"es89jqq87guwhc1m","time":1609745371,"event":{"mods":["BaseMod","Colored Map","DeckTracker","Hermit","Minty Spire (QoL Compilation)","StSLib","SuperFastMode"],"gold_per_floor":[363,375,224,224,237,237,187,201,201,236,78,98,98,115,115,213,263,282,315,315,64,79,79,98,110,110,110,110,125,135,235,235,336,336,355,355,225,243,243,270,270,270],"floor_reached":41,"playtime":2916,"items_purged":["hermit:Strike_Hermit","hermit:Defend_Hermit","hermit:Strike_Hermit","hermit:Strike_Hermit"],"score":548,"play_id":"3381ff14-4752-41ea-ac16-c0dd0d3e6cbc","local_time":"20210104162931","is_ascension_mode":false,"campfire_choices":[{"data":"hermit:Vantage","floor":6.0,"key":"SMITH"},{"data":"hermit:TakeAim","floor":15.0,"key":"SMITH"},{"floor":23.0,"key":"REST"},{"floor":28.0,"key":"REST"},{"floor":32.0,"key":"REST"}],"circlet_count":0,"master_deck":["hermit:Strike_Hermit","hermit:Defend_Hermit","hermit:Defend_Hermit","hermit:Snapshot+1","hermit:Covet","Pain","hermit:WideOpen","hermit:CursedWeapon","hermit:TakeAim+1","hermit:Vantage+1","hermit:HighNoon","hermit:ShadowCloak","hermit:EyeOfTheStorm","hermit:LuckOfTheDraw","hermit:EternalForm","hermit:Combo","hermit:NoHoldsBarred","hermit:EternalForm","hermit:Dive","hermit:Cheat+1","Madness","Madness","hermit:Cheat","hermit:BigShot","hermit:Snipe+1"],"relics":["hermit:Momento","FossilizedHelix","MawBank","Tiny House","Red Mask","Membership Card","Boot","Nunchaku","Turnip","Ornamental Fan","hermit:BartenderGlass","Mummified Hand","Frozen Egg 2"],"acts_visited":["Exordium","TheCity","TheBeyond"],"potions_floor_usage":[35,40,40,41,41],"damage_taken":[{"damage":0.0,"enemies":"Cultist","floor":1.0,"turns":3.0},{"damage":1.0,"enemies":"Jaw Worm","floor":2.0,"turns":3.0},{"damage":10.0,"enemies":"2 Louse","floor":5.0,"turns":3.0},{"damage":5.0,"enemies":"Looter","floor":8.0,"turns":3.0},{"damage":14.0,"enemies":"Gremlin Nob","floor":10.0,"turns":4.0},{"damage":0.0,"enemies":"2 Fungi Beasts","floor":12.0,"turns":4.0},{"damage":8.0,"enemies":"Exordium Wildlife","floor":14.0,"turns":4.0},{"damage":0.0,"enemies":"Slime Boss","floor":16.0,"turns":12.0},{"damage":34.0,"enemies":"2 Thieves","floor":18.0,"turns":5.0},{"damage":24.0,"enemies":"Masked Bandits","floor":19.0,"turns":5.0},{"damage":20.0,"enemies":"Shell Parasite","floor":22.0,"turns":4.0},{"damage":2.0,"enemies":"Shelled Parasite and Fungi","floor":24.0,"turns":3.0},{"damage":15.0,"enemies":"Snake Plant","floor":25.0,"turns":3.0},{"damage":25.0,"enemies":"Snecko","floor":29.0,"turns":5.0},{"damage":0.0,"enemies":"3 Cultists","floor":30.0,"turns":3.0},{"damage":2.0,"enemies":"Colosseum Slavers","floor":31.0,"turns":4.0},{"damage":0.0,"enemies":"Colosseum Nobs","floor":31.0,"turns":3.0},{"damage":11.0,"enemies":"Automaton","floor":33.0,"turns":8.0},{"damage":0,"enemies":"Orb Walker","floor":35,"turns":2},{"damage":24,"enemies":"3 Shapes","floor":38,"turns":4},{"damage":5,"enemies":"Giant Head","floor":40,"turns":4}],"seed_played":"6090867394150802651","potions_obtained":[{"floor":2.0,"key":"BlessingOfTheForge"},{"floor":8.0,"key":"Explosive Potion"},{"floor":10.0,"key":"Swift Potion"},{"floor":17.0,"key":"hermit:Tonic"},{"floor":18.0,"key":"Energy Potion"},{"floor":24.0,"key":"Swift Potion"},{"floor":29.0,"key":"DistilledChaos"},{"floor":33.0,"key":"DistilledChaos"},{"floor":35,"key":"hermit:BlackBile"}],"is_trial":false,"path_per_floor":["M","M","$","?","M","R","?","M","T","E","$","M","$","M","R","B",null,"M","?","?","$","M","R","M","M","T","?","R","M","M","?","R","B",null,"M","?","$","M","T","E","M"],"character_chosen":"HERMIT","items_purchased":["hermit:TakeAim","hermit:ShadowCloak","Membership Card","hermit:NoHoldsBarred","hermit:Cheat","hermit:BigShot"],"campfire_rested":3,"item_purchase_floors":[3,11,21,21,37,37],"current_hp_per_floor":[75,74,74,67,57,57,57,52,52,38,38,38,38,30,30,30,80,46,22,22,22,2,26,24,9,9,9,33,8,8,6,30,19,80,80,70,70,46,46,41,0,0],"gold":270,"neow_bonus":"TWO_FIFTY_GOLD","is_daily":false,"chose_seed":false,"campfire_upgraded":2,"win_rate":0.0,"timestamp":1609745371,"path_taken":["M","M","$","?","M","R","?","M","T","E","$","M","?","M","R","BOSS","M","?","?","$","M","R","M","M","T","?","R","M","M","?","R","BOSS","M","?","$","M","?","E","M"],"items_purchased_type":["Card","Card","Relic","Card","Card","Card"],"build_version":"2020-12-22","purchased_purges":4,"victory":false,"max_hp_per_floor":[75,75,75,75,75,75,75,75,75,75,75,75,75,75,75,75,80,80,80,80,80,80,80,80,80,80,80,80,80,80,80,80,80,80,80,80,80,80,80,80,80,80],"card_choices":[{"not_picked":["hermit:Headshot","hermit:TrackingShot"],"picked":"hermit:WideOpen","floor":1.0},{"not_picked":["hermit:Vantage","hermit:Manifest"],"picked":"hermit:CursedWeapon","floor":2.0},{"not_picked":["hermit:LowProfile","hermit:HoleUp"],"picked":"hermit:Vantage","floor":5.0},{"not_picked":["hermit:Coalescence","hermit:HoleUp","hermit:Glare"],"picked":"SKIP","floor":8.0},{"not_picked":["hermit:Dive","hermit:Determination"],"picked":"hermit:HighNoon","floor":10.0},{"not_picked":["hermit:Snipe","hermit:TakeCover"],"picked":"hermit:EyeOfTheStorm","floor":12.0},{"not_picked":["hermit:Coalescence","hermit:EyeOfTheStorm"],"picked":"hermit:LuckOfTheDraw","floor":14.0},{"not_picked":["hermit:FromBeyond","hermit:FinalCanter"],"picked":"hermit:EternalForm","floor":16.0},{"not_picked":["hermit:Coalescence","hermit:Snipe"],"picked":"hermit:Combo","floor":18.0},{"not_picked":["hermit:Dive","hermit:Coalescence"],"picked":"hermit:EternalForm","floor":22.0},{"not_picked":["hermit:Virtue+1","hermit:CursedWeapon+1","hermit:LowProfile"],"picked":"SKIP","floor":24.0},{"not_picked":["hermit:Roulette","hermit:Glare+1","hermit:Ricochet"],"picked":"SKIP","floor":25.0},{"not_picked":["hermit:Headshot","hermit:TakeAim","hermit:Midnight"],"picked":"SKIP","floor":29.0},{"not_picked":["hermit:HoleUp","hermit:FromBeyond","hermit:Headshot"],"picked":"SKIP","floor":30.0},{"not_picked":["hermit:Vantage+1","hermit:Manifest"],"picked":"hermit:Dive","floor":31.0},{"not_picked":["hermit:Feint+1","hermit:BodyArmor+1"],"picked":"hermit:Cheat+1","floor":35},{"not_picked":["hermit:DeadMansHand","hermit:Maintenance","hermit:Coalescence+1"],"picked":"SKIP","floor":38},{"not_picked":["hermit:FullyLoaded","hermit:Grudge+1"],"picked":"hermit:Snipe+1","floor":40}],"player_experience":1642832,"relics_obtained":[{"floor":10.0,"key":"MawBank"},{"floor":19.0,"key":"Red Mask"},{"floor":26.0,"key":"Boot"},{"floor":31.0,"key":"Turnip"},{"floor":31.0,"key":"Ornamental Fan"},{"floor":39,"key":"Mummified Hand"},{"floor":40,"key":"Frozen Egg 2"}],"event_choices":[{"damage_healed":0.0,"max_hp_gain":0.0,"max_hp_loss":0.0,"gold_gain":0.0,"event_name":"Scrap Ooze","player_choice":"Success","floor":4.0,"gold_loss":0.0,"damage_taken":7.0,"relics_obtained":["FossilizedHelix"]},{"cards_removed":["hermit:Defend_Hermit"],"damage_healed":0.0,"max_hp_gain":0.0,"max_hp_loss":0.0,"gold_gain":0.0,"event_name":"The Cleric","player_choice":"Card Removal","floor":7.0,"gold_loss":50.0,"damage_taken":0.0},{"damage_healed":0.0,"max_hp_gain":0.0,"max_hp_loss":0.0,"gold_gain":0.0,"event_name":"Masked Bandits","player_choice":"Fought Bandits","floor":19.0,"gold_loss":0.0,"damage_taken":0.0},{"damage_healed":0.0,"max_hp_gain":0.0,"max_hp_loss":0.0,"gold_gain":0.0,"event_name":"Vampires","player_choice":"Ignored","floor":20.0,"gold_loss":0.0,"damage_taken":0.0},{"damage_healed":0.0,"max_hp_gain":0.0,"max_hp_loss":0.0,"gold_gain":0.0,"event_name":"The Mausoleum","player_choice":"Opened","floor":27.0,"gold_loss":0.0,"damage_taken":0.0,"relics_obtained":["Nunchaku"]},{"damage_healed":0.0,"max_hp_gain":0.0,"max_hp_loss":0.0,"gold_gain":0.0,"event_name":"Colosseum","player_choice":"Fight","floor":31.0,"gold_loss":0.0,"damage_taken":0.0},{"damage_healed":0.0,"max_hp_gain":0.0,"max_hp_loss":0.0,"gold_gain":0.0,"event_name":"Colosseum","player_choice":"Fought Nobs","floor":31.0,"gold_loss":0.0,"damage_taken":0.0},{"damage_healed":0,"gold_gain":0,"player_choice":"Embrace Madness","damage_taken":10,"max_hp_gain":0,"max_hp_loss":0,"event_name":"Winding Halls","floor":36,"gold_loss":0,"cards_obtained":["Madness","Madness"]}],"is_beta":false,"boss_relics":[{"not_picked":["Runic Dome","Fusion Hammer"],"picked":"Tiny House"},{"not_picked":["hermit:ClaspedLocket","Pandora\u0027s Box"],"picked":"hermit:BartenderGlass"}],"items_purged_floors":[3,11,21,37],"is_endless":false,"potions_floor_spawned":[2,8,10,18,24,29,31,33,35],"killed_by":"Sphere and 2 Shapes","ascension_level":0}}