{"host":"gk5m6v7zec9neb0j","time":1609752979,"event":{"mods":["AchievementEnabler","AlwaysNeverKeys","BaseMod","BetterRewards","Block Reminder","Minty Spire (QoL Compilation)","Rare Cards Sparkle","Relic Stats","StSLib"],"gold_per_floor":[117,127,142,161,111,111,121,121,167,167,180,190,190,37,37,138,138,154,54,54,71,86,86,86,86,86,97,297,297,314,38,38,138,138,148,160,10,26,26,26,44,60,60,73,73,89,104,178,178,178,178,178,25,53,53],"floor_reached":56,"playtime":2783,"items_purged":["Strike_G","Strike_G","Strike_G","Tools of the Trade+1"],"score":1395,"play_id":"30997a8f-e9a0-4807-b116-97d6680ebb68","local_time":"20210104043619","is_ascension_mode":false,"campfire_choices":[{"data":"Neutralize","floor":6.0,"key":"SMITH"},{"data":"Cloak And Dagger","floor":10.0,"key":"SMITH"},{"data":"Blade Dance","floor":13.0,"key":"SMITH"},{"data":"Skewer","floor":15.0,"key":"SMITH"},{"data":"After Image","floor":23.0,"key":"SMITH"},{"data":"Neutralize","floor":24.0,"key":"SMITH"},{"data":"Accuracy","floor":25.0,"key":"SMITH"},{"data":"Calculated Gamble","floor":29.0,"key":"SMITH"},{"data":"Night Terror","floor":32.0,"key":"SMITH"},{"data":"Terror","floor":40.0,"key":"SMITH"},{"data":"Blade Dance","floor":49.0,"key":"SMITH"},{"data":"Footwork","floor":52,"key":"SMITH"}],"circlet_count":0,"master_deck":["Defend_G","Defend_G","Defend_G","Defend_G","Defend_G","Survivor","Neutralize+1","Dagger Throw","Blade Dance+1","Cloak And Dagger+1","Blade Dance+1","Blade Dance","Dodge and Roll","After Image+1","CurseOfTheBell","Footwork+1","Backstab","Neutralize+1","Accuracy+1","Calculated Gamble+1","Tools of the Trade+1","Setup+1","Backflip+1","Terror+1","Blade Dance+1","Blur","Finisher","Cloak And Dagger+1"],"relics":["Ring of the Snake","Ornamental Fan","Regal Pillow","Calling Bell","Art of War","Meat on the Bone","WingedGreaves","White Beast Statue","Nunchaku","Astrolabe","Vajra","Question Card","Orrery","Bottled Tornado"],"acts_visited":["Exordium","TheCity","TheBeyond","TheEnding"],"potions_floor_usage":[50,55,55,55],"damage_taken":[{"damage":0.0,"enemies":"2 Louse","floor":1.0,"turns":3.0},{"damage":0.0,"enemies":"Small Slimes","floor":2.0,"turns":5.0},{"damage":0.0,"enemies":"Jaw Worm","floor":3.0,"turns":3.0},{"damage":1.0,"enemies":"Lots of Slimes","floor":4.0,"turns":6.0},{"damage":0.0,"enemies":"Large Slime","floor":7.0,"turns":4.0},{"damage":0.0,"enemies":"Gremlin Gang","floor":11.0,"turns":4.0},{"damage":0.0,"enemies":"2 Fungi Beasts","floor":12.0,"turns":2.0},{"damage":13.0,"enemies":"The Guardian","floor":16.0,"turns":14.0},{"damage":2.0,"enemies":"Chosen","floor":18.0,"turns":4.0},{"damage":2.0,"enemies":"2 Thieves","floor":21.0,"turns":3.0},{"damage":0.0,"enemies":"Chosen and Byrds","floor":22.0,"turns":5.0},{"damage":11.0,"enemies":"3 Cultists","floor":27.0,"turns":4.0},{"damage":0.0,"enemies":"Cultist and Chosen","floor":30.0,"turns":5.0},{"damage":5.0,"enemies":"Champ","floor":33.0,"turns":12.0},{"damage":7.0,"enemies":"3 Shapes","floor":35.0,"turns":3.0},{"damage":0.0,"enemies":"3 Darklings","floor":36.0,"turns":6.0},{"damage":0.0,"enemies":"Transient","floor":38.0,"turns":5.0},{"damage":0.0,"enemies":"Sphere and 2 Shapes","floor":41.0,"turns":6.0},{"damage":0.0,"enemies":"Maw","floor":42.0,"turns":5.0},{"damage":0.0,"enemies":"Spire Growth","floor":44.0,"turns":5.0},{"damage":0.0,"enemies":"3 Darklings","floor":46.0,"turns":5.0},{"damage":7.0,"enemies":"4 Shapes","floor":47.0,"turns":6.0},{"damage":22,"enemies":"Awakened One","floor":50,"turns":8},{"damage":38,"enemies":"Shield and Spear","floor":54,"turns":6},{"damage":43,"enemies":"The Heart","floor":55,"turns":11}],"seed_played":"1513564553305607675","potions_obtained":[{"floor":1.0,"key":"ColorlessPotion"},{"floor":3.0,"key":"Poison Potion"},{"floor":11.0,"key":"PowerPotion"},{"floor":27.0,"key":"DistilledChaos"},{"floor":33.0,"key":"LiquidBronze"},{"floor":35.0,"key":"Block Potion"},{"floor":41.0,"key":"PowerPotion"},{"floor":44.0,"key":"LiquidBronze"},{"floor":46.0,"key":"DuplicationPotion"},{"floor":47.0,"key":"LiquidMemories"},{"floor":54,"key":"GhostInAJar"}],"is_trial":false,"path_per_floor":["M","M","M","M","?","R","M","?","T","R","M","M","R","$","R","B",null,"M","$","?","M","M","R","R","R","T","M","?","R","M","$","R","B",null,"M","M","$","M","$","R","M","M","T","M","?","M","M","T","R","B",null,"R","$","E","B",null],"character_chosen":"THE_SILENT","items_purchased":["Ornamental Fan","Skewer","Nunchaku","Orrery"],"campfire_rested":0,"item_purchase_floors":[0,14,31,53],"current_hp_per_floor":[61,61,61,60,60,60,60,60,60,60,60,60,60,60,60,47,70,68,68,68,66,66,66,66,66,66,55,55,55,55,55,55,50,70,63,63,63,63,63,63,63,63,63,63,63,63,56,56,56,46,70,70,70,44,13],"gold":53,"neow_bonus":"","is_daily":false,"chose_seed":false,"campfire_upgraded":12,"win_rate":0.0,"timestamp":1609752979,"path_taken":["M","M","M","M","?","R","M","?","T","R","M","M","R","$","R","BOSS","M","$","?","M","M","R","R","R","T","?","?","R","M","$","R","BOSS","M","M","$","?","$","R","M","M","T","M","?","M","?","?","R","BOSS","R","$","E","BOSS"],"items_purchased_type":["Relic","Card","Relic","Relic"],"build_version":"2020-12-22","purchased_purges":4,"victory":true,"max_hp_per_floor":[70,70,70,70,70,70,70,70,70,70,70,70,70,70,70,70,70,70,70,70,70,70,70,70,70,70,70,70,70,70,70,70,70,70,70,70,70,70,70,70,70,70,70,70,70,70,70,70,70,70,70,70,70,70,70],"relic_stats":{"Regal Pillow":0,"Nunchaku":[39],"counters":[97,599],"Ornamental Fan":[628],"Astrolabe":["Tools of the Trade","Tools of the Trade","Setup"],"Art of War":[4],"Question Card":6,"obtain_stats":[{"Ice Cream":7,"Regal Pillow":9,"Torii":0,"HoveringKite":34,"Enchiridion":22,"Vajra":43,"Bottled Tornado":43,"Ancient Tea Set":4,"ClockworkSouvenir":20,"Tough Bandages":25,"Nunchaku":31,"Sundial":24,"Pantograph":12,"Tiny Chest":26,"WingedGreaves":17,"Red Mask":47,"Chemical X":37,"Kunai":0,"InkBottle":54,"Ring of the Snake":0,"Potion Belt":9,"Happy Flower":13,"Golden Idol":3,"Astrolabe":34,"Question Card":48,"White Beast Statue":9,"Peace Pipe":9,"Calling Bell":17,"Bottled Flame":25,"Ornamental Fan":0,"Bronze Scales":10,"Orrery":0,"Black Star":17,"Art of War":17,"Bottled Lightning":43,"StrikeDummy":27,"Toy Ornithopter":27,"Meat on the Bone":17},{"Ice Cream":11,"Regal Pillow":36,"Torii":31,"HoveringKite":21,"Enchiridion":68,"Vajra":91,"Bottled Tornado":52,"Ancient Tea Set":2,"ClockworkSouvenir":41,"Tough Bandages":16,"Nunchaku":85,"Sundial":44,"Pantograph":11,"Tiny Chest":16,"WingedGreaves":80,"Red Mask":54,"Chemical X":22,"Kunai":31,"InkBottle":57,"Ring of the Snake":0,"Potion Belt":3,"Happy Flower":12,"Golden Idol":2,"Astrolabe":86,"Question Card":94,"White Beast Statue":11,"Peace Pipe":62,"Calling Bell":80,"Bottled Flame":16,"Ornamental Fan":72,"Bronze Scales":36,"Orrery":58,"Black Star":13,"Art of War":80,"Bottled Lightning":24,"StrikeDummy":17,"Toy Ornithopter":17,"Meat on the Bone":80},{"Ice Cream":57,"Regal Pillow":206,"Torii":183,"HoveringKite":124,"Enchiridion":435,"Vajra":558,"Bottled Tornado":309,"Ancient Tea Set":5,"ClockworkSouvenir":234,"Tough Bandages":94,"Nunchaku":521,"Sundial":249,"Pantograph":57,"Tiny Chest":94,"WingedGreaves":500,"Red Mask":329,"Chemical X":129,"Kunai":183,"InkBottle":364,"Ring of the Snake":0,"Potion Belt":9,"Happy Flower":68,"Golden Idol":5,"Astrolabe":533,"Question Card":574,"White Beast Statue":57,"Peace Pipe":387,"Calling Bell":500,"Bottled Flame":94,"Ornamental Fan":459,"Bronze Scales":206,"Orrery":367,"Black Star":79,"Art of War":500,"Bottled Lightning":139,"StrikeDummy":100,"Toy Ornithopter":100,"Meat on the Bone":500}],"Ring of the Snake":[194],"Meat on the Bone":36},"card_choices":[{"not_picked":["Deadly Poison","Crippling Poison"],"picked":"Dagger Throw","floor":1.0},{"not_picked":["PiercingWail","Dagger Spray"],"picked":"Blade Dance","floor":2.0},{"not_picked":["Acrobatics","Dagger Throw"],"picked":"Cloak And Dagger","floor":3.0},{"not_picked":["Crippling Poison","PiercingWail"],"picked":"Blade Dance","floor":4.0},{"not_picked":["Well Laid Plans","Grand Finale"],"picked":"Blade Dance","floor":7.0},{"not_picked":["Flying Knee","Acrobatics"],"picked":"Dodge and Roll","floor":11.0},{"not_picked":["Blur","Deadly Poison","Quick Slash"],"picked":"SKIP","floor":12.0},{"not_picked":["Burst","Bullet Time"],"picked":"After Image","floor":16.0},{"not_picked":["Dagger Spray+1","Deflect"],"picked":"Footwork","floor":18.0},{"not_picked":["Dodge and Roll","Deadly Poison+1"],"picked":"Accuracy","floor":21.0},{"not_picked":["Slice","Doppelganger"],"picked":"Calculated Gamble","floor":22.0},{"not_picked":["Poisoned Stab","Dagger Throw+1","Sucker Punch+1"],"picked":"SKIP","floor":27.0},{"not_picked":["Night Terror","Flying Knee","Heel Hook"],"picked":"SKIP","floor":30.0},{"not_picked":["Flying Knee","Heel Hook"],"picked":"Night Terror","floor":30.0},{"not_picked":["Dagger Spray+1","Poisoned Stab","Leg Sweep+1"],"picked":"SKIP","floor":35.0},{"not_picked":["Dash+1","Heel Hook"],"picked":"Backflip+1","floor":36.0},{"not_picked":["Bane+1","Poisoned Stab"],"picked":"Terror","floor":38.0},{"not_picked":["Underhanded Strike+1","Finisher+1"],"picked":"Blade Dance+1","floor":41.0},{"not_picked":["Catalyst","Poisoned Stab","Eviscerate"],"picked":"SKIP","floor":42.0},{"not_picked":["Underhanded Strike","Slice","Grand Finale"],"picked":"SKIP","floor":44.0},{"not_picked":["Setup","PiercingWail+1","Deflect"],"picked":"SKIP","floor":46.0},{"not_picked":["Setup","PiercingWail+1","Deflect"],"picked":"SKIP","floor":46.0},{"not_picked":["PiercingWail","Dash"],"picked":"Blur","floor":47.0},{"not_picked":["Underhanded Strike","Slice+1","Bane+1"],"picked":"Finisher","floor":53},{"not_picked":["Heel Hook","Sucker Punch","Unload"],"picked":"Cloak And Dagger+1","floor":53},{"not_picked":["Acrobatics+1","Skewer","Deflect","Heel Hook"],"picked":"SKIP","floor":54}],"player_experience":727580,"relics_obtained":[{"floor":9.0,"key":"Regal Pillow"},{"floor":17.0,"key":"Art of War"},{"floor":17.0,"key":"Meat on the Bone"},{"floor":17.0,"key":"WingedGreaves"},{"floor":26.0,"key":"White Beast Statue"},{"floor":43.0,"key":"Vajra"},{"floor":48.0,"key":"Question Card"},{"floor":54,"key":"Bottled Tornado"}],"event_choices":[{"cards_removed":["Strike_G"],"damage_healed":0.0,"max_hp_gain":0.0,"max_hp_loss":0.0,"gold_gain":0.0,"event_name":"The Cleric","player_choice":"Card Removal","floor":5.0,"gold_loss":50.0,"damage_taken":0.0},{"damage_healed":0.0,"max_hp_gain":0.0,"max_hp_loss":0.0,"gold_gain":0.0,"event_name":"Golden Idol","player_choice":"Ignored","floor":8.0,"gold_loss":0.0,"damage_taken":0.0},{"damage_healed":0.0,"max_hp_gain":0.0,"max_hp_loss":0.0,"gold_gain":0.0,"event_name":"Match and Keep!","player_choice":"2 cards matched","floor":20.0,"gold_loss":0.0,"damage_taken":0.0,"cards_obtained":["Backstab","Neutralize"]},{"damage_healed":0.0,"max_hp_gain":0.0,"max_hp_loss":0.0,"gold_gain":250.0,"event_name":"The Joust","player_choice":"Bet on Owner","floor":28.0,"gold_loss":50.0,"damage_taken":0.0},{"damage_healed":0.0,"max_hp_gain":0.0,"max_hp_loss":0.0,"gold_gain":0.0,"event_name":"NoteForYourself","player_choice":"Ignored","floor":45.0,"gold_loss":0.0,"damage_taken":0.0}],"is_beta":false,"boss_relics":[{"not_picked":["Runic Dome","Runic Pyramid"],"picked":"Calling Bell"},{"not_picked":["Philosopher\u0027s Stone","Tiny House"],"picked":"Astrolabe"}],"items_purged_floors":[14,19,31,37],"is_endless":false,"potions_floor_spawned":[1,3,4,11,18,21,27,30,33,35,36,38,41,42,44,46,47,54],"ascension_level":0}}