{"host":"56ghxnzsglgdq727","time":1609766996,"event":{"mods":["AchievementEnabler","BaseMod","Downfall","Minty Spire (QoL Compilation)","StSLib"],"gold_per_floor":[99,114,114,130,580,580,580,580,580,598,598,671,62,80,94,190,190,190,201,1,16,16,28,28,109,129,141,66,93,18,38,52,155,155,80,95,105,122,132,132,158,158,158,200,216,216,226,84,97,97,97,153,28,28,28],"floor_reached":56,"playtime":2881,"items_purged":["Slimebound:Icky","sneckomod:Defend","sneckomod:Defend"],"score":1294,"play_id":"42119844-26b0-4d88-ab13-a8709f4ae24f","local_time":"20210104082956","is_ascension_mode":true,"campfire_choices":[{"data":"sneckomod:Transmogrify","floor":1,"key":"SMITH"},{"data":"sneckomod:Unknown0Cost","floor":6,"key":"SMITH"},{"data":"sneckomod:DiceBoulder","floor":11,"key":"SMITH"},{"data":"sneckomod:UnknownRareAttack","floor":18,"key":"SMITH"},{"data":"expansioncontent:QuickStudy","floor":28,"key":"SMITH"},{"floor":30,"key":"RECALL"},{"data":"sneckomod:DiceBoulder+1","floor":35,"key":"SMITH"},{"data":"Dramatic Entrance","floor":40,"key":"SMITH"},{"floor":43,"key":"REST"},{"data":"sneckomod:UnknownRareSkill","floor":54,"key":"SMITH"}],"circlet_count":0,"master_deck":["sneckomod:Strike+1","sneckomod:Strike+1","sneckomod:TailWhip","sneckomod:SnekBite+1","sneckomod:Unknown","sneckomod:Unknown","sneckomod:Transmogrify+1","sneckomod:DiceBoulder+2","sneckomod:Unknown0Cost+1","sneckomod:UnknownClassRED+1","sneckomod:UnknownRareAttack+1","sneckomod:CheapStock","Dramatic Entrance+1","sneckomod:SerpentIdol","sneckomod:MorePower","sneckomod:UnknownRarePower+1","sneckomod:Unknown0Cost+1","sneckomod:DiceCrush+1","sneckomod:UnknownClassTHE_CHAMP_GRAY+1","sneckomod:Unknown2Cost+1","sneckomod:Unknown2Cost+1","expansioncontent:QuickStudy+1","sneckomod:UnknownRareAttack+1","sneckomod:UnknownClassGREEN+1","sneckomod:SoulDraw+1","sneckomod:UnknownStrength+1","sneckomod:UnknownDexterity+1","sneckomod:UnknownRareAttack+1","sneckomod:UnknownRareSkill+1","sneckomod:UnknownStrength+1","expansioncontent:CaCaw+1","expansioncontent:DefensiveStance+1","sneckomod:UnknownRareSkill+1","sneckomod:CheapStock+1","sneckomod:UnknownUncommonPower+1"],"relics":["sneckomod:SneckoSoul","Frozen Egg 2","Mango","InkBottle","Molten Egg 2","downfall:HeartBlessingBlue","sneckomod:SuperSneckoSoul","downfall:HeartBlessingGreen","Bronze Scales","Sozu","downfall:HeartBlessingRed","Ancient Tea Set","Pen Nib","Omamori","sneckomod:LoadedDie","Lee\u0027s Waffle","Vajra"],"acts_visited":["Exordium","TheCity","TheBeyond","TheEnding"],"potions_floor_usage":[10,16,16,16,20,26,33,33],"damage_taken":[{"damage":3,"enemies":"Jaw Worm","floor":2,"turns":3},{"damage":11,"enemies":"Small Slimes","floor":4,"turns":3},{"damage":0,"enemies":"2 Louse","floor":10,"turns":1},{"damage":27,"enemies":"3 Sentries","floor":12,"turns":6},{"damage":0,"enemies":"downfall:FleeingMerchant","floor":13,"turns":4},{"damage":5,"enemies":"Red Slaver","floor":14,"turns":2},{"damage":1,"enemies":"Exordium Thugs","floor":15,"turns":2},{"damage":31,"enemies":"downfall:Watcher","floor":16,"turns":6},{"damage":7,"enemies":"Shell Parasite","floor":19,"turns":3},{"damage":8,"enemies":"downfall:FleeingMerchant","floor":20,"turns":4},{"damage":10,"enemies":"Chosen","floor":21,"turns":3},{"damage":6,"enemies":"Snecko","floor":23,"turns":3},{"damage":20,"enemies":"Centurion and Healer","floor":26,"turns":2},{"damage":16,"enemies":"Snake Plant","floor":27,"turns":4},{"damage":71,"enemies":"Gremlin Leader","floor":29,"turns":4},{"damage":20,"enemies":"Shelled Parasite and Fungi","floor":31,"turns":2},{"damage":0,"enemies":"Chosen and Byrds","floor":32,"turns":3},{"damage":37,"enemies":"downfall:Defect","floor":33,"turns":8},{"damage":7,"enemies":"3 Shapes","floor":36,"turns":3},{"damage":10,"enemies":"Orb Walker","floor":37,"turns":1},{"damage":13,"enemies":"4 Shapes","floor":38,"turns":2},{"damage":40,"enemies":"Sphere and 2 Shapes","floor":39,"turns":4},{"damage":27,"enemies":"Jaw Worm Horde","floor":44,"turns":3},{"damage":32,"enemies":"Maw","floor":45,"turns":7},{"damage":11,"enemies":"4 Shapes","floor":47,"turns":3},{"damage":11,"enemies":"downfall:FleeingMerchant","floor":48,"turns":3},{"damage":49,"enemies":"Sphere and 2 Shapes","floor":49,"turns":4},{"damage":71,"enemies":"downfall:Ironclad","floor":50,"turns":10},{"damage":50,"enemies":"downfall:CharBossMerchant","floor":52,"turns":7},{"damage":40,"enemies":"downfall:NeowBoss","floor":55,"turns":20}],"seed_played":"2430590665699475438","potions_obtained":[{"floor":2,"key":"SkillPotion"},{"floor":14,"key":"LiquidMemories"},{"floor":15,"key":"Explosive Potion"},{"floor":16,"key":"AttackPotion"},{"floor":23,"key":"PowerPotion"},{"floor":27,"key":"champ:CounterPotion"},{"floor":31,"key":"sneckomod:MuddlingPotion"}],"is_trial":false,"path_per_floor":["R","M","?","M","?","R","T","?","T","M","R","E","$","M","M","B",null,"R","M","$","M","T","M","T","T","M","M","R","E","R","M","M","B",null,"R","M","M","M","M","R","T","?","R","M","M","?","M","$","M","B",null,"E","$","R","B",null],"character_chosen":"THE_SNECKO","items_purchased":["sneckomod:CheapStock","Vajra","Dramatic Entrance","PowerPotion","Strength Potion","Whetstone","expansioncontent:QuickStudy","sneckomod:LoadedDie","Lee\u0027s Waffle","sneckomod:CheapStock+1"],"campfire_rested":1,"item_purchase_floors":[13,13,13,13,13,13,20,48,48,48],"current_hp_per_floor":[90,87,84,74,74,74,74,74,74,75,75,49,49,45,44,28,96,96,91,89,80,80,79,93,93,78,62,72,72,72,60,62,27,157,157,150,140,127,90,90,90,85,133,109,81,81,72,178,131,64,180,131,131,131,116],"gold":28,"neow_bonus":"ONE_RANDOM_RARE_CARD","is_daily":false,"chose_seed":false,"campfire_upgraded":8,"win_rate":0.0,"timestamp":1609766996,"path_taken":["R","M","?","M","?","R","T","?","?","M","R","E","$","M","M","BOSS","R","M","$","M","?","M","T","?","M","M","R","E","R","M","M","BOSS","R","M","M","M","?","R","T","?","R","M","M","?","?","?","M","BOSS","E","$","R","BOSS"],"items_purchased_type":["Card","Relic","Card","Potion","Potion","Relic","Card","Relic","Relic","Card"],"build_version":"2020-12-22","purchased_purges":3,"victory":true,"max_hp_per_floor":[90,90,90,91,91,91,91,91,91,92,92,93,93,94,94,94,96,96,98,99,100,100,105,119,119,119,119,129,153,153,153,155,157,157,157,157,157,157,160,160,160,160,160,163,167,167,169,178,180,180,180,181,181,181,181],"card_choices":[{"not_picked":["sneckomod:DiceBlock","sneckomod:SoulCleanse"],"picked":"sneckomod:DiceBoulder","floor":2},{"not_picked":["sneckomod:Rotation","sneckomod:ImprovisedGuard"],"picked":"sneckomod:Unknown0Cost","floor":4},{"not_picked":["sneckomod:DefensiveFlair","sneckomod:Nope"],"picked":"sneckomod:UnknownClassRED","floor":10},{"not_picked":["sneckomod:UnknownCommonSkill","sneckomod:UnknownUncommonPower"],"picked":"sneckomod:UnknownRareAttack","floor":12},{"not_picked":["sneckomod:UnknownStrike","sneckomod:IronFang","sneckomod:MasterEye"],"picked":"SKIP","floor":13},{"not_picked":["sneckomod:CheapStock","sneckomod:QuickBite"],"picked":"sneckomod:UnknownBlock","floor":14},{"not_picked":["sneckomod:WideSting","sneckomod:DiceBlock"],"picked":"sneckomod:SerpentIdol","floor":15},{"not_picked":["sneckomod:UnknownRareSkill","sneckomod:Cheat"],"picked":"sneckomod:MorePower","floor":16},{"not_picked":["sneckomod:UnknownCommonSkill+1","sneckomod:UnknownBlock+1"],"picked":"sneckomod:UnknownClassTHE_CHAMP_GRAY+1","floor":19},{"not_picked":["sneckomod:QuickMove","sneckomod:SoulDraw"],"picked":"sneckomod:Unknown2Cost+1","floor":19},{"not_picked":["sneckomod:UnknownExhaust+1","sneckomod:UnknownClassPURPLE+1"],"picked":"sneckomod:Unknown2Cost+1","floor":20},{"not_picked":["sneckomod:UnknownCommonAttack","sneckomod:SoulRoll","sneckomod:UnknownUncommonPower+1"],"picked":"SKIP","floor":20},{"not_picked":["sneckomod:UnknownVulnerable+1","sneckomod:UnknownClassRED+1"],"picked":"sneckomod:UnknownRareAttack+1","floor":21},{"not_picked":["sneckomod:UnknownCommonAttack","sneckomod:DiceBlock","sneckomod:DiceCrush+1"],"picked":"SKIP","floor":21},{"not_picked":["sneckomod:UnknownCommonAttack+1","sneckomod:UnknownEthereal+1"],"picked":"sneckomod:UnknownClassGREEN+1","floor":23},{"not_picked":["sneckomod:Nope","sneckomod:MasterEye+1"],"picked":"sneckomod:SoulDraw+1","floor":23},{"not_picked":["sneckomod:UnknownClassBLUE","sneckomod:DiceBlock","sneckomod:UnknownUncommonSkill"],"picked":"SKIP","floor":26},{"not_picked":["sneckomod:WideSting+1","sneckomod:DiceBoulder+1","sneckomod:UnknownEthereal"],"picked":"SKIP","floor":27},{"not_picked":["sneckomod:MixItUp+1","sneckomod:Nope","sneckomod:SlitherStrike+1"],"picked":"SKIP","floor":29},{"not_picked":["sneckomod:SlitherStrike+1","sneckomod:UnknownClassTHE_CHAMP_GRAY+1","sneckomod:UnknownUncommonAttack+1"],"picked":"SKIP","floor":31},{"not_picked":["sneckomod:UnknownUncommonAttack+1","sneckomod:UnknownCommonAttack+1"],"picked":"sneckomod:UnknownStrength+1","floor":32},{"not_picked":["sneckomod:UnknownCommonSkill","sneckomod:DangerNoodle+1"],"picked":"sneckomod:UnknownDexterity+1","floor":32},{"not_picked":["sneckomod:UnknownUncommonAttack+1","sneckomod:UnknownClassRED+1"],"picked":"sneckomod:UnknownRareAttack+1","floor":33},{"not_picked":["sneckomod:Restock","sneckomod:GlitteringGambit"],"picked":"sneckomod:UnknownRareSkill","floor":33},{"not_picked":["sneckomod:UnknownBlock","sneckomod:Unknown0Cost","sneckomod:Nope+1"],"picked":"SKIP","floor":36},{"not_picked":["sneckomod:DiceCrush+1","sneckomod:MixItUp+1","sneckomod:UnknownWeak"],"picked":"SKIP","floor":37},{"not_picked":["sneckomod:MasterEye+1","sneckomod:SoulDraw+1","sneckomod:Unknown1Cost+1"],"picked":"SKIP","floor":38},{"not_picked":["sneckomod:Unknown1Cost+1","sneckomod:UnknownWeak+1"],"picked":"sneckomod:UnknownStrength+1","floor":39},{"not_picked":["sneckomod:UnknownCommonSkill","sneckomod:UnknownStrike+1","sneckomod:Unknown1Cost"],"picked":"Singing Bowl","floor":39},{"not_picked":["expansioncontent:PolyBeam+1","expansioncontent:SlimeTackle+1"],"picked":"expansioncontent:CaCaw+1","floor":42},{"not_picked":["expansioncontent:SlimeTackle+1","expansioncontent:Torchfire+1"],"picked":"expansioncontent:DefensiveStance+1","floor":42},{"not_picked":["sneckomod:UnknownWeak+1","sneckomod:UnknownClassPURPLE+1"],"picked":"sneckomod:UnknownRareSkill+1","floor":44},{"not_picked":["sneckomod:RainOfDice+1","sneckomod:Mudshield+1","sneckomod:Unknown2Cost+1"],"picked":"Singing Bowl","floor":44},{"not_picked":["sneckomod:UnknownUncommonPower+1","sneckomod:UnknownExhaust+1","sneckomod:UnknownColorless+1"],"picked":"Singing Bowl","floor":45},{"not_picked":["sneckomod:IronFang+1","sneckomod:SoulDraw+1","sneckomod:Nope+1"],"picked":"Singing Bowl","floor":45},{"not_picked":["sneckomod:SoulDraw+1","sneckomod:UnknownUncommonPower+1","sneckomod:UnknownClassRED"],"picked":"Singing Bowl","floor":47},{"not_picked":["sneckomod:UnknownStrike+1","sneckomod:UnknownCommonSkill+1","sneckomod:WideSting+1"],"picked":"Singing Bowl","floor":48},{"not_picked":["sneckomod:MasterEye+1","sneckomod:Unknown1Cost+1","sneckomod:UnknownWeak+1"],"picked":"Singing Bowl","floor":49},{"not_picked":["sneckomod:UnknownBlock+1","sneckomod:UnknownUncommonSkill+1"],"picked":"sneckomod:UnknownUncommonPower+1","floor":52},{"not_picked":["sneckomod:IronFang+1","sneckomod:UnknownClassTHE_CHAMP_GRAY","sneckomod:UnknownClassGUARDIAN+1"],"picked":"SKIP","floor":52}],"player_experience":136810,"relics_obtained":[{"floor":4,"key":"Gremlin Horn"},{"floor":7,"key":"sneckomod:ConfusingCodex"},{"floor":9,"key":"Letter Opener"},{"floor":12,"key":"Gremlin Horn"},{"floor":12,"key":"Orichalcum"},{"floor":13,"key":"sneckomod:ConfusingCodex"},{"floor":15,"key":"Toy Ornithopter"},{"floor":16,"key":"Eternal Feather"},{"floor":19,"key":"Bronze Scales"},{"floor":20,"key":"Frozen Egg 2"},{"floor":24,"key":"Mango"},{"floor":25,"key":"InkBottle"},{"floor":26,"key":"Molten Egg 2"},{"floor":27,"key":"Omamori"},{"floor":29,"key":"sneckomod:SuperSneckoSoul"},{"floor":29,"key":"Omamori"},{"floor":29,"key":"Pen Nib"},{"floor":32,"key":"Gremlin Horn"},{"floor":33,"key":"Bronze Scales"},{"floor":39,"key":"Singing Bowl"},{"floor":41,"key":"Ancient Tea Set"},{"floor":44,"key":"Pen Nib"},{"floor":45,"key":"Omamori"},{"floor":49,"key":"Singing Bowl"},{"floor":52,"key":"Vajra"},{"floor":52,"key":"Pantograph"}],"event_choices":[{"damage_healed":0,"gold_gain":0,"player_choice":"Success","damage_taken":3,"relics_obtained":["Gremlin Horn"],"max_hp_gain":0,"max_hp_loss":0,"event_name":"Scrap Ooze","floor":3,"gold_loss":0},{"cards_removed":["Slimebound:Icky"],"damage_healed":0,"gold_gain":0,"player_choice":"Card Removal","damage_taken":0,"max_hp_gain":0,"max_hp_loss":0,"event_name":"The Cleric","floor":8,"gold_loss":0},{"cards_removed":["Slimebound:Icky"],"damage_healed":0,"gold_gain":0,"player_choice":"Purged","damage_taken":0,"max_hp_gain":0,"max_hp_loss":0,"event_name":"Purifier","floor":46,"gold_loss":0}],"is_beta":false,"boss_relics":[{"not_picked":["downfall:Hecktoplasm","Philosopher\u0027s Stone"],"picked":"Astrolabe"},{"not_picked":["Cursed Key","Pandora\u0027s Box"],"picked":"Sozu"}],"items_purged_floors":[13,48,53],"is_endless":false,"potions_floor_spawned":[2,14,15,16,23,27,31,38,47,49],"ascension_level":1}}