{"host":"fjaupvxe7fzqrf4j","time":1609773841,"event":{"mods":["ATMod(°¢èªMod)","BaseMod","Minty Spire (QoL Compilation)","StSLib"],"gold_per_floor":[118,43,43,58,74,105,135,168,195,524,552,587,622,647,647,720,720,737,769,527,527,427,462,488,518,545,571,602,633,660,688,688,761,811,829,546,546,556,607,634,634,665,665,699,732,732,759,792,792,792,792,792,792,152,181,181],"floor_reached":57,"playtime":1732,"items_purged":["Underhanded Strike","Dagger Throw","Eviscerate"],"score":5109,"play_id":"59537041-3e03-4636-8ece-d95c1dec8a45","local_time":"20210104232401","daily_mods":["SealedDeck","Heirloom","Time Dilation","Flight","Elite Swarm"],"is_ascension_mode":true,"campfire_choices":[{"data":"Tactician","floor":15,"key":"SMITH"},{"data":"AT_Desolate","floor":32,"key":"SMITH"},{"data":"Expertise","floor":41,"key":"SMITH"},{"floor":46,"key":"RECALL"},{"data":"AT_DarkMatter","floor":49,"key":"SMITH"},{"data":"Deflect","floor":53,"key":"SMITH"}],"circlet_count":0,"master_deck":["AscendersBane","PiercingWail","Deflect+1","Acrobatics","AT_Desolate+1","Prepared+1","Expertise+1","Tactician+1","Grand Finale+1","After Image","Adrenaline","Escape Plan","Feed","AT_DarkMatter+1"],"relics":["Ring of the Snake","AT_ATBox","Bird Faced Urn","AT_Kusabimaru","AT_ChloranthyRing","Pen Nib","Bag of Preparation","Old Coin","AT_RedTearstoneRing","Strawberry","AT_SeraphEmbrace","Sundial","HoveringKite","Red Mask","PrismaticShard","Bottled Lightning","AT_LudenTempest","Akabeko","Gambling Chip","Regal Pillow","Art of War","Boot","Girya","Tiny House","Bag of Marbles","Calipers","Singing Bowl","AT_RabadonDeathcap","Toy Ornithopter","Letter Opener","Anchor","Torii","MealTicket","TheAbacus","Oddly Smooth Stone","StoneCalendar","AT_BladeRuinedKing"],"acts_visited":["Exordium","TheCity","TheBeyond","TheEnding"],"potions_floor_usage":[7,37,56,56],"damage_taken":[{"damage":0,"enemies":"Small Slimes","floor":1,"turns":2},{"damage":0,"enemies":"Cultist","floor":4,"turns":2},{"damage":0,"enemies":"2 Louse","floor":5,"turns":1},{"damage":0,"enemies":"Lagavulin","floor":6,"turns":2},{"damage":0,"enemies":"3 Sentries","floor":7,"turns":4},{"damage":0,"enemies":"Lagavulin","floor":8,"turns":2},{"damage":0,"enemies":"Gremlin Nob","floor":10,"turns":2},{"damage":0,"enemies":"Lagavulin","floor":11,"turns":1},{"damage":0,"enemies":"Gremlin Nob","floor":12,"turns":1},{"damage":0,"enemies":"Lagavulin","floor":13,"turns":1},{"damage":0,"enemies":"3 Sentries","floor":14,"turns":1},{"damage":0,"enemies":"Hexaghost","floor":16,"turns":1},{"damage":0,"enemies":"2 Thieves","floor":18,"turns":1},{"damage":0,"enemies":"Masked Bandits","floor":19,"turns":1},{"damage":0,"enemies":"Slavers","floor":23,"turns":1},{"damage":0,"enemies":"Gremlin Leader","floor":24,"turns":1},{"damage":0,"enemies":"Book of Stabbing","floor":25,"turns":1},{"damage":0,"enemies":"Slavers","floor":27,"turns":1},{"damage":0,"enemies":"Book of Stabbing","floor":28,"turns":1},{"damage":0,"enemies":"Slavers","floor":29,"turns":1},{"damage":0,"enemies":"Gremlin Leader","floor":30,"turns":1},{"damage":0,"enemies":"Slavers","floor":31,"turns":1},{"damage":0,"enemies":"Automaton","floor":33,"turns":1},{"damage":0,"enemies":"Orb Walker","floor":35,"turns":1},{"damage":0,"enemies":"3 Shapes","floor":38,"turns":1},{"damage":0,"enemies":"2 Orb Walkers","floor":39,"turns":1},{"damage":0,"enemies":"Nemesis","floor":40,"turns":1},{"damage":0,"enemies":"Reptomancer","floor":42,"turns":1},{"damage":0,"enemies":"Nemesis","floor":44,"turns":1},{"damage":0,"enemies":"Giant Head","floor":45,"turns":1},{"damage":0,"enemies":"Nemesis","floor":47,"turns":1},{"damage":0,"enemies":"Giant Head","floor":48,"turns":1},{"damage":0,"enemies":"Donu and Deca","floor":50,"turns":1},{"damage":0,"enemies":"Awakened One","floor":51,"turns":2},{"damage":0,"enemies":"Shield and Spear","floor":55,"turns":1},{"damage":0,"enemies":"The Heart","floor":56,"turns":4}],"seed_played":"-6890934135759466442","potions_obtained":[{"floor":1,"key":"Regen Potion"},{"floor":5,"key":"LiquidMemories"},{"floor":8,"key":"ColorlessPotion"},{"floor":13,"key":"GamblersBrew"},{"floor":37,"key":"Fruit Juice"},{"floor":37,"key":"AttackPotion"},{"floor":42,"key":"PowerPotion"}],"is_trial":true,"path_per_floor":["M","?","?","M","M","E","E","E","T","E","E","E","E","E","R","B",null,"M","?","$","?","$","E","E","E","T","E","E","E","E","E","R","B",null,"M","$","?","M","?","E","R","E","T","E","E","R","E","E","R","B","B",null,"R","$","E","B",null],"character_chosen":"THE_SILENT","items_purchased":["PrismaticShard","Bag of Marbles","TheAbacus","Oddly Smooth Stone","StoneCalendar"],"campfire_rested":0,"item_purchase_floors":[20,36,54,54,54],"current_hp_per_floor":[61,61,61,63,63,65,66,66,66,66,66,73,73,73,73,73,73,73,73,73,73,73,73,73,73,73,73,76,79,82,85,85,88,93,96,96,101,104,104,109,109,111,111,113,118,118,123,128,128,131,134,134,134,134,139,142],"gold":181,"neow_bonus":"","is_daily":false,"chose_seed":false,"campfire_upgraded":5,"win_rate":0.0,"timestamp":1609773841,"path_taken":["M","?","?","?","M","E","E","E","T","E","E","E","E","E","R","BOSS","M","?","$","?","$","E","E","E","T","E","E","E","E","E","R","BOSS","M","$","?","?","?","E","R","E","T","E","E","R","E","E","R","BOSS","BOSS","R","$","E","BOSS"],"items_purchased_type":["Relic","Relic","Relic","Relic","Relic"],"build_version":"2020-12-22","purchased_purges":3,"victory":true,"max_hp_per_floor":[66,66,66,66,66,66,66,66,66,66,66,73,73,73,73,73,73,73,73,73,73,73,73,73,73,73,73,76,79,82,85,85,88,93,96,96,101,104,104,109,109,111,111,113,118,118,123,128,128,131,134,134,134,134,139,142],"card_choices":[{"not_picked":["Well Laid Plans","Dagger Spray","AT_ArcaneSupremacy"],"picked":"SKIP","floor":1},{"not_picked":["Blade Dance","AT_WindFlip"],"picked":"Tactician","floor":4},{"not_picked":["Deflect","AT_ThistleTea","PiercingWail"],"picked":"SKIP","floor":5},{"not_picked":["After Image","AT_MyraUnstableElement","Burst"],"picked":"SKIP","floor":6},{"not_picked":["Unload","Bullet Time"],"picked":"Grand Finale","floor":7},{"not_picked":["Doppelganger","Die Die Die"],"picked":"After Image","floor":8},{"not_picked":["Venomology","Grand Finale","Doppelganger"],"picked":"SKIP","floor":10},{"not_picked":["AT_EssenceShift","Bullet Time","Tools of the Trade"],"picked":"SKIP","floor":11},{"not_picked":["Malaise","Grand Finale","Glass Knife"],"picked":"SKIP","floor":12},{"not_picked":["Wraith Form v2","Unload"],"picked":"Adrenaline","floor":13},{"not_picked":["Tools of the Trade","AT_EssenceShift","Malaise"],"picked":"SKIP","floor":14},{"not_picked":["Bane+1","Choke","AT_Desolate"],"picked":"SKIP","floor":18},{"not_picked":["Dodge and Roll+1","Skewer"],"picked":"Escape Plan","floor":19},{"not_picked":["All For One","AT_EmpoweredMortalDraw","Secret Weapon"],"picked":"SKIP","floor":23},{"not_picked":["Wish","Scrawl","AT_RealColorLess"],"picked":"SKIP","floor":24},{"not_picked":["Wish","Scrawl","AT_RealColorLess"],"picked":"SKIP","floor":24},{"not_picked":["AT_EssenceShift","Transmutation","Storm of Steel"],"picked":"SKIP","floor":25},{"not_picked":["Magnetism","Chrysalis"],"picked":"Feed","floor":27},{"not_picked":["Vault","AT_RealColorLess","Brilliance"],"picked":"SKIP","floor":28},{"not_picked":["AT_BreakingExtremeWeapon","Bullet Time","Machine Learning"],"picked":"SKIP","floor":29},{"not_picked":["Night Terror","Multi-Cast","Malaise"],"picked":"SKIP","floor":30},{"not_picked":["Fiend Fire","AT_IrregularMenstruation","Rainbow"],"picked":"SKIP","floor":31},{"not_picked":["Flex","Concentrate"],"picked":"AT_DarkMatter","floor":34},{"not_picked":["Clash","Study","BowlingBash+1"],"picked":"SKIP","floor":35},{"not_picked":["EmptyFist+1","Discovery","PiercingWail"],"picked":"SKIP","floor":38},{"not_picked":["Double Tap","Machine Learning","Envenom"],"picked":"Singing Bowl","floor":40},{"not_picked":["A Thousand Cuts","Wish","Hyperbeam"],"picked":"Singing Bowl","floor":42},{"not_picked":["Venomology","Corpse Explosion","Wish"],"picked":"Singing Bowl","floor":44},{"not_picked":["Multi-Cast","Sadistic Nature","Core Surge"],"picked":"Singing Bowl","floor":45},{"not_picked":["Reboot","LessonLearned","Double Tap"],"picked":"Singing Bowl","floor":47},{"not_picked":["Devotion","SpiritShield","AT_IrregularMenstruation"],"picked":"Singing Bowl","floor":48},{"not_picked":["AT_RightCognition","AT_EmpoweredMortalDraw","Rainbow"],"picked":"Singing Bowl","floor":55}],"player_experience":340939,"relics_obtained":[{"floor":6,"key":"AT_Kusabimaru"},{"floor":7,"key":"AT_ChloranthyRing"},{"floor":8,"key":"Pen Nib"},{"floor":9,"key":"Bag of Preparation"},{"floor":10,"key":"Old Coin"},{"floor":11,"key":"AT_RedTearstoneRing"},{"floor":12,"key":"Strawberry"},{"floor":13,"key":"AT_ArchangelStaff"},{"floor":14,"key":"Sundial"},{"floor":19,"key":"Red Mask"},{"floor":23,"key":"Bottled Lightning"},{"floor":24,"key":"AT_LudenTempest"},{"floor":25,"key":"Akabeko"},{"floor":27,"key":"Gambling Chip"},{"floor":28,"key":"Regal Pillow"},{"floor":29,"key":"Art of War"},{"floor":30,"key":"Boot"},{"floor":31,"key":"Girya"},{"floor":39,"key":"Calipers"},{"floor":40,"key":"Singing Bowl"},{"floor":42,"key":"AT_RabadonDeathcap"},{"floor":43,"key":"Toy Ornithopter"},{"floor":44,"key":"Letter Opener"},{"floor":45,"key":"Anchor"},{"floor":47,"key":"Torii"},{"floor":48,"key":"MealTicket"},{"floor":55,"key":"AT_BladeRuinedKing"}],"event_choices":[{"cards_removed":["Quick Slash"],"damage_healed":0,"gold_gain":0,"player_choice":"Card Removal","damage_taken":0,"max_hp_gain":0,"max_hp_loss":0,"event_name":"The Cleric","floor":2,"gold_loss":75},{"damage_healed":0,"gold_gain":0,"player_choice":"Forge","damage_taken":0,"max_hp_gain":0,"max_hp_loss":0,"event_name":"Accursed Blacksmith","floor":3,"gold_loss":0,"cards_upgraded":["Prepared"]},{"damage_healed":0,"gold_gain":0,"player_choice":"Fought Bandits","damage_taken":0,"max_hp_gain":0,"max_hp_loss":0,"event_name":"Masked Bandits","floor":19,"gold_loss":0},{"damage_healed":0,"gold_gain":0,"player_choice":"Ignored","damage_taken":0,"max_hp_gain":0,"max_hp_loss":0,"event_name":"Ghosts","floor":21,"gold_loss":0},{"damage_healed":0,"gold_gain":0,"player_choice":"Got Potions","damage_taken":0,"max_hp_gain":0,"max_hp_loss":0,"event_name":"Lab","floor":37,"gold_loss":0},{"damage_healed":0,"gold_gain":0,"player_choice":"Fight","damage_taken":0,"max_hp_gain":0,"max_hp_loss":0,"event_name":"Mysterious Sphere","floor":39,"gold_loss":0}],"is_beta":false,"boss_relics":[{"not_picked":["AT_MortalBlade","Astrolabe"],"picked":"HoveringKite"},{"not_picked":["Snecko Eye","Fusion Hammer"],"picked":"Tiny House"}],"items_purged_floors":[20,22,36],"is_endless":false,"potions_floor_spawned":[1,5,7,8,13,16,18,23,24,27,38,42,44],"ascension_level":20}}