{"host":"61xbmbtf5zrn7rzc","time":1609797355,"event":{"mods":["BaseMod","Challenge The Spire","Hubris","Minty Spire (QoL Compilation)","Replay The Spire","StSLib","SuperFastMode","The Marked"],"gold_per_floor":[109,34,34,47,57,57,90,106,129,129,129,156,173,73,73,73,73],"floor_reached":16,"playtime":666,"items_purged":["Strike_G","Strike_G"],"score":149,"play_id":"5b5e90a4-116a-4161-891d-76d3759c841e","local_time":"20210104165555","is_ascension_mode":true,"campfire_choices":[{"data":"Neutralize","floor":6,"key":"SMITH"},{"floor":10,"key":"REST"},{"data":"Neutralize","floor":15,"key":"SMITH"}],"circlet_count":0,"master_deck":["Footwork+1","Strike_G","Strike_G","Defend_G","Defend_G","Defend_G","Defend_G","Defend_G","Survivor","Neutralize+1","Glass Knife+1","Dash","Neutralize+1","Deflect","Infinite Blades","Draining Mist+1","Infinite Blades"],"relics":["Ring of the Snake","Basket Of Snakes","Gremlin Food","Toxic Egg 2"],"acts_visited":["Exordium"],"potions_floor_usage":[16,16],"damage_taken":[{"damage":4,"enemies":"Small Slimes","floor":1,"turns":4},{"damage":0,"enemies":"Cultist","floor":4,"turns":3},{"damage":0,"enemies":"2 Louse","floor":5,"turns":2},{"damage":5,"enemies":"Replay:BlueRogue","floor":7,"turns":5},{"damage":14,"enemies":"Gremlin Gang","floor":8,"turns":4},{"damage":0,"enemies":"Lagavulin","floor":12,"turns":7},{"damage":12,"enemies":"Lots of Slimes","floor":13,"turns":5},{"damage":65,"enemies":"Fading Forest","floor":16,"turns":9}],"seed_played":"-6279598799089169605","potions_obtained":[{"floor":4,"key":"AttackPotion"},{"floor":7,"key":"Dexterity Potion"},{"floor":8,"key":"Languid Potion"}],"is_trial":false,"path_per_floor":["M","$","?","M","M","R","E","M","T","R","?","E","M","$","R","B"],"character_chosen":"THE_SILENT","items_purchased":[],"campfire_rested":1,"item_purchase_floors":[],"current_hp_per_floor":[66,66,66,66,66,66,61,47,47,68,68,68,56,56,56,0,0],"gold":73,"neow_bonus":"ONE_RANDOM_RARE_CARD","is_daily":false,"chose_seed":false,"campfire_upgraded":2,"win_rate":0.0,"timestamp":1609797355,"path_taken":["M","$","?","?","M","R","E","M","T","R","?","E","?","?","R","BOSS"],"items_purchased_type":[],"build_version":"2020-12-22","purchased_purges":2,"victory":false,"max_hp_per_floor":[70,70,70,70,70,70,70,70,70,70,70,70,70,70,70,70,70],"card_choices":[{"not_picked":["Bane","hubris:Sniper"],"picked":"Dash","floor":1},{"not_picked":["Concentrate","Underhanded Strike"],"picked":"Deflect","floor":4},{"not_picked":["Hidden Blade","Blade Dance"],"picked":"Infinite Blades","floor":5},{"not_picked":["Dodge and Roll","Dagger Spray","hubris:TrickCloak"],"picked":"SKIP","floor":7},{"not_picked":["Endless Agony","Reflex","Deflect"],"picked":"SKIP","floor":8},{"not_picked":["Riddle With Holes","Masterful Stab"],"picked":"Draining Mist+1","floor":12},{"not_picked":["PiercingWail+1","Acrobatics+1"],"picked":"Infinite Blades","floor":13}],"player_experience":98724,"relics_obtained":[{"floor":7,"key":"Basket Of Snakes"},{"floor":9,"key":"Gremlin Food"},{"floor":12,"key":"Toxic Egg 2"}],"event_choices":[{"damage_healed":0,"gold_gain":0,"player_choice":"1 cards matched","damage_taken":0,"max_hp_gain":0,"max_hp_loss":0,"event_name":"Match and Keep!","floor":3,"gold_loss":0,"cards_obtained":["Neutralize"]},{"cards_removed":["Strike_G"],"damage_healed":0,"gold_gain":0,"player_choice":"Offered Basic","damage_taken":0,"max_hp_gain":0,"max_hp_loss":0,"event_name":"Bonfire Elementals","floor":11,"gold_loss":0}],"is_beta":false,"boss_relics":[],"items_purged_floors":[2,14],"is_endless":false,"potions_floor_spawned":[4,7,8,13],"killed_by":"Fading Forest","ascension_level":2}}