{"host":"o4w63qr3r67r509f","time":1609762675,"event":{"mods":["2.2 Compatiblity","AchievementEnabler","BaseMod","Colored Map","DeckTracker","KOR Keyword Fix","Minty Spire (QoL Compilation)","StSLib","The Bug Knight"],"gold_per_floor":[118,118,132,132,132,132,164,164,215,235,248,99,109,139,139,139,139],"floor_reached":16,"playtime":1126,"items_purged":["HollowMod:NailStrikeStart"],"score":135,"play_id":"49db0aa7-3458-4cd3-b45e-0883f1a5ea17","local_time":"20210104211755","is_ascension_mode":false,"campfire_choices":[{"data":"HollowMod:FocusHealStart","floor":6,"key":"SMITH"},{"data":"HollowMod:MothsMistake","floor":15,"key":"SMITH"}],"circlet_count":0,"master_deck":["HollowMod:NailStrikeStart","HollowMod:NailStrikeStart","HollowMod:NailStrikeStart","HollowMod:QuickDashStart","HollowMod:QuickDashStart","HollowMod:FocusHealStart+1","HollowMod:PogoStrike","HollowMod:NewGlowingWomb","HollowMod:GrimmsGift","HollowMod:GreatSlash","HollowMod:MothsMistake+1"],"relics":["HollowMod:VesselMask","NeowsBlessing","Singing Bowl","Gremlin Horn","Pen Nib","Orichalcum"],"acts_visited":["Exordium"],"potions_floor_usage":[],"damage_taken":[{"damage":0,"enemies":"2 Louse","floor":1,"turns":1},{"damage":0,"enemies":"Cultist","floor":3,"turns":1},{"damage":0,"enemies":"Lagavulin","floor":7,"turns":1},{"damage":0,"enemies":"Small Slimes","floor":10,"turns":3},{"damage":26,"enemies":"Blue Slaver","floor":11,"turns":4},{"damage":17,"enemies":"Large Slime","floor":13,"turns":6},{"damage":26,"enemies":"3 Sentries","floor":14,"turns":6},{"damage":52,"enemies":"HollowMod:FalseKnight","floor":16,"turns":6}],"seed_played":"-2903023465630400276","potions_obtained":[{"floor":13,"key":"DistilledChaos"},{"floor":14,"key":"EssenceOfSteel"}],"is_trial":false,"path_per_floor":["M","?","M","?","?","R","E","T","T","M","M","$","M","E","R","B"],"character_chosen":"THE_BUGKNIGHT","items_purchased":["HollowMod:MothsMistake"],"campfire_rested":0,"item_purchase_floors":[12],"current_hp_per_floor":[75,75,75,68,68,68,74,74,74,75,57,57,54,36,36,0,0],"gold":139,"neow_bonus":"THREE_ENEMY_KILL","is_daily":false,"chose_seed":false,"campfire_upgraded":2,"win_rate":0.0,"timestamp":1609762675,"path_taken":["M","?","?","?","?","R","E","?","T","M","M","$","M","E","R","BOSS"],"items_purchased_type":["Card"],"build_version":"2020-12-22","purchased_purges":1,"victory":false,"max_hp_per_floor":[75,75,75,75,75,75,75,75,75,75,77,77,79,81,81,81,81],"card_choices":[{"not_picked":["HollowMod:DashSlash","HollowMod:InfectedAttack","HollowMod:WraithStrike"],"picked":"SKIP","floor":1},{"not_picked":["HollowMod:CoiledNail","HollowMod:BaldurShell"],"picked":"HollowMod:NewGlowingWomb","floor":3},{"not_picked":["HollowMod:LifebloodCocoon","HollowMod:DreamGate"],"picked":"HollowMod:GrimmsGift","floor":7},{"not_picked":["HollowMod:DescendingDark","HollowMod:NewLittleFool"],"picked":"HollowMod:GreatSlash","floor":10},{"not_picked":["HollowMod:ShadowDash","HollowMod:InfectedAttack","HollowMod:VengefulVoid"],"picked":"Singing Bowl","floor":11},{"not_picked":["HollowMod:VengefulVoid","HollowMod:TaintedHusks","HollowMod:SoulEater"],"picked":"Singing Bowl","floor":13},{"not_picked":["HollowMod:WraithStrike","HollowMod:DashSlash","HollowMod:PureVessel"],"picked":"Singing Bowl","floor":14}],"player_experience":111473,"relics_obtained":[{"floor":7,"key":"Singing Bowl"},{"floor":8,"key":"Gremlin Horn"},{"floor":9,"key":"Pen Nib"},{"floor":14,"key":"Orichalcum"}],"event_choices":[{"damage_healed":0,"gold_gain":0,"player_choice":"Full Heal","damage_taken":0,"max_hp_gain":0,"max_hp_loss":0,"event_name":"Wheel of Change","floor":2,"gold_loss":0},{"cards_removed":["HollowMod:QuickDashStart"],"damage_healed":0,"gold_gain":0,"player_choice":"Card Removal","damage_taken":7,"max_hp_gain":0,"max_hp_loss":0,"event_name":"Golden Wing","floor":4,"gold_loss":0}],"is_beta":false,"boss_relics":[],"items_purged_floors":[12],"is_endless":false,"potions_floor_spawned":[13,14],"killed_by":"HollowMod:FalseKnight","ascension_level":0}}