{"host":"jqa9y4qkalbx8qgz","time":1609798657,"event":{"mods":["BaseMod","Bestiary","BetterRewards","CCEM","Downfall","Minty Spire (QoL Compilation)","Permanent Neow","Relic Stats","Replay The Spire","StSLib","The Alterego","Wandering Minibosses"],"gold_per_floor":[100,112,131,151,171,198,198,34,34,484,409,426,443,473,485,590,590,515,525,541,941,941,941,941,980,980,810,810,842,873,919,936,1062,1062,1062,1126,1126,1208,1208,1260,1284,1209,1236,602,638,638,638,693,731,757,757,843,73,73,95],"floor_reached":56,"playtime":6654,"items_purged":["Slimebound:Icky","Slimebound:Icky","alterego_mod:Cycle"],"score":1559,"play_id":"ebe66e8e-5e35-414a-bc91-287f770608b9","local_time":"20210105011737","is_ascension_mode":true,"campfire_choices":[{"floor":1.0,"key":"RECALL"},{"data":"alterego_mod:Venus","floor":11.0,"key":"SMITH"},{"data":"alterego_mod:Schoolgirl","floor":18.0,"key":"SMITH"},{"data":"alterego_mod:BigMeatyClaws","floor":23.0,"key":"SMITH"},{"data":"alterego_mod:BrynhildrsRune","floor":26.0,"key":"SMITH"},{"data":"alterego_mod:TrashNCrash","floor":35.0,"key":"SMITH"},{"data":"alterego_mod:Clones","floor":42,"key":"SMITH"},{"data":"alterego_mod:IndependentAction","floor":47,"key":"SMITH"},{"data":"Pot Of Greed","floor":54,"key":"SMITH"}],"circlet_count":0,"master_deck":["alterego_mod:Defend","alterego_mod:Defend","alterego_mod:Impale","alterego_mod:BigMeatyClaws+1","alterego_mod:BrynhildrsRune+1","Specialist","alterego_mod:Undulate","alterego_mod:TrashNCrash+1","alterego_mod:Venus+1","Slimebound:Icky","alterego_mod:Schoolgirl+1","alterego_mod:Undulate","alterego_mod:Pet","alterego_mod:ClassAdvantage+1","CurseOfTheBell","alterego_mod:Undulate+1","alterego_mod:Pet+1","alterego_mod:Birthday","alterego_mod:SakuraLabyrinth","Bite","Bite","Bite","Bite","alterego_mod:Crossover","alterego_mod:IndependentAction+1","alterego_mod:AlterEgo+1","alterego_mod:TrickOrTreatment+1","alterego_mod:Clones+1","expansioncontent:CaCaw+1","expansioncontent:BronzeBeam","Replay:SS_forest_2+1","alterego_mod:DiscoLights+1","Chrysalis","Pot Of Greed","Pot Of Greed+1","Pot Of Greed","Pot Of Greed","alterego_mod:Belts+1","alterego_mod:Bounce"],"relics":["alterego_mod:MasochisticConstitution","Replay:Wax Seal","ReplayTheSpireMod:TigerMarble","downfall:HeartBlessingRed","Frozen Egg 2","Replay:Grab Bag","Replay:Bronze Core","Calling Bell","Potion Belt","StrikeDummy","Calipers","downfall:HeartBlessingGreen","Old Coin","White Beast Statue","Matryoshka","CCEMRelics:CocoNut","ClockworkSouvenir","Replay:Bandana","Pen Nib","Black Star","Durian","Grinning Jar","downfall:HeartBlessingBlue","Thread and Needle","Singing Bowl","Lantern","Replay:PocketPolymizer","Replay:Bottled Flurry","Bottled Lightning","InkBottle","PreservedInsect","CCEMRelics:WrappedPresent","Strawberry","CCEMRelics:OverlyComfyChair","Lizard Tail"],"acts_visited":["Exordium","TheCity","TheBeyond","TheEnding"],"potions_floor_usage":[45,49,55,55,55,55,55],"damage_taken":[{"damage":8.0,"enemies":"Small Slimes","floor":2.0,"turns":6.0},{"damage":6.0,"enemies":"Jaw Worm","floor":3.0,"turns":7.0},{"damage":1.0,"enemies":"2 Louse","floor":4.0,"turns":5.0},{"damage":16.0,"enemies":"2 Fungi Beasts","floor":5.0,"turns":5.0},{"damage":10.0,"enemies":"Gremlin Nob","floor":6.0,"turns":4.0},{"damage":0.0,"enemies":"downfall:FleeingMerchant","floor":8.0,"turns":4.0},{"damage":12.0,"enemies":"Blue Slaver","floor":12.0,"turns":3.0},{"damage":2.0,"enemies":"Large Slime","floor":13.0,"turns":9.0},{"damage":38.0,"enemies":"Lagavulin","floor":14.0,"turns":7.0},{"damage":12.0,"enemies":"Gremlin Gang","floor":15.0,"turns":8.0},{"damage":48.0,"enemies":"downfall:Silent","floor":16.0,"turns":8.0},{"damage":25.0,"enemies":"Chosen","floor":19.0,"turns":7.0},{"damage":2.0,"enemies":"Shell Parasite","floor":20.0,"turns":8.0},{"damage":38.0,"enemies":"downfall:Ironclad","floor":21.0,"turns":9.0},{"damage":33.0,"enemies":"Snake Plant","floor":25.0,"turns":12.0},{"damage":0.0,"enemies":"downfall:FleeingMerchant","floor":27.0,"turns":1.0},{"damage":0.0,"enemies":"Slavers","floor":29.0,"turns":13.0},{"damage":10.0,"enemies":"3 Cultists","floor":30.0,"turns":7.0},{"damage":1.0,"enemies":"Book of Stabbing","floor":31.0,"turns":7.0},{"damage":0.0,"enemies":"Snecko","floor":32.0,"turns":5.0},{"damage":7.0,"enemies":"downfall:Defect","floor":33.0,"turns":7.0},{"damage":0.0,"enemies":"3 Shapes","floor":36.0,"turns":7.0},{"damage":19,"enemies":"Mind Bloom Boss Battle","floor":38,"turns":10},{"damage":21,"enemies":"Orb Walker","floor":40,"turns":7},{"damage":25,"enemies":"Jaw Worm Horde","floor":43,"turns":8},{"damage":13,"enemies":"Reptomancer","floor":45,"turns":8},{"damage":0,"enemies":"R_Hoarder","floor":48,"turns":11},{"damage":7,"enemies":"Maw","floor":49,"turns":11},{"damage":2,"enemies":"downfall:Ironclad","floor":50,"turns":11},{"damage":25,"enemies":"downfall:CharBossMerchant","floor":52,"turns":9},{"damage":3,"enemies":"downfall:NeowBoss","floor":55,"turns":19}],"seed_played":"5360015021555585963","potions_obtained":[{"floor":3.0,"key":"DuplicationPotion"},{"floor":4.0,"key":"Venom Potion"},{"floor":12.0,"key":"Block Potion"},{"floor":13.0,"key":"Guardian:BlockOnCardUsePotion"},{"floor":15.0,"key":"Elixir"},{"floor":16.0,"key":"EssenceOfSteel"},{"floor":20.0,"key":"LifebloodPotion"},{"floor":25.0,"key":"DuplicationPotion"},{"floor":29.0,"key":"SpeedPotion"},{"floor":30.0,"key":"Adrenaline Potion"},{"floor":36,"key":"Explosive Potion"},{"floor":43,"key":"Flashbang"},{"floor":45,"key":"champ:CounterPotion"},{"floor":48,"key":"Fruit Juice"},{"floor":49,"key":"Fire Potion"},{"floor":52,"key":"Dexterity Potion"}],"is_trial":false,"path_per_floor":["R","M","M","M","M","E","T","$","?","?","R","M","M","E","M","B",null,"R","M","M","?","?","R","T","M","R","$","?","E","M","E","M","B",null,"R","M","?","?","?","M","T","R","M","$","E","?","R","E","M","B",null,"E","$","R","B",null],"character_chosen":"The_Alterego","items_purchased":["alterego_mod:Venus","CCEMRelics:CocoNut","ClockworkSouvenir","Thread and Needle","Singing Bowl","CCEMRelics:WrappedPresent","Strawberry","CCEMRelics:OverlyComfyChair"],"campfire_rested":0,"item_purchase_floors":[8,27,27,44,44,53,53,53],"current_hp_per_floor":[70,63,65,73,72,63,63,63,68,68,68,64,70,40,57,10,85,85,68,67,37,37,37,37,12,12,17,17,63,66,67,67,68,68,68,68,58,53,53,57,57,67,76,76,87,87,87,89,90,98,98,82,99,99,114],"gold":95,"neow_bonus":"RANDOM_COLORLESS","is_daily":false,"chose_seed":false,"campfire_upgraded":8,"win_rate":0.0,"timestamp":1609798657,"path_taken":["R","M","M","M","M","E","T","$","?","?","R","M","M","E","M","BOSS","R","M","M","?","?","R","T","M","R","$","?","E","M","E","M","BOSS","R","M","?","?","?","?","T","R","M","?","E","?","R","E","M","BOSS","E","$","R","BOSS"],"items_purchased_type":["Card","Relic","Relic","Relic","Relic","Relic","Relic","Relic"],"build_version":"2020-12-22","purchased_purges":3,"victory":true,"max_hp_per_floor":[70,71,72,73,74,75,75,75,80,80,80,81,82,83,84,85,85,85,86,87,88,88,88,88,89,89,94,65,65,66,67,67,68,68,68,68,68,74,74,75,75,85,86,86,87,87,87,89,97,98,98,101,113,113,114],"relic_stats":{"Lizard Tail":0,"Singing Bowl":6,"counters":[31,243],"Pen Nib":[33],"PreservedInsect":0,"Black Star":3,"obtain_stats":[{"Lantern":45,"Calipers":17,"Replay:PocketPolymizer":45,"Singing Bowl":44,"CCEMRelics:WrappedPresent":53,"downfall:HeartBlessingGreen":18,"Old Coin":21,"ClockworkSouvenir":27,"Replay:Bandana":29,"Lizard Tail":53,"Matryoshka":24,"downfall:HeartBlessingBlue":42,"CCEMRelics:OverlyComfyChair":53,"Replay:Bronze Core":17,"Strawberry":53,"Replay:Bottled Flurry":48,"Replay:Wax Seal":6,"InkBottle":52,"Potion Belt":17,"alterego_mod:MasochisticConstitution":0,"downfall:HeartBlessingRed":11,"Replay:Grab Bag":17,"Thread and Needle":44,"Pen Nib":31,"PreservedInsect":52,"CCEMRelics:CocoNut":27,"Frozen Egg 2":14,"White Beast Statue":21,"Calling Bell":17,"ReplayTheSpireMod:TigerMarble":7,"Black Star":34,"Durian":38,"Bottled Lightning":48,"Grinning Jar":41,"StrikeDummy":17},{"Lantern":26,"Calipers":11,"Replay:PocketPolymizer":26,"Singing Bowl":25,"CCEMRelics:WrappedPresent":30,"downfall:HeartBlessingGreen":11,"Old Coin":14,"ClockworkSouvenir":16,"Replay:Bandana":17,"Lizard Tail":30,"Matryoshka":14,"downfall:HeartBlessingBlue":24,"CCEMRelics:OverlyComfyChair":30,"Replay:Bronze Core":11,"Strawberry":30,"Replay:Bottled Flurry":27,"Replay:Wax Seal":5,"InkBottle":30,"Potion Belt":11,"alterego_mod:MasochisticConstitution":0,"downfall:HeartBlessingRed":6,"Replay:Grab Bag":11,"Thread and Needle":25,"Pen Nib":19,"PreservedInsect":30,"CCEMRelics:CocoNut":16,"Frozen Egg 2":9,"White Beast Statue":14,"Calling Bell":11,"ReplayTheSpireMod:TigerMarble":5,"Black Star":21,"Durian":23,"Bottled Lightning":27,"Grinning Jar":24,"StrikeDummy":11},{"Lantern":182,"Calipers":66,"Replay:PocketPolymizer":182,"Singing Bowl":174,"CCEMRelics:WrappedPresent":224,"downfall:HeartBlessingGreen":66,"Old Coin":90,"ClockworkSouvenir":103,"Replay:Bandana":116,"Lizard Tail":224,"Matryoshka":90,"downfall:HeartBlessingBlue":166,"CCEMRelics:OverlyComfyChair":224,"Replay:Bronze Core":66,"Strawberry":224,"Replay:Bottled Flurry":193,"Replay:Wax Seal":27,"InkBottle":224,"Potion Belt":66,"alterego_mod:MasochisticConstitution":0,"downfall:HeartBlessingRed":31,"Replay:Grab Bag":66,"Thread and Needle":174,"Pen Nib":130,"PreservedInsect":224,"CCEMRelics:CocoNut":103,"Frozen Egg 2":50,"White Beast Statue":90,"Calling Bell":66,"ReplayTheSpireMod:TigerMarble":27,"Black Star":142,"Durian":159,"Bottled Lightning":193,"Grinning Jar":166,"StrikeDummy":66}],"InkBottle":[22]},"card_choices":[{"not_picked":["expansioncontent:Torchfire","Good Instincts"],"picked":"Specialist","floor":0.0},{"not_picked":["alterego_mod:BiFurious","alterego_mod:Rip","alterego_mod:MagicResistance"],"picked":"SKIP","floor":2.0},{"not_picked":["alterego_mod:MagicResistance","alterego_mod:BusterCard"],"picked":"alterego_mod:Undulate","floor":3.0},{"not_picked":["alterego_mod:BiFurious","alterego_mod:MagicResistance","alterego_mod:Punishment"],"picked":"SKIP","floor":4.0},{"not_picked":["alterego_mod:RidiculouslyBig","alterego_mod:PerceptionDisorder"],"picked":"alterego_mod:Belle","floor":5.0},{"not_picked":["alterego_mod:Skirt","alterego_mod:GachaTicket"],"picked":"alterego_mod:TrashNCrash","floor":6.0},{"not_picked":["alterego_mod:SideboobHour","alterego_mod:Rip","alterego_mod:Cycle"],"picked":"SKIP","floor":8.0},{"not_picked":["alterego_mod:Skirt","alterego_mod:Mirror"],"picked":"alterego_mod:Schoolgirl","floor":12.0},{"not_picked":["alterego_mod:Bunnysuit","alterego_mod:Valentines","alterego_mod:RocketPunch"],"picked":"SKIP","floor":13.0},{"not_picked":["alterego_mod:Clap","alterego_mod:HighServant"],"picked":"alterego_mod:Undulate","floor":14.0},{"not_picked":["alterego_mod:GachaTicket+1","alterego_mod:PerceptionDisorder+1"],"picked":"alterego_mod:Pet","floor":15.0},{"not_picked":["alterego_mod:RingBreak+1","alterego_mod:SideboobHour"],"picked":"alterego_mod:ClassAdvantage+1","floor":16.0},{"not_picked":["alterego_mod:Valentines","alterego_mod:1TonWallop+1","alterego_mod:SuperDuperMasochism"],"picked":"SKIP","floor":19.0},{"not_picked":["alterego_mod:Belle","alterego_mod:Punishment+1"],"picked":"alterego_mod:Undulate+1","floor":20.0},{"not_picked":["alterego_mod:Maid","alterego_mod:Bounce+1"],"picked":"alterego_mod:Pet+1","floor":21.0},{"not_picked":["alterego_mod:Pet","alterego_mod:Exercise"],"picked":"alterego_mod:Birthday","floor":25.0},{"not_picked":["alterego_mod:GachaTicket+1","alterego_mod:PresenceConcealment+1"],"picked":"alterego_mod:SakuraLabyrinth","floor":27.0},{"not_picked":["alterego_mod:Undulate","alterego_mod:Palingenesis+1"],"picked":"alterego_mod:Crossover","floor":29.0},{"not_picked":["alterego_mod:GoddessCore+1","alterego_mod:Bounce+1"],"picked":"alterego_mod:IndependentAction","floor":30.0},{"not_picked":["alterego_mod:GachaTicket+1","alterego_mod:Jiggle"],"picked":"alterego_mod:AlterEgo+1","floor":31.0},{"not_picked":["alterego_mod:GoddessCore","alterego_mod:BoobPocket+1","alterego_mod:SakuraFive"],"picked":"SKIP","floor":32.0},{"not_picked":["alterego_mod:Valkyrie","alterego_mod:InsideBaseball+1"],"picked":"alterego_mod:TrickOrTreatment+1","floor":33.0},{"not_picked":["alterego_mod:MagicResistance","alterego_mod:ChallengeComplete+1"],"picked":"alterego_mod:Clones","floor":36},{"not_picked":["expansioncontent:Hexaburn","Replay:SS_forest_2+1"],"picked":"expansioncontent:CaCaw+1","floor":37},{"not_picked":["expansioncontent:PrepareCrush","expansioncontent:AwakenDeath+1"],"picked":"expansioncontent:BronzeBeam","floor":37},{"not_picked":["Replay:SS_hec_4","expansioncontent:PolyBeam"],"picked":"Replay:SS_forest_2+1","floor":37},{"not_picked":["alterego_mod:Undulate","alterego_mod:Skirt+1"],"picked":"alterego_mod:DiscoLights+1","floor":38},{"not_picked":["alterego_mod:Swimsuit+1","alterego_mod:Stockings","alterego_mod:Santa"],"picked":"SKIP","floor":40},{"not_picked":["alterego_mod:Crossover","alterego_mod:BusterCard","alterego_mod:Cycle"],"picked":"SKIP","floor":43},{"not_picked":["alterego_mod:DustData","alterego_mod:Smother+1"],"picked":"alterego_mod:Belts+1","floor":45},{"not_picked":["alterego_mod:Belts","alterego_mod:PerceptionDisorder+1","alterego_mod:Venus"],"picked":"Singing Bowl","floor":48},{"not_picked":["alterego_mod:BiFurious","alterego_mod:Skirt+1","alterego_mod:1TonWallop+1"],"picked":"Singing Bowl","floor":49},{"not_picked":["alterego_mod:RidiculouslyBig","alterego_mod:TrashNCrash+1","alterego_mod:PresenceConcealment+1"],"picked":"Singing Bowl","floor":52}],"player_experience":267896,"relics_obtained":[{"floor":6.0,"key":"Replay:Wax Seal"},{"floor":7.0,"key":"ReplayTheSpireMod:TigerMarble"},{"floor":14.0,"key":"Frozen Egg 2"},{"floor":17.0,"key":"Potion Belt"},{"floor":17.0,"key":"StrikeDummy"},{"floor":17.0,"key":"Calipers"},{"floor":21.0,"key":"Old Coin"},{"floor":21.0,"key":"White Beast Statue"},{"floor":24.0,"key":"Matryoshka"},{"floor":29.0,"key":"Replay:Bandana"},{"floor":31.0,"key":"Pen Nib"},{"floor":38,"key":"Durian"},{"floor":41,"key":"Grinning Jar"},{"floor":45,"key":"Lantern"},{"floor":45,"key":"Replay:PocketPolymizer"},{"floor":48,"key":"Replay:Bottled Flurry"},{"floor":48,"key":"Bottled Lightning"},{"floor":52,"key":"InkBottle"},{"floor":52,"key":"PreservedInsect"},{"floor":53,"key":"Lizard Tail"}],"event_choices":[{"damage_healed":0.0,"max_hp_gain":5.0,"max_hp_loss":0.0,"gold_gain":0.0,"event_name":"Big Fish","player_choice":"Donut","floor":9.0,"gold_loss":0.0,"damage_taken":0.0},{"damage_healed":0.0,"max_hp_gain":0.0,"max_hp_loss":29.0,"gold_gain":0.0,"event_name":"Vampires","player_choice":"Became a vampire","floor":28.0,"gold_loss":0.0,"damage_taken":0.0,"cards_obtained":["Bite","Bite","Bite","Bite","Bite"]},{"damage_healed":0,"gold_gain":0,"cards_transformed":["Bite"],"player_choice":"Transformed","damage_taken":0,"max_hp_gain":0,"max_hp_loss":0,"event_name":"Transmorgrifier","floor":39,"gold_loss":0,"cards_obtained":["Chrysalis"]}],"is_beta":false,"boss_relics":[{"not_picked":["Astrolabe","ReplayTheSpireMod:DimensionalGlitch"],"picked":"Replay:Grab Bag"},{"not_picked":["ChewingGum","Velvet Choker"],"picked":"Replay:Bronze Core"},{"not_picked":["Runic Pyramid","Kintsugi"],"picked":"Calling Bell"},{"not_picked":["CCEMRelics:TransientCore","Pandora\u0027s Box"],"picked":"Black Star"}],"items_purged_floors":[27,44,53],"is_endless":false,"potions_floor_spawned":[3,4,12,13,15,16,20,25,27,29,30,31,32,33,36,38,40,43,45,48,49,52],"ascension_level":1}}