{"host":"uikxj58mzlixykyi","time":1609766438,"event":{"mods":["AchievementEnabler","BaseMod","BetterRewards","Colored Map","Colored Powertips","Downfall","Highlight Path","Minty Spire (QoL Compilation)","Rare Cards Sparkle","Replay The Spire","Shop Mod","StSLib"],"gold_per_floor":[99,111,111,125,125,140,140,159,190,206,221,221,240,150,166,166,166,166],"floor_reached":16,"playtime":646,"items_purged":["Slimebound:Defend_Slimebound"],"score":148,"play_id":"400e99de-f739-454c-824c-daf9c90ca589","local_time":"20210104152038","is_ascension_mode":true,"campfire_choices":[{"data":"Slimebound:CorrosiveSpit","floor":1.0,"key":"SMITH"}],"circlet_count":0,"master_deck":["Slimebound:Strike_Slimebound+1","Slimebound:Strike_Slimebound+1","Slimebound:Tackle","Slimebound:Defend_Slimebound","Slimebound:Defend_Slimebound","Slimebound:Defend_Slimebound","Slimebound:Split","Slimebound:CorrosiveSpit+1","Slimebound:SplitMire+1","Slimebound:SplitAcid","Slimebound:SplitMire","Slimebound:TagTeam","Slimebound:ProtectTheBoss"],"relics":["Slimebound:AbsorbEndCombat","Ice Cream","Simple Rune","Snack Pack","Whetstone"],"acts_visited":[],"potions_floor_usage":[15,16],"damage_taken":[{"damage":6,"enemies":"Jaw Worm","floor":2,"turns":4},{"damage":9,"enemies":"Cultist","floor":4,"turns":3},{"damage":8,"enemies":"Small Slimes","floor":6,"turns":3},{"damage":23,"enemies":"Blue Slaver","floor":8,"turns":3},{"damage":29,"enemies":"Lagavulin","floor":9,"turns":6},{"damage":44,"enemies":"Lots of Slimes","floor":10,"turns":4},{"damage":13,"enemies":"Blue Slaver","floor":11,"turns":3},{"damage":15,"enemies":"Large Slime","floor":13,"turns":2},{"damage":21,"enemies":"downfall:FleeingMerchant","floor":14,"turns":4},{"damage":14,"enemies":"Lots of Slimes","floor":15,"turns":2},{"damage":75,"enemies":"downfall:Defect","floor":16,"turns":5}],"seed_played":"-835163872870330366","potions_obtained":[{"floor":9,"key":"SteroidPotion"},{"floor":10,"key":"Explosive Potion"},{"floor":11,"key":"champ:CounterPotion"}],"is_trial":false,"path_per_floor":["R","M","?","M","?","M","T","M","E","M","M","?","M","$","M","B"],"character_chosen":"SLIMEBOUND","items_purchased":[],"campfire_rested":0,"item_purchase_floors":[],"current_hp_per_floor":[39,57,57,60,53,60,60,56,55,39,38,38,43,56,54,0,0,0],"gold":166,"neow_bonus":"ONE_RARE_RELIC","is_daily":false,"chose_seed":false,"campfire_upgraded":1,"win_rate":0.0,"timestamp":1609766438,"path_taken":["R","M","?","?","?","M","T","M","E","M","M","?","M","$","M","BOSS"],"items_purchased_type":[],"build_version":"2020-12-22","purchased_purges":1,"victory":false,"max_hp_per_floor":[60,60,60,60,60,60,60,60,60,60,60,60,60,60,60,60,60,60],"card_choices":[{"not_picked":["Slimebound:SlimeSpikes","Slimebound:ViciousTackle"],"picked":"Slimebound:SplitMire","floor":2},{"not_picked":["Slimebound:Replication","Slimebound:HungryTackle"],"picked":"Slimebound:SplitAcid","floor":4},{"not_picked":["Slimebound:SpikyOuterGoop","Slimebound:FinishingTackle"],"picked":"Slimebound:SplitMire","floor":6},{"not_picked":["Slimebound:AcidTongue","Slimebound:DivideAndConquer","Slimebound:ComboTackle"],"picked":"SKIP","floor":8},{"not_picked":["Slimebound:RollThrough","Slimebound:FinishingTackle"],"picked":"Slimebound:TagTeam","floor":9},{"not_picked":["Slimebound:LeechEnergy","Slimebound:GrowthPunch","Slimebound:FinishingTackle"],"picked":"SKIP","floor":10},{"not_picked":["Slimebound:FinishingTackle","Slimebound:LivingWall","Slimebound:LeechingTouch"],"picked":"SKIP","floor":11},{"not_picked":["Slimebound:ComboTackle","Slimebound:GoopSpray","Slimebound:RollThrough"],"picked":"SKIP","floor":13},{"not_picked":["Slimebound:GrowthPunch","Slimebound:ComboTackle"],"picked":"Slimebound:ProtectTheBoss","floor":14},{"not_picked":["Slimebound:GrowthPunch","Slimebound:FlameTackle","Slimebound:ServeAndProtect"],"picked":"SKIP","floor":15}],"player_experience":101716,"relics_obtained":[{"floor":7,"key":"Snack Pack"},{"floor":9,"key":"Whetstone"}],"event_choices":[{"damage_healed":0,"gold_gain":0,"player_choice":"Upgraded","damage_taken":0,"max_hp_gain":0,"max_hp_loss":0,"event_name":"Upgrade Shrine","floor":3,"gold_loss":0,"cards_upgraded":["Slimebound:SplitMire"]},{"damage_healed":0,"gold_gain":0,"player_choice":"Success","damage_taken":7,"relics_obtained":["Simple Rune"],"max_hp_gain":0,"max_hp_loss":0,"event_name":"Scrap Ooze","floor":5,"gold_loss":0}],"is_beta":false,"boss_relics":[],"items_purged_floors":[14],"is_endless":false,"potions_floor_spawned":[9,10,11,13],"killed_by":"downfall:Defect","ascension_level":8}}