{"host":"yp47u74hk6n79vj1","time":1609792084,"event":{"mods":["BaseMod","Colored Map","Highlight Path","Minty Spire (QoL Compilation)"],"gold_per_floor":[115,40,58,129,129,156,156,167,167,167,192,192,165,193,193,193,193],"floor_reached":16,"playtime":554,"items_purged":["Bash"],"score":164,"play_id":"e82cdeba-6607-42c6-b317-ddf91a932cca","local_time":"20210104152804","is_ascension_mode":true,"campfire_choices":[{"data":"Shrug It Off","floor":7,"key":"SMITH"},{"data":"Cleave","floor":10,"key":"SMITH"},{"data":"Barricade","floor":15,"key":"SMITH"}],"circlet_count":0,"master_deck":["Strike_R","Strike_R","Strike_R","Defend_R","Defend_R","Defend_R","Defend_R","Shrug It Off+1","Metallicize","Cleave+1","Barricade+1","Feel No Pain","Flame Barrier"],"relics":["Burning Blood","NeowsBlessing","HornCleat","Nunchaku","Peace Pipe","PreservedInsect"],"acts_visited":["Exordium"],"potions_floor_usage":[16],"damage_taken":[{"damage":0,"enemies":"Cultist","floor":1,"turns":1},{"damage":0,"enemies":"Small Slimes","floor":3,"turns":1},{"damage":0,"enemies":"Lagavulin","floor":6,"turns":1},{"damage":0,"enemies":"2 Louse","floor":8,"turns":4},{"damage":4,"enemies":"3 Sentries","floor":11,"turns":6},{"damage":1,"enemies":"Exordium Thugs","floor":13,"turns":6},{"damage":39,"enemies":"Gremlin Nob","floor":14,"turns":7},{"damage":51,"enemies":"Hexaghost","floor":16,"turns":16}],"seed_played":"-6581877025528642838","potions_obtained":[{"floor":3,"key":"SpeedPotion"},{"floor":11,"key":"Dexterity Potion"}],"is_trial":false,"path_per_floor":["M","$","M","T","?","E","R","M","T","R","E","?","M","E","R","B"],"character_chosen":"IRONCLAD","items_purchased":[],"campfire_rested":0,"item_purchase_floors":[],"current_hp_per_floor":[80,80,80,80,80,80,80,80,80,80,80,80,80,47,47,0,0],"gold":193,"neow_bonus":"THREE_ENEMY_KILL","is_daily":false,"chose_seed":false,"campfire_upgraded":3,"win_rate":0.0,"timestamp":1609792084,"path_taken":["M","$","M","?","?","E","R","?","T","R","E","?","M","E","R","BOSS"],"items_purchased_type":[],"build_version":"2020-12-22","purchased_purges":1,"victory":false,"max_hp_per_floor":[80,80,80,80,80,80,80,80,80,80,80,80,80,80,80,80,80],"card_choices":[{"not_picked":["Anger","Thunderclap"],"picked":"Shrug It Off","floor":1},{"not_picked":["Second Wind","Rage","Warcry"],"picked":"SKIP","floor":3},{"not_picked":["Fire Breathing","Pommel Strike"],"picked":"Metallicize","floor":6},{"not_picked":["True Grit","Havoc"],"picked":"Cleave","floor":8},{"not_picked":["Cleave","Clothesline"],"picked":"Barricade","floor":11},{"not_picked":["Cleave","Warcry"],"picked":"Flame Barrier","floor":13},{"not_picked":["Cleave","Carnage","Clash"],"picked":"SKIP","floor":14}],"player_experience":592591,"relics_obtained":[{"floor":4,"key":"HornCleat"},{"floor":6,"key":"Nunchaku"},{"floor":11,"key":"Peace Pipe"},{"floor":14,"key":"PreservedInsect"}],"event_choices":[{"cards_removed":["Strike_R"],"damage_healed":0,"gold_gain":0,"player_choice":"Purged","damage_taken":0,"max_hp_gain":0,"max_hp_loss":0,"event_name":"Purifier","floor":5,"gold_loss":0},{"damage_healed":0,"gold_gain":0,"cards_transformed":["Strike_R"],"player_choice":"Transformed","damage_taken":0,"max_hp_gain":0,"max_hp_loss":0,"event_name":"Transmorgrifier","floor":12,"gold_loss":0,"cards_obtained":["Feel No Pain"]}],"is_beta":false,"boss_relics":[],"items_purged_floors":[2],"is_endless":false,"potions_floor_spawned":[3,11],"killed_by":"Hexaghost","ascension_level":3}}