{"host":"rgcz6yx3duq0lh14","time":1609741354,"event":{"mods":["ATMod(à¢‡ıMod)","AchievementEnabler","Act Like it!","Aspiration","Astrologer","BaseMod","CapriCore","Chen","Colored Map","Decade(â§è¨ñæ)","Friendly Minions","Gensokyo","GungeonMod","Hermit","Jedi Mod","KinomotoSakuraMod(ñÿîVñ{?)","Koishi","Mari Mod (Legacy)","Mari\u0027s V1 Patch","MarisaÅiñ∂âJÅ@ñÇóùçπÅj","Minty Spire (QoL Compilation)","MostiFishMod","Pale of the Ancients","Permanent Neow","Potionbrewer","Prisma Mod","Quick Restart","ReimuÅiîé??öÎÅj","Replay The Spire","Robot Space Explorer","RumiaBox-òIïƒ?ìIê_îÈ·¥éq","Spicy Shops","StSLib","The Alterego","The Animator","The Bug Knight","The Cursed","The Dragon Tamer","The Forsaken","The Gatherer","The Immortal","The Marked","The Mystic","The Poker Player","The Runesmith","The Servant 0.9.4","TheWitcher","Yakumo Yukari mod","YoumuÅiç∞ÈÆódöÎÅj","Åy?ï®?îvÅzREMEMod"],"gold_per_floor":[118,136,61,74,28,28,28,47,47,60,88,88,119,135,135,240,240,253,271,271,271],"floor_reached":20,"playtime":1116,"items_purged":["theMarked:Strike"],"score":186,"play_id":"5f70a9c1-3456-4d7d-8b09-db03f5f6917a","local_time":"20210104142234","is_ascension_mode":false,"campfire_choices":[{"data":"theMarked:SoldierOfQuellstein","floor":6.0,"key":"SMITH"},{"data":"theMarked:Improvise","floor":12.0,"key":"SMITH"},{"data":"theMarked:MaelstromOfLightning","floor":15.0,"key":"SMITH"}],"circlet_count":0,"master_deck":["theMarked:Strike","theMarked:Strike","theMarked:Defend","theMarked:Defend","theMarked:SoldierOfQuellstein+1","theMarked:TurnInvisible","theMarked:MysticalArsenal","hermit:Horror","theMarked:ChainLightning","theMarked:TwofoldDefense+1","Terror","REME_SpectralBlade","Strike_G","theMarked:Aftermath","theMarked:Improvise+1","theMarked:Frustration","theMarked:MaelstromOfLightning+1","theMarked:TakeOffHeels","theMarked:HeritageOfTheMarked"],"relics":["theMarked:ArtifactOfAir","AT_ATBox","DaveBox","REME_ComplimentaryCards","SynthV:TestCard","JellyFishMachine","aspiration:StickyExplosives_weak","Question Card","aspiration:SeaSaltIceCream","Bag of Preparation"],"acts_visited":["Exordium","TheCity"],"potions_floor_usage":[16,18],"damage_taken":[{"damage":0.0,"enemies":"Cultist","floor":1.0,"turns":3.0},{"damage":0.0,"enemies":"Jaw Worm","floor":2.0,"turns":4.0},{"damage":1.0,"enemies":"Small Slimes","floor":4.0,"turns":4.0},{"damage":7.0,"enemies":"Gremlin Gang","floor":8.0,"turns":3.0},{"damage":2.0,"enemies":"Large Slime","floor":10.0,"turns":6.0},{"damage":14.0,"enemies":"Gremlin Nob","floor":11.0,"turns":4.0},{"damage":22.0,"enemies":"3 Sentries","floor":13.0,"turns":5.0},{"damage":0.0,"enemies":"3 Louse","floor":14.0,"turns":3.0},{"damage":11,"enemies":"The Guardian","floor":16,"turns":8},{"damage":9,"enemies":"3 Byrds","floor":18,"turns":5},{"damage":0,"enemies":"Shell Parasite","floor":19,"turns":2},{"damage":19,"enemies":"Centurion and Healer","floor":20,"turns":5}],"seed_played":"7752135610951413598","potions_obtained":[{"floor":2.0,"key":"Strength Potion"},{"floor":4.0,"key":"BlessingOfTheForge"},{"floor":11.0,"key":"potionbrewer:NoxiousPotion"},{"floor":13.0,"key":"PowerPotion"}],"is_trial":false,"path_per_floor":["M","M","$","M","$","R","?","M","T","M","E","R","E","M","R","B",null,"M","M","M"],"character_chosen":"THE_DEFAULT","items_purchased":["theMarked:TwofoldDefense+1"],"campfire_rested":0,"item_purchase_floors":[5],"current_hp_per_floor":[70,70,70,69,69,69,69,62,62,60,46,46,24,24,24,13,70,61,61,42,42],"gold":271,"neow_bonus":"TRANSFORM_CARD","is_daily":false,"chose_seed":false,"campfire_upgraded":3,"win_rate":0.0,"timestamp":1609741354,"path_taken":["M","?","?","M","$","R","?","M","T","M","E","R","E","M","R","BOSS","M","M","M"],"items_purchased_type":["Card"],"build_version":"2020-12-22","purchased_purges":1,"victory":false,"max_hp_per_floor":[70,70,70,70,70,70,70,70,70,70,70,70,70,70,70,70,70,70,70,70,70],"card_choices":[{"not_picked":["theMarked:TwofoldDefense","theMarked:Parkour"],"picked":"theMarked:MysticalArsenal","floor":1.0},{"not_picked":["theMarked:AttractMetal","theMarked:ContemptForTheProud","theMarked:Overcharge","theMarked:Improvise","theMarked:Panic"],"picked":"SKIP","floor":2.0},{"not_picked":["theMarked:Aftermath","theMarked:ParalyzingBlade","theMarked:Overthink","theMarked:ElectricStrings"],"picked":"theMarked:ChainLightning","floor":4.0},{"not_picked":["theMarked:ResourceFulStrike","theMarked:Vacuum","theMarked:TwofoldDefense","theMarked:ElectricStrings"],"picked":"theMarked:Aftermath","floor":8.0},{"not_picked":["theMarked:Seal","theMarked:TwofoldDefense","theMarked:BanishingStrike","theMarked:Static","theMarked:WastefulDefense"],"picked":"SKIP","floor":10.0},{"not_picked":["theMarked:ChainLightning","theMarked:Challenge","theMarked:EmpowerWeapon","theMarked:GodGivenPower"],"picked":"theMarked:Improvise","floor":11.0},{"not_picked":["theMarked:ChainLightning","theMarked:Parry","theMarked:EmpowerWeapon","theMarked:Parkour","theMarked:Reabsorb"],"picked":"theMarked:Frustration","floor":13.0},{"not_picked":["theMarked:EnhanceMovement","theMarked:Convert","theMarked:WastefulAttack","theMarked:TwofoldDefense","theMarked:Aftermath"],"picked":"theMarked:MaelstromOfLightning","floor":14.0},{"not_picked":["theMarked:Snap","theMarked:Abjuration","theMarked:SoldierForm","theMarked:MuscleMemory","theMarked:EternalStudent"],"picked":"theMarked:TakeOffHeels","floor":16},{"not_picked":["theMarked:DeterminationOfTheMarked+1","theMarked:PowerFlow","theMarked:GodGivenPower+1","theMarked:Frustration","theMarked:ComboAttacks","theMarked:WastefulDefense+1"],"picked":"SKIP","floor":18},{"not_picked":["theMarked:ContemptForTheProud+1","theMarked:WastefulDefense","theMarked:Parkour","theMarked:WastefulAttack+1","theMarked:Opportunist+1"],"picked":"theMarked:HeritageOfTheMarked","floor":19}],"player_experience":930815,"relics_obtained":[{"floor":1.0,"key":"SynthV:TestCard"},{"floor":9.0,"key":"aspiration:StickyExplosives_weak"},{"floor":11.0,"key":"Question Card"},{"floor":13.0,"key":"aspiration:SeaSaltIceCream"}],"event_choices":[],"is_beta":false,"boss_relics":[{"not_picked":["Replay:Wanted Poster","Honey Jar","Runic Dome"]}],"items_purged_floors":[3],"is_endless":false,"potions_floor_spawned":[2,4,11,13,14],"killed_by":"Centurion and Healer","ascension_level":0}}