{"host":"qxeepl7ydvsgmfdb","time":1609772871,"event":{"mods":["AchievementEnabler","BaseMod","Colored Powertips","Minty Spire (QoL Compilation)","Quick Restart","slay the spire mod where everything is the same but ironclad has a cowboy hat"],"gold_per_floor":[117,117,70,82,47,80,80,28,28,28,47,47,78,93,93,189,189,200,49,49,64,89,89,89],"floor_reached":23,"playtime":588,"items_purged":[],"score":300,"play_id":"d68b0eab-1eee-4936-9373-4e0c11b154fa","local_time":"20210104100751","is_ascension_mode":true,"campfire_choices":[{"data":"Backstab","floor":7.0,"key":"SMITH"},{"data":"Poisoned Stab","floor":10.0,"key":"SMITH"},{"data":"Deadly Poison","floor":12.0,"key":"SMITH"},{"data":"Slice","floor":15,"key":"SMITH"}],"circlet_count":0,"master_deck":["Strike_G","Strike_G","Strike_G","Strike_G","Strike_G","Defend_G","Defend_G","Defend_G","Defend_G","Defend_G","Survivor","Neutralize","Slice+1","Cloak And Dagger","Poisoned Stab+1","Backstab+1","Deadly Poison+1","Sucker Punch+1","Unload+1","CurseOfTheBell","Acrobatics","Writhe","Backflip+1"],"relics":["Ring of the Snake","NeowsBlessing","Smiling Mask","CaptainsWheel","Molten Egg 2","Singing Bowl","Dead Branch","Calling Bell","Boot","Letter Opener","Shovel","Regal Pillow","The Courier","Red Mask"],"acts_visited":["Exordium","TheCity"],"potions_floor_usage":[13,18,18,23],"damage_taken":[{"damage":0.0,"enemies":"Jaw Worm","floor":1.0,"turns":1.0},{"damage":0.0,"enemies":"2 Louse","floor":4.0,"turns":1.0},{"damage":0.0,"enemies":"Gremlin Nob","floor":6.0,"turns":1.0},{"damage":1.0,"enemies":"Small Slimes","floor":11.0,"turns":2.0},{"damage":10,"enemies":"Lagavulin","floor":13,"turns":4},{"damage":0,"enemies":"Exordium Thugs","floor":14,"turns":3},{"damage":39,"enemies":"The Guardian","floor":16,"turns":11},{"damage":11,"enemies":"2 Thieves","floor":18,"turns":4},{"damage":1,"enemies":"Spheric Guardian","floor":21,"turns":3},{"damage":13,"enemies":"Masked Bandits","floor":22,"turns":6},{"damage":39,"enemies":"Book of Stabbing","floor":23,"turns":5}],"seed_played":"6206239998832053766","potions_obtained":[{"floor":11.0,"key":"FearPotion"},{"floor":13,"key":"SneckoOil"},{"floor":16,"key":"ColorlessPotion"},{"floor":18,"key":"DuplicationPotion"}],"is_trial":false,"path_per_floor":["M","?","$","M","?","E","R","?","T","R","M","R","E","M","R","B",null,"M","$","?","M","?","E"],"character_chosen":"THE_SILENT","items_purchased":["Cloak And Dagger","Regal Pillow"],"campfire_rested":0,"item_purchase_floors":[3,19],"current_hp_per_floor":[63,51,51,51,68,68,68,68,68,68,67,67,57,59,59,20,59,48,48,48,47,36,0,0],"gold":89,"neow_bonus":"THREE_ENEMY_KILL","is_daily":false,"chose_seed":false,"campfire_upgraded":4,"win_rate":0.0,"timestamp":1609772871,"path_taken":["M","?","$","M","?","E","R","?","T","R","M","R","E","M","R","BOSS","M","$","?","M","?","E"],"items_purchased_type":["Card","Relic"],"build_version":"2020-12-22","purchased_purges":0,"victory":false,"max_hp_per_floor":[70,70,70,70,70,70,70,70,70,70,70,70,70,72,72,72,72,72,72,72,72,74,74,74],"card_choices":[{"not_picked":["Backflip","Dodge and Roll"],"picked":"Slice","floor":1.0},{"not_picked":["Flechettes","Bane"],"picked":"Poisoned Stab","floor":4.0},{"not_picked":["Quick Slash","Cloak And Dagger"],"picked":"Backstab","floor":6.0},{"not_picked":["Tactician","Deflect"],"picked":"Deadly Poison","floor":11.0},{"not_picked":["Dodge and Roll","Grand Finale+1"],"picked":"Sucker Punch+1","floor":13},{"not_picked":["Dagger Throw+1","Sucker Punch+1","Outmaneuver"],"picked":"Singing Bowl","floor":14},{"not_picked":["Venomology","Night Terror"],"picked":"Unload+1","floor":16},{"not_picked":["Footwork","Underhanded Strike+1"],"picked":"Acrobatics","floor":18},{"not_picked":["Expertise","Outmaneuver+1"],"picked":"Backflip+1","floor":21},{"not_picked":["Blade Dance","Outmaneuver","Heel Hook+1"],"picked":"Singing Bowl","floor":22}],"player_experience":366399,"relics_obtained":[{"floor":6.0,"key":"CaptainsWheel"},{"floor":9.0,"key":"Singing Bowl"},{"floor":13,"key":"Dead Branch"},{"floor":17,"key":"Boot"},{"floor":17,"key":"Letter Opener"},{"floor":17,"key":"Shovel"},{"floor":22,"key":"Red Mask"}],"event_choices":[{"damage_healed":0.0,"max_hp_gain":0.0,"max_hp_loss":0.0,"gold_gain":0.0,"event_name":"Scrap Ooze","player_choice":"Success","floor":2.0,"gold_loss":0.0,"damage_taken":12.0,"relics_obtained":["Smiling Mask"]},{"damage_healed":17.0,"max_hp_gain":0.0,"max_hp_loss":0.0,"gold_gain":0.0,"event_name":"The Cleric","player_choice":"Healed","floor":5.0,"gold_loss":35.0,"damage_taken":0.0},{"damage_healed":0.0,"max_hp_gain":0.0,"max_hp_loss":0.0,"gold_gain":0.0,"event_name":"WeMeetAgain","player_choice":"Paid Gold","floor":8.0,"gold_loss":52.0,"damage_taken":0.0,"relics_obtained":["Molten Egg 2"]},{"damage_healed":0,"gold_gain":0,"player_choice":"Opened","damage_taken":0,"relics_obtained":["The Courier"],"max_hp_gain":0,"max_hp_loss":0,"event_name":"The Mausoleum","floor":20,"gold_loss":0,"cards_obtained":["Writhe"]},{"damage_healed":0,"gold_gain":0,"player_choice":"Fought Bandits","damage_taken":0,"max_hp_gain":0,"max_hp_loss":0,"event_name":"Masked Bandits","floor":22,"gold_loss":0}],"is_beta":false,"boss_relics":[{"not_picked":["Busted Crown","Pandora\u0027s Box"],"picked":"Calling Bell"}],"items_purged_floors":[],"is_endless":false,"potions_floor_spawned":[11,13,16,18],"killed_by":"Book of Stabbing","ascension_level":7}}