{"host":"5jzx1090woovszu4","time":1609730636,"event":{"mods":["BaseMod","Minty Spire (QoL Compilation)","Spicy Shops","StSLib","The Bug Knight"],"gold_per_floor":[119,135,153,170,170,170,196,218,254,281,293,305,349,373,385,397,397],"floor_reached":16,"playtime":1117,"items_purged":[],"score":114,"play_id":"d0a8e59f-775b-48f8-a970-e7c569e1a868","local_time":"20210104042356","is_ascension_mode":false,"campfire_choices":[{"data":"HollowMod:HowlingWraiths","floor":6.0,"key":"SMITH"},{"floor":11.0,"key":"REST"},{"data":"HollowMod:CrystalDash","floor":15.0,"key":"SMITH"}],"circlet_count":0,"master_deck":["HollowMod:NailStrikeStart","HollowMod:NailStrikeStart","HollowMod:NailStrikeStart","HollowMod:NailStrikeStart","HollowMod:QuickDashStart","HollowMod:QuickDashStart","HollowMod:QuickDashStart","HollowMod:QuickDashStart","HollowMod:FocusHealStart","HollowMod:PogoStrike","HollowMod:BlackTendrils","HollowMod:CrystalDash+1","HollowMod:InfectedCysts","HollowMod:HowlingWraiths+1","HollowMod:BaldurShell","HollowMod:SoulShaman"],"relics":["HollowMod:VesselMask","FaceOfCleric","MawBank","Happy Flower","Orichalcum"],"acts_visited":["Exordium"],"potions_floor_usage":[],"damage_taken":[{"damage":0.0,"enemies":"Small Slimes","floor":1.0,"turns":3.0},{"damage":0.0,"enemies":"Cultist","floor":2.0,"turns":3.0},{"damage":2.0,"enemies":"2 Louse","floor":3.0,"turns":3.0},{"damage":5.0,"enemies":"Red Slaver","floor":4.0,"turns":4.0},{"damage":32.0,"enemies":"Lagavulin","floor":7.0,"turns":9.0},{"damage":4.0,"enemies":"2 Fungi Beasts","floor":8.0,"turns":2.0},{"damage":2.0,"enemies":"Blue Slaver","floor":10.0,"turns":4.0},{"damage":1.0,"enemies":"Gremlin Nob","floor":13.0,"turns":4.0},{"damage":0.0,"enemies":"3 Louse","floor":14.0,"turns":1.0},{"damage":0,"enemies":"Slime Boss","floor":16,"turns":2}],"seed_played":"7991549239331820139","potions_obtained":[{"floor":2.0,"key":"ColorlessPotion"},{"floor":4.0,"key":"PowerPotion"},{"floor":8.0,"key":"EssenceOfSteel"},{"floor":14.0,"key":"LiquidMemories"}],"is_trial":false,"path_per_floor":["M","M","M","M","?","R","E","M","T","M","R","?","E","M","R","B"],"character_chosen":"THE_BUGKNIGHT","items_purchased":[],"campfire_rested":1,"item_purchase_floors":[],"current_hp_per_floor":[82,82,80,75,75,75,50,53,53,53,78,78,78,79,79,85,85],"gold":397,"neow_bonus":"TEN_PERCENT_HP_BONUS","is_daily":false,"chose_seed":false,"campfire_upgraded":2,"win_rate":0.0,"timestamp":1609730636,"path_taken":["M","M","M","M","?","R","E","M","T","?","R","?","E","?","R","BOSS"],"items_purchased_type":[],"build_version":"2020-12-22","purchased_purges":0,"victory":false,"max_hp_per_floor":[82,82,82,82,82,82,83,84,84,85,85,85,86,87,87,87,87],"card_choices":[{"not_picked":["HollowMod:DescendingDark","HollowMod:VengefulVoid"],"picked":"HollowMod:BlackTendrils","floor":1.0},{"not_picked":["HollowMod:RecoilStrike","HollowMod:BrokenVessel"],"picked":"HollowMod:CrystalDash","floor":2.0},{"not_picked":["HollowMod:DesolateDive","HollowMod:DoubleDash"],"picked":"HollowMod:InfectedCysts","floor":3.0},{"not_picked":["HollowMod:HeavyBlow","HollowMod:DreamGate"],"picked":"HollowMod:HowlingWraiths","floor":4.0},{"not_picked":["HollowMod:SoulSplash","HollowMod:GrimmsGift","HollowMod:HeavyBlow"],"picked":"SKIP","floor":7.0},{"not_picked":["HollowMod:PerfectDash","HollowMod:BrokenVessel"],"picked":"HollowMod:BaldurShell","floor":8.0},{"not_picked":["HollowMod:DescendingDark","HollowMod:theNailsmith"],"picked":"HollowMod:SoulShaman","floor":10.0},{"not_picked":["HollowMod:SharpenedShadows","HollowMod:DungDefenderAura","HollowMod:ShapeofUnn"],"picked":"SKIP","floor":13.0},{"not_picked":["HollowMod:GoodIntentions","HollowMod:MawleksShell","HollowMod:LifebloodCocoon"],"picked":"SKIP","floor":14.0}],"player_experience":614116,"relics_obtained":[{"floor":7.0,"key":"MawBank"},{"floor":9.0,"key":"Happy Flower"},{"floor":13.0,"key":"Orichalcum"}],"event_choices":[{"damage_healed":0.0,"max_hp_gain":0.0,"max_hp_loss":0.0,"gold_gain":0.0,"event_name":"FaceTrader","player_choice":"Trade","floor":5.0,"gold_loss":0.0,"damage_taken":0.0,"relics_obtained":["FaceOfCleric"]},{"damage_healed":0.0,"max_hp_gain":0.0,"max_hp_loss":0.0,"gold_gain":0.0,"event_name":"NoteForYourself","player_choice":"Ignored","floor":12.0,"gold_loss":0.0,"damage_taken":0.0}],"is_beta":false,"boss_relics":[],"items_purged_floors":[],"is_endless":false,"potions_floor_spawned":[2,4,8,14],"killed_by":"Slime Boss","ascension_level":0}}