{"host":"y087t2reloz9bi43","time":1609756089,"event":{"mods":["2.2 Compatiblity","AchievementEnabler","Aspiration","BaseMod","Beaked The Cultist","Better Vampires","BetterRewards","Colored Map","Colored Powertips","Conspire","Downfall","Ekko","Fireblade Mod","Friendly Minions","GifTheSpireLib","Halation","Hermit","Hubris","Infinite Spire","Jedi Mod","Mad Scientist","Marisa????????","Mimic Mod","Minty Spire (QoL Compilation)","Permanent Neow","Rare Cards Sparkle","Relic Stats","Replay The Spire","Robot Space Explorer","Shade Mod","Shop Mod","StSLib","The Blackbeard","The Bug Knight","The Construct","The Cursed","The Hierophant","The Jungle","The Necromancer","The Runesmith","The Servant 0.9.4","TheHero","TheVacant","Uncapped","everything is the same but u backflip on backflip","vexMod"],"gold_per_floor":[116,142,142,159,30,30,30,30,102,137,137,150,175,187,187,282,332,344,443,453,453,466,466,466],"floor_reached":23,"playtime":2711,"items_purged":[],"score":199,"play_id":"f91438b7-a44f-43fe-bf66-88a4beb41a3a","local_time":"20210104102809","is_ascension_mode":false,"campfire_choices":[{"data":"aspiration:UnbridledHammer","floor":6,"key":"SMITH"},{"data":"Pot Of Greed","floor":8,"key":"SMITH"},{"data":"Runesmith:Malloc","floor":11,"key":"SMITH"},{"floor":15,"key":"REST"}],"circlet_count":0,"master_deck":["Runesmith:Strike_RS","Runesmith:Strike_RS","Runesmith:Strike_RS+1","Runesmith:Strike_RS","Runesmith:Defend_RS","Runesmith:Defend_RS","Runesmith:Defend_RS","Runesmith:Defend_RS","Runesmith:CraftFirestone+1","Runesmith:Fortify","Runesmith:Malloc+1","Pot Of Greed","Runesmith:HeatExchange","Pot Of Greed+1","Runesmith:HeatExchange","aspiration:UnbridledHammer+1","Runesmith:CraftReservo","Runesmith:ShiftingStrike","Runesmith:EnergizedChisel","Runesmith:GrandSlam","Runesmith:GrandSlam","Runesmith:Grindstone","Runesmith:HammerAndChisel","Runesmith:ChiselStab","Runesmith:Grindstone+1"],"relics":["Runesmith:BrokenRuby","Grinning Jar","Bottled Flame","jedi:purplefairy","infinitespire:Bottled Soul","Tiny House","hubris:Icosahedron"],"acts_visited":["Exordium","TheCity"],"potions_floor_usage":[10,16,22],"damage_taken":[{"damage":0,"enemies":"Cultist","floor":1,"turns":4},{"damage":0,"enemies":"Small Slimes","floor":4,"turns":3},{"damage":26,"enemies":"Gremlin Nob","floor":10,"turns":4},{"damage":11,"enemies":"Jaw Worm","floor":12,"turns":2},{"damage":8,"enemies":"Replay:BlueRogue","floor":13,"turns":5},{"damage":9,"enemies":"Large Slime","floor":14,"turns":4},{"damage":20,"enemies":"The Guardian","floor":16,"turns":10},{"damage":13,"enemies":"Shell Parasite","floor":18,"turns":5},{"damage":42,"enemies":"conspire:FuzzyDice","floor":20,"turns":7},{"damage":43,"enemies":"Chosen and Byrds","floor":22,"turns":6},{"damage":34,"enemies":"Gremlin Leader","floor":23,"turns":2}],"seed_played":"-3564219722196216400","potions_obtained":[{"floor":4,"key":"AttackPotion"},{"floor":12,"key":"FairyPotion"},{"floor":13,"key":"PowerPotion"},{"floor":16,"key":"SteroidPotion"},{"floor":17,"key":"Reflective Coating"}],"is_trial":false,"path_per_floor":["M","T","?","M","$","R","?","R","T","E","R","M","E","M","R","B",null,"M","?","M","?","M","E"],"character_chosen":"RUNESMITH_CLASS","items_purchased":["Runesmith:HeatExchange","aspiration:UnbridledHammer"],"campfire_rested":1,"item_purchase_floors":[5,5],"current_hp_per_floor":[70,70,75,75,75,75,75,75,75,49,54,43,35,26,48,28,80,67,67,25,25,24,0,0],"gold":466,"neow_bonus":"UPGRADE_CARD","is_daily":false,"chose_seed":false,"campfire_upgraded":3,"win_rate":0.0,"timestamp":1609756089,"path_taken":["M","?","?","M","?","R","?","R","T","E","R","M","E","M","R","BOSS","M","?","M","?","?","E"],"items_purchased_type":["Card","Card"],"build_version":"2020-12-22","purchased_purges":0,"victory":false,"max_hp_per_floor":[70,70,75,75,75,75,75,75,75,75,75,75,75,75,75,75,80,80,80,80,80,80,80,80],"relic_stats":{"counters":[11,52],"obtain_stats":[{"Runesmith:BrokenRuby":0,"Bottled Flame":9,"Tiny House":17,"hubris:Icosahedron":21,"infinitespire:Bottled Soul":13,"jedi:purplefairy":10,"Grinning Jar":2},{"Runesmith:BrokenRuby":0,"Bottled Flame":2,"Tiny House":7,"hubris:Icosahedron":9,"infinitespire:Bottled Soul":5,"jedi:purplefairy":3,"Grinning Jar":1},{"Runesmith:BrokenRuby":0,"Bottled Flame":7,"Tiny House":32,"hubris:Icosahedron":44,"infinitespire:Bottled Soul":18,"jedi:purplefairy":11,"Grinning Jar":4}]},"card_choices":[{"not_picked":["Runesmith:NanitesCloud","Runesmith:Prism"],"picked":"Runesmith:Malloc","floor":1},{"not_picked":["Runesmith:Overpower","Runesmith:Repurpose"],"picked":"Runesmith:HeatExchange","floor":4},{"not_picked":["Runesmith:PerfectChisel","Runesmith:GoWithTheFlow"],"picked":"Runesmith:CraftReservo","floor":10},{"not_picked":["Runesmith:Overpower","Runesmith:Empowerment"],"picked":"Runesmith:ShiftingStrike","floor":12},{"not_picked":["Runesmith:Grindstone","Runesmith:RuneHurl"],"picked":"Runesmith:EnergizedChisel","floor":13},{"not_picked":["Runesmith:ElementalConversion","Runesmith:Grindstone"],"picked":"Runesmith:GrandSlam","floor":14},{"not_picked":["Runesmith:GenerateForcefield","Runesmith:Supernova"],"picked":"Runesmith:GrandSlam","floor":16},{"not_picked":["Runesmith:BackupBattery","Runesmith:Augment"],"picked":"Runesmith:Grindstone","floor":17},{"not_picked":["Runesmith:EarthShield","Runesmith:RuneHurl"],"picked":"Runesmith:HammerAndChisel","floor":18},{"not_picked":["Runesmith:FrozenChisel","Runesmith:Overpower+1"],"picked":"Runesmith:ChiselStab","floor":20},{"not_picked":["Runesmith:Empowerment","Runesmith:Attraction+1"],"picked":"Runesmith:Grindstone+1","floor":22}],"player_experience":350484,"relics_obtained":[{"floor":2,"key":"Grinning Jar"},{"floor":9,"key":"Bottled Flame"},{"floor":10,"key":"jedi:purplefairy"},{"floor":13,"key":"infinitespire:Bottled Soul"}],"event_choices":[{"damage_healed":0,"gold_gain":0,"player_choice":"Donut","damage_taken":0,"max_hp_gain":5,"max_hp_loss":0,"event_name":"Big Fish","floor":3,"gold_loss":0},{"damage_healed":0,"gold_gain":0,"player_choice":"Leave","damage_taken":0,"max_hp_gain":0,"max_hp_loss":0,"event_name":"conspire:Investor","floor":7,"gold_loss":0},{"damage_healed":0,"gold_gain":99,"player_choice":"Stole From Cult","damage_taken":0,"max_hp_gain":0,"max_hp_loss":0,"event_name":"Nest","floor":19,"gold_loss":0}],"is_beta":false,"boss_relics":[{"not_picked":["Painkiller Herb","SacredBark"],"picked":"Tiny House"}],"items_purged_floors":[],"is_endless":false,"potions_floor_spawned":[4,12,13,16,20],"killed_by":"Gremlin Leader","ascension_level":0}}