{"host":"8u40nq559zpgb6zp","time":1609733437,"event":{"mods":["Aspiration","Bard","BaseMod","Beaked The Cultist","Better Altar","Better Match","Better Note","Better Sensory Stone","Better Skull","Better Third Choice","BetterRewards","CCEM","Clawfect","Conspire","Duelist Mod","Googly Eyes","Halation","Hermit","Highlight Path","Infinite Spire","Jedi Mod","Jorbs\u0027s Wanderer Trilogy","Mad Scientist","Marisa（霧雨　魔理沙）","Minty Spire (QoL Compilation)","Permanent Neow","Replay The Spire","Shade Mod","Shop Mod","Spicy Shops","StSLib","The Bladedancer","The Construct","The Cursed","The Disciple","The Druid","The Gatherer","The Hierophant","The IronCluck","The Jungle","The Mystic","The Necromancer","The Runesmith","The Senshi","The Servant 0.9.4","The Spell Scribe","The Witch","slay the spire mod where everything is the same but ironclad has a cowboy hat"],"gold_per_floor":[116,391,401,0,0,0,12,12,12,12,12,12,45,61,61,163,163,181,37,48,48,48,78,78,105,105,105,105,105,65,153,153,256,256,266,266,281,281,301,301,301,301,328,328,381,404,404,404,404,580,580,629,657,657,706,763,843,843,843,843,852,852],"floor_reached":61,"playtime":4381,"items_purged":["Regret"],"score":1119,"play_id":"e9fe5b78-eff3-4732-bd52-0b76f38640e5","local_time":"20210103231037","is_ascension_mode":false,"campfire_choices":[{"data":"Gash","floor":6,"key":"SMITH"},{"data":"conspire:Rain","floor":8,"key":"SMITH"},{"data":"Gash","floor":10,"key":"SMITH"},{"data":"Gash","floor":12,"key":"SMITH"},{"data":"Gash","floor":15,"key":"SMITH"},{"data":"infinitespire:Oblivion","floor":24,"key":"SMITH"},{"floor":28,"key":"REST"},{"floor":32,"key":"REST"},{"data":"Creative AI","floor":40,"key":"SMITH"},{"data":"Creative AI","floor":42,"key":"SMITH"},{"data":"Clawfect:Clawrage","floor":44,"key":"SMITH"},{"data":"Seek","floor":59,"key":"SMITH"}],"circlet_count":0,"master_deck":["Gash+1","Gash+1","Gash+1","Gash+1","Gash","Defend_B+1","Defend_B","Defend_B","Defend_B","conspire:Rain+1","Clawfect:Clawrage","Clawfect:ClawForOne","Storm+1","Clawfect:Clawline+1","infinitespire:Oblivion+1","Chill+1","Clawfect:Clawter","Echo Form+1","White Noise+1","Capacitor","Creative AI+1","Loop","Clawfect:Clawrage+1","Creative AI+1","BasicCrystalCard+1","Seek+1","Defragment","Clawfect:Clawrage","Crystallizer","Coolheaded","Injury"],"relics":["theDruid:CrownOfTheWilds","HandDrill","PureWater","infinitespire:Chaos","beaked:ShinyBauble","Mummified Hand","infinitespire:Lychee Nut","aspiration:PoetsPen_weak","Pet Ghost","infinitespire:CheckeredPen","CCEMRelics:Barrel","CCEMRelics:SpiritsEdge","Juzu Bracelet","halation:KoshaPiece","Replay:Wax Seal","conspire:TopHat","infinitespire:EvilPickle","Strawberry","Replay:Bandana","Runic Pyramid","Odd Mushroom","halation:IllGainedPizza","Frozen Egg 2","Ornamental Fan"],"acts_visited":["Exordium","TheCity","TheBeyond","Exordium"],"potions_floor_usage":[3,3,16,16,16,25,39,45,61,61],"damage_taken":[{"damage":5,"enemies":"Jaw Worm","floor":1,"turns":4},{"damage":1,"enemies":"Cultist","floor":3,"turns":4},{"damage":2,"enemies":"2 Louse","floor":7,"turns":3},{"damage":5,"enemies":"Replay:BlueRogue","floor":13,"turns":4},{"damage":10,"enemies":"conspire:2 RoseBushes","floor":14,"turns":7},{"damage":34,"enemies":"Slime Boss","floor":16,"turns":7},{"damage":0,"enemies":"Spheric Guardian","floor":18,"turns":1},{"damage":0,"enemies":"3 Byrds","floor":20,"turns":2},{"damage":35,"enemies":"Nightmare","floor":23,"turns":5},{"damage":7,"enemies":"Book of Stabbing","floor":25,"turns":2},{"damage":0,"enemies":"Pondfish","floor":33,"turns":4},{"damage":0,"enemies":"3 Shapes","floor":35,"turns":3},{"damage":0,"enemies":"Orb Walker","floor":37,"turns":2},{"damage":0,"enemies":"Jaw Worm Horde","floor":39,"turns":1},{"damage":32,"enemies":"Nemesis","floor":45,"turns":3},{"damage":6,"enemies":"Awakened One","floor":50,"turns":4},{"damage":0,"enemies":"2 Louse","floor":52,"turns":1},{"damage":10,"enemies":"The Mushroom Lair","floor":53,"turns":3},{"damage":0,"enemies":"Small Slimes","floor":55,"turns":2},{"damage":0,"enemies":"Cultist","floor":56,"turns":2},{"damage":0,"enemies":"Gremlin Nob","floor":57,"turns":2},{"damage":75,"enemies":"Nightmare_Alpha","floor":61,"turns":4}],"seed_played":"3050375438999318500","potions_obtained":[{"floor":1,"key":"AttackPotion"},{"floor":3,"key":"EntropicBrew"},{"floor":20,"key":"jedi:StrikingPotion"},{"floor":25,"key":"ColorlessPotion"},{"floor":39,"key":"FearPotion"},{"floor":50,"key":"Venom Potion"},{"floor":53,"key":"jedi:holywater"},{"floor":57,"key":"SpeedPotion"}],"is_trial":false,"path_per_floor":["M","?","M","$","?","R","M","R","T","R","$","R","E","M","R","B",null,"M","$","M","T","?","NM","R","E","T","AVR","R","?","?","?","R","B",null,"M","?","M","?","M","R","?","R","T","R","E","T","?","?","R","B",null,"M","?","?","M","M","E","?","R","T","NM"],"character_chosen":"DEFECT","items_purchased":["infinitespire:Chaos","beaked:ShinyBauble","Pet Ghost"],"campfire_rested":2,"item_purchase_floors":[4,4,19],"current_hp_per_floor":[70,70,69,69,69,69,67,67,67,67,67,67,56,49,49,21,56,56,56,56,56,56,22,22,18,18,18,34,23,23,1,17,23,56,56,56,56,56,56,56,56,56,56,56,33,33,33,33,51,51,63,63,55,55,58,61,63,63,63,63,0,0],"gold":852,"neow_bonus":"NOSTALGIA","is_daily":false,"chose_seed":false,"campfire_upgraded":10,"win_rate":0.0,"timestamp":1609733437,"path_taken":["M","?","?","$","?","R","M","R","T","R","?","R","E","M","R","BOSS","M","$","M","?","?","NM","R","E","T","AVR","R","?","?","?","R","BOSS","M","?","M","?","M","R","?","R","T","R","E","?","?","?","R","BOSS","M","?","?","M","M","E","?","R","T","NM"],"items_purchased_type":["Relic","Relic","Relic"],"build_version":"2020-12-22","purchased_purges":1,"victory":false,"max_hp_per_floor":[75,75,75,75,75,75,75,75,75,75,75,75,56,56,56,56,56,56,56,56,56,56,56,56,56,56,56,56,56,56,56,56,56,56,56,56,56,56,56,56,56,56,56,56,63,63,63,63,63,63,63,63,63,63,63,63,63,63,63,63,63,63],"card_choices":[{"not_picked":["jedi:blockon","jedi:markofdeath","Clawfect:Clawline"],"picked":"SKIP","floor":1},{"not_picked":["jedi:blockon","Steam","jedi:BurstFrost"],"picked":"SKIP","floor":3},{"not_picked":["jedi:blockon","Lockon"],"picked":"conspire:Rain","floor":7},{"not_picked":["Clawfect:ClawingBeam","ReplaySolidLightProjector"],"picked":"Clawfect:Clawrage","floor":13},{"not_picked":["Reprogram","jedi:BurstLightning","Clawfect:ScrapingClaw"],"picked":"SKIP","floor":14},{"not_picked":["jedi:meditation","Reboot"],"picked":"Clawfect:ClawForOne","floor":16},{"not_picked":["BasicCrystalCard","Turbo"],"picked":"Storm+1","floor":18},{"not_picked":["jedi:markofdeath","Consume"],"picked":"Clawfect:Clawline+1","floor":20},{"not_picked":["ReplayTheSpireMod:Echoes of Time","infinitespire:DeathsTouch"],"picked":"infinitespire:Oblivion","floor":23},{"not_picked":["Redo+1","Clawfect:Clawrage"],"picked":"Chill","floor":23},{"not_picked":["Sunder","jedi:spotbugs"],"picked":"Clawfect:Clawter","floor":25},{"not_picked":["BootSequence+1","Double Energy+1"],"picked":"White Noise+1","floor":31},{"not_picked":["Clawfect:ScrapingClaw","jedi:BurstLightning"],"picked":"Capacitor","floor":31},{"not_picked":["jedi:gatheringstorm","Core Surge"],"picked":"Creative AI","floor":33},{"not_picked":["Steam","Genetic Algorithm+1"],"picked":"Loop","floor":35},{"not_picked":["Steam+1","jedi:BurstLightning"],"picked":"Clawfect:Clawrage","floor":37},{"not_picked":["jedi:reiji","jedi:blockon+1"],"picked":"Creative AI","floor":39},{"not_picked":["Stack+1","Turbo+1"],"picked":"BasicCrystalCard+1","floor":45},{"not_picked":["Thunder Strike","Multi-Cast"],"picked":"Seek","floor":50},{"not_picked":["Turbo","Steam"],"picked":"Defragment","floor":52},{"not_picked":["BootSequence","Clawfect:ClawingBeam"],"picked":"Clawfect:Clawrage","floor":55},{"not_picked":["jedi:markofdeath","jedi:hex"],"picked":"Crystallizer","floor":56},{"not_picked":["Double Energy","Redo"],"picked":"Coolheaded","floor":57}],"player_experience":1004679,"relics_obtained":[{"floor":9,"key":"Mummified Hand"},{"floor":13,"key":"infinitespire:Lychee Nut"},{"floor":21,"key":"infinitespire:CheckeredPen"},{"floor":23,"key":"CCEMRelics:Barrel"},{"floor":25,"key":"CCEMRelics:SpiritsEdge"},{"floor":26,"key":"Juzu Bracelet"},{"floor":31,"key":"Replay:Wax Seal"},{"floor":43,"key":"conspire:TopHat"},{"floor":45,"key":"Strawberry"},{"floor":46,"key":"Replay:Bandana"},{"floor":53,"key":"Odd Mushroom"},{"floor":57,"key":"halation:IllGainedPizza"},{"floor":60,"key":"Ornamental Fan"}],"event_choices":[{"damage_healed":0,"gold_gain":275,"player_choice":"Desecrate","damage_taken":0,"max_hp_gain":0,"max_hp_loss":0,"event_name":"Golden Shrine","floor":2,"gold_loss":0,"cards_obtained":["Regret"]},{"cards_removed":["Regret"],"damage_healed":0,"gold_gain":0,"player_choice":"Give","damage_taken":0,"max_hp_gain":0,"max_hp_loss":0,"event_name":"betterNote:BetterNote","floor":22,"gold_loss":0,"cards_obtained":["Strike_G"]},{"damage_healed":0,"gold_gain":2,"player_choice":"2","damage_taken":0,"max_hp_gain":0,"max_hp_loss":11,"event_name":"betterStone:BetterStone","floor":29,"gold_loss":0},{"damage_healed":0,"gold_gain":0,"player_choice":"Upgrade","damage_taken":0,"max_hp_gain":0,"max_hp_loss":0,"event_name":"Designer","floor":30,"gold_loss":40,"cards_upgraded":["Echo Form"]},{"cards_removed":["Defend_B"],"damage_healed":0,"gold_gain":0,"player_choice":"Removed Skill","damage_taken":0,"max_hp_gain":0,"max_hp_loss":0,"event_name":"Falling","floor":38,"gold_loss":0},{"damage_healed":0,"gold_gain":0,"player_choice":"Leave","damage_taken":0,"max_hp_gain":0,"max_hp_loss":0,"event_name":"conspire:Investor","floor":48,"gold_loss":0},{"damage_healed":0,"gold_gain":0,"player_choice":"Fought Mushrooms","damage_taken":0,"max_hp_gain":0,"max_hp_loss":0,"event_name":"Mushrooms","floor":53,"gold_loss":0},{"cards_removed":["Clawfect:Clawter"],"damage_healed":0,"gold_gain":0,"player_choice":"Give","damage_taken":0,"max_hp_gain":0,"max_hp_loss":0,"event_name":"betterNote:BetterNote","floor":54,"gold_loss":0,"cards_obtained":["Regret"]}],"is_beta":false,"boss_relics":[{"not_picked":["aspiration:RunicSpoon","ChewingGum"],"picked":"aspiration:PoetsPen_weak"},{"not_picked":["CCEMRelics:TransientCore","halation:SmartPhone","halation:ForbiddenBikini"]},{"not_picked":["Velvet Choker","Replay:Drink Me"],"picked":"Runic Pyramid"}],"items_purged_floors":[27],"is_endless":true,"potions_floor_spawned":[1,3,13,20,25,39,50,53,57],"killed_by":"Nightmare_Alpha","ascension_level":0}}