{"host":"igi9xpgoc000gxf5","time":1609794286,"event":{"mods":["BaseMod","Colored Powertips","Downfall","Googly Eyes","Minty Spire (QoL Compilation)","StSLib"],"gold_per_floor":[0,11,29,29,41,41,41,41,41,26,26,39,39,24,37,136,136,136,146,162,162,12,24,104,118,136,236,248,46,71,71,90,193,193,193,210,210,221,221,237,263,263,22,53,5,40,40,40,51,51],"floor_reached":51,"playtime":3643,"items_purged":[],"score":792,"play_id":"cc0009cc-2c7e-4141-8d9b-fbbfd663abab","local_time":"20210104220446","is_ascension_mode":false,"campfire_choices":[{"data":"Apotheosis","floor":1,"key":"SMITH"},{"data":"Guardian:SpikerProtocol","floor":9,"key":"SMITH"},{"data":"Guardian:CurlUp","floor":13,"key":"SMITH"},{"data":"Guardian:BaubleBeam","floor":18,"key":"SMITH"},{"data":"Guardian:DecasProtection","floor":35,"key":"SMITH"},{"data":"Guardian:DecasProtection","floor":42,"key":"SMITH"},{"data":"Guardian:EvasiveProtocol","floor":47,"key":"SMITH"}],"circlet_count":0,"master_deck":["Guardian:Strike_Guardian","Guardian:Strike_Guardian","Guardian:Defend_Guardian","Guardian:Defend_Guardian","Guardian:CurlUp+1","Guardian:TwinSlam","Apotheosis+1","Guardian:Planning","Guardian:Harden","Guardian:SpikerProtocol+1","Guardian:DecasProtection+1","Guardian:BaubleBeam+1","Guardian:StasisStrike+1","Guardian:GemFire+1","Necronomicurse","Guardian:EvasiveProtocol+1","Guardian:RollAttack+1","Guardian:ChargeCore+1","Guardian:CrystalBeam","Guardian:Gem_Synthetic","Guardian:ChargeCore","Guardian:DecasProtection+1","Guardian:Recover","Guardian:Recover","Guardian:PolyBeam+1","Guardian:ShieldSpikes+1","Guardian:ChargeUp","Guardian:Repulse","Guardian:Gem_Crimson","Guardian:Gem_Fragmented","Guardian:Gem_Green","Guardian:Gem_Synthetic","Guardian:Gem_Orange","Guardian:Gem_Cyan","Guardian:Gem_Cyan","Guardian:Gem_Cyan","Guardian:Gem_Green","Guardian:SentryBeam+1","Guardian:PolyBeam+1"],"relics":["Guardian:ModeShifter","Akabeko","Mercury Hourglass","Gambling Chip","Question Card","Astrolabe","Necronomicon","Matryoshka","Toy Ornithopter","Strange Spoon","Omamori","Bag of Preparation","Busted Crown","Whetstone","Lantern","Guardian:SackOfGems","Bag of Marbles","Du-Vu Doll","Orichalcum","Gremlin Horn","Prayer Wheel"],"acts_visited":["Exordium","TheCity","TheBeyond"],"potions_floor_usage":[16,20,30,33,50,50],"damage_taken":[{"damage":0,"enemies":"Small Slimes","floor":2,"turns":3},{"damage":7,"enemies":"Jaw Worm","floor":3,"turns":3},{"damage":0,"enemies":"2 Louse","floor":5,"turns":2},{"damage":0,"enemies":"downfall:FleeingMerchant","floor":10,"turns":4},{"damage":0,"enemies":"Blue Slaver","floor":12,"turns":3},{"damage":0,"enemies":"downfall:FleeingMerchant","floor":14,"turns":4},{"damage":0,"enemies":"Exordium Wildlife","floor":15,"turns":4},{"damage":25,"enemies":"downfall:Defect","floor":16,"turns":8},{"damage":0,"enemies":"Spheric Guardian","floor":19,"turns":3},{"damage":0,"enemies":"3 Byrds","floor":20,"turns":2},{"damage":4,"enemies":"Cultist and Chosen","floor":23,"turns":3},{"damage":0,"enemies":"Snake Plant","floor":25,"turns":3},{"damage":22,"enemies":"Sentry and Sphere","floor":26,"turns":4},{"damage":12,"enemies":"downfall:LadyInBlue","floor":27,"turns":7},{"damage":2,"enemies":"Cultist and Chosen","floor":28,"turns":4},{"damage":12,"enemies":"downfall:FleeingMerchant","floor":29,"turns":4},{"damage":25,"enemies":"Slavers","floor":30,"turns":4},{"damage":0,"enemies":"Centurion and Healer","floor":32,"turns":1},{"damage":22,"enemies":"downfall:Silent","floor":33,"turns":6},{"damage":0,"enemies":"Orb Walker","floor":36,"turns":2},{"damage":5,"enemies":"3 Shapes","floor":38,"turns":2},{"damage":0,"enemies":"3 Darklings","floor":40,"turns":3},{"damage":0,"enemies":"downfall:FleeingMerchant","floor":43,"turns":1},{"damage":11,"enemies":"Giant Head","floor":44,"turns":9},{"damage":7,"enemies":"Nemesis","floor":46,"turns":5},{"damage":0,"enemies":"Spire Growth","floor":49,"turns":3},{"damage":0,"enemies":"downfall:Ironclad","floor":50,"turns":5}],"seed_played":"-3010969628810025844","potions_obtained":[{"floor":2,"key":"ColorlessPotion"},{"floor":5,"key":"SmokeBomb"},{"floor":12,"key":"Guardian:DefensiveModePotion"},{"floor":20,"key":"champ:CounterPotion"},{"floor":27,"key":"Swift Potion"},{"floor":27,"key":"FairyPotion"},{"floor":30,"key":"Guardian:AcceleratePotion"},{"floor":33,"key":"Guardian:DefensiveModePotion"}],"is_trial":false,"path_per_floor":["R","M","M","?","M","?","T","?","R","$","T","M","R","$","M","B",null,"R","M","M","?","?","M","T","M","M","?","M","$","E","?","M","B",null,"R","M","?","M","?","M","T","R","$","E","$","E","R","?","M","B",null],"character_chosen":"GUARDIAN","items_purchased":["Strange Spoon","Guardian:DecasProtection","Guardian:SackOfGems","Bag of Marbles","DistilledChaos","Guardian:Gem_Cyan","Guardian:Gem_Cyan"],"campfire_rested":0,"item_purchase_floors":[29,29,43,43,43,43,45],"current_hp_per_floor":[80,80,73,73,73,73,73,70,70,70,70,70,70,70,70,45,80,80,80,80,64,90,86,86,86,64,52,50,38,18,18,18,32,90,90,90,90,85,85,85,85,85,85,74,74,67,67,67,67,77],"gold":51,"neow_bonus":"RANDOM_COLORLESS_2","is_daily":false,"chose_seed":false,"campfire_upgraded":7,"win_rate":0.0,"timestamp":1609794286,"path_taken":["R","M","M","?","M","?","T","?","R","$","?","?","R","?","M","BOSS","R","M","M","?","?","M","T","?","M","?","?","?","E","?","M","BOSS","R","M","?","M","?","M","T","R","$","E","?","E","R","?","M","BOSS"],"items_purchased_type":["Relic","Card","Relic","Relic","Potion","Card","Card"],"build_version":"2020-12-22","purchased_purges":0,"victory":true,"max_hp_per_floor":[80,80,80,80,80,80,80,80,80,80,80,80,80,80,80,80,80,80,80,80,80,90,90,90,90,90,90,90,90,90,90,90,90,90,90,90,90,90,90,90,90,90,90,90,90,90,90,90,90,90],"card_choices":[{"not_picked":["Mayhem","Secret Weapon"],"picked":"Apotheosis","floor":0},{"not_picked":["Guardian:RefractedBeam","Guardian:Recover"],"picked":"Guardian:Planning","floor":2},{"not_picked":["Guardian:PiercingHide","Guardian:Gem_Yellow"],"picked":"Guardian:Harden","floor":3},{"not_picked":["Guardian:ShieldCharger","Guardian:TimeBomb"],"picked":"Guardian:SpikerProtocol","floor":5},{"not_picked":["Guardian:BronzeArmor","Guardian:DonusPower"],"picked":"Guardian:Gem_Cyan","floor":10},{"not_picked":["Guardian:PiercingHide","Guardian:Suspension","Guardian:Gem_Green"],"picked":"Guardian:Gem_Crimson","floor":12},{"not_picked":["Guardian:Preprogram","Guardian:ShieldCharger","Guardian:Harden"],"picked":"Guardian:DecasProtection","floor":14},{"not_picked":["Guardian:Suspension","Guardian:ShieldCharger","Guardian:RollAttack"],"picked":"Guardian:Gem_Lightblue","floor":15},{"not_picked":["Guardian:TimeSifter","Guardian:GemFire","Guardian:ExploitGems"],"picked":"Guardian:BaubleBeam","floor":16},{"not_picked":["Guardian:Gem_Cyan","Guardian:BronzeOrb","Guardian:Planning"],"picked":"Guardian:Gem_Fragmented","floor":19},{"not_picked":["Guardian:TemporalShield","Guardian:MultiBeam","Guardian:ChargeCore"],"picked":"Guardian:Gem_Lightblue","floor":20},{"not_picked":["Guardian:RollAttack+1","Guardian:PrimingBeam","Guardian:Gem_Lightblue"],"picked":"Guardian:EvasiveProtocol","floor":23},{"not_picked":["Guardian:WalkerClaw","Guardian:Incinerate+1","Guardian:Planning"],"picked":"Guardian:RollAttack","floor":25},{"not_picked":["Guardian:Gem_Crimson","Guardian:RollAttack","Guardian:GuardianWhirl"],"picked":"Guardian:ChargeCore+1","floor":26},{"not_picked":["Guardian:PiercingHide","Guardian:ShieldCharger","Guardian:SpikerProtocol"],"picked":"Guardian:CrystalBeam","floor":27},{"not_picked":["Guardian:BronzeOrb","Guardian:Gem_Red","Guardian:TemporalStrike"],"picked":"Guardian:Gem_Synthetic","floor":28},{"not_picked":["Guardian:RollAttack","Guardian:Gem_Yellow","Guardian:VentSteam"],"picked":"Guardian:ChargeCore","floor":29},{"not_picked":["Guardian:FierceBash","Guardian:Gem_Green","Guardian:VentSteam"],"picked":"Guardian:Recover","floor":30},{"not_picked":["Guardian:Gem_Lightblue","Guardian:Gem_Cyan","Guardian:VentSteam+1"],"picked":"Guardian:Recover","floor":32},{"not_picked":["Guardian:SphericShield","Guardian:StasisStrike","Guardian:Gem_Synthetic"],"picked":"Guardian:Gem_Orange","floor":33},{"not_picked":["Guardian:ChargeCore+1"],"picked":"Guardian:PolyBeam","floor":36},{"not_picked":["Guardian:Gem_Lightblue"],"picked":"Guardian:ShieldSpikes+1","floor":38},{"not_picked":["Guardian:PrimingBeam"],"picked":"Guardian:ChargeUp","floor":40},{"not_picked":["Guardian:Gem_Cyan"],"picked":"Guardian:Repulse","floor":43},{"not_picked":["Guardian:TemporalStrike"],"picked":"Guardian:Gem_Cyan","floor":44},{"not_picked":["Guardian:Recover"],"picked":"Guardian:Gem_Green","floor":46},{"not_picked":["Guardian:Gem_Synthetic"],"picked":"Guardian:SentryBeam+1","floor":49},{"not_picked":["Guardian:Recover+1"],"picked":"Guardian:PolyBeam+1","floor":49}],"player_experience":919752,"relics_obtained":[{"floor":7,"key":"Mercury Hourglass"},{"floor":11,"key":"Question Card"},{"floor":21,"key":"Necronomicon"},{"floor":24,"key":"Matryoshka"},{"floor":27,"key":"Toy Ornithopter"},{"floor":30,"key":"Omamori"},{"floor":41,"key":"Whetstone"},{"floor":41,"key":"Lantern"},{"floor":44,"key":"Du-Vu Doll"},{"floor":46,"key":"Orichalcum"},{"floor":48,"key":"Gremlin Horn"},{"floor":48,"key":"Prayer Wheel"}],"event_choices":[{"damage_healed":0,"gold_gain":0,"player_choice":"Success","damage_taken":3,"relics_obtained":["Gambling Chip"],"max_hp_gain":0,"max_hp_loss":0,"event_name":"Scrap Ooze","floor":8,"gold_loss":0}],"is_beta":false,"boss_relics":[{"not_picked":["Snecko Eye","Fusion Hammer"],"picked":"Astrolabe"},{"not_picked":["Coffee Dripper","Cursed Key"],"picked":"Busted Crown"}],"items_purged_floors":[],"is_endless":false,"potions_floor_spawned":[2,5,12,15,19,20,28,30,32,33,38,46,49],"ascension_level":0}}