{"host":"8kweeulvvasqx820","time":1609785289,"event":{"mods":["Aspiration","BaseMod","Better Altar","Better Match","Better Note","Better Sensory Stone","Better Skull","Better Third Choice","BetterRewards","Colored Map","Conspire","Displayed Cursed Tome","Downfall","Hubris","Infinite Spire","Jorbs\u0027s Wanderer Trilogy","Minty Spire (QoL Compilation)","Relic Stats","Replay The Spire","Spicy Shops","StSLib","SuperFastMode","Swap Starting Deck Mod","The Construct","The Marked","The Servant 0.9.4","everything is the same but u backflip on backflip","slay the spire mod where everything is the same but ironclad has a cowboy hat"],"gold_per_floor":[113,63,63,63,63,63,83,117,131,131,182,211,211,275,275,318,318,439,439,465,521,521,16,62,102,147,173,173],"floor_reached":27,"playtime":2156,"items_purged":[],"score":266,"play_id":"cef32316-f98b-4140-b573-d464d0f914e3","local_time":"20210104133449","is_ascension_mode":false,"campfire_choices":[{"data":"Solidify","floor":10,"key":"SMITH"},{"data":"Starlight","floor":13,"key":"SMITH"},{"data":"Shuttle","floor":15,"key":"SMITH"},{"floor":17,"key":"REST"}],"circlet_count":0,"master_deck":["Strike_S","Strike_S","Strike_S","Defend_S","Defend_S","Defend_S","Defend_S","KidneyShot","Exchange","Starlight+1","ReplayTheSpireMod:Black Plague+1","Ricochet","Rewind","Solidify+1","SpecialFormula","Shuttle+1","Comet","ForgedInTime","Spin+1","Hightail+1","BestPractice","KillingDoll","Hightail","Defy","TimeWarp"],"relics":["Uniform","NeowsBlessing","aspiration:TrustyKnives","Replay:Bandana","hubris:TinFlute","Toy Ornithopter","hubris:BlackHole","Lee\u0027s Waffle","conspire:TreasureMap","conspire:InfiniteJournal"],"acts_visited":["Exordium","TheCity"],"potions_floor_usage":[16,18,20,25],"damage_taken":[{"damage":2,"enemies":"conspire:RoseBush","floor":1,"turns":1},{"damage":0,"enemies":"Jaw Worm","floor":7,"turns":1},{"damage":0,"enemies":"3 Sentries","floor":8,"turns":1},{"damage":3,"enemies":"Small Slimes","floor":9,"turns":4},{"damage":2,"enemies":"conspire:2 RoseBushes","floor":12,"turns":2},{"damage":16,"enemies":"Replay:BlueRogue","floor":16,"turns":4},{"damage":16,"enemies":"Slime Boss","floor":18,"turns":15},{"damage":0,"enemies":"Chosen","floor":20,"turns":2},{"damage":0,"enemies":"3 Byrds","floor":21,"turns":2},{"damage":0,"enemies":"Sentry and Sphere","floor":24,"turns":6},{"damage":56,"enemies":"Book of Stabbing","floor":25,"turns":10},{"damage":4,"enemies":"Cultist and Chosen","floor":26,"turns":11},{"damage":17,"enemies":"Shelled Parasite and Fungi","floor":27,"turns":2}],"seed_played":"5600186274211877049","potions_obtained":[{"floor":7,"key":"Languid Potion"},{"floor":9,"key":"Swift Potion"},{"floor":12,"key":"SteroidPotion"},{"floor":21,"key":"ColorlessPotion"},{"floor":25,"key":"BlessingOfTheForge"}],"is_trial":false,"path_per_floor":["M","?","$","?","PTL","PTL","M","E","M","R","T","M","R","?","R","E","R","B",null,"M","M","?","$","M","E","M","M"],"character_chosen":"THE_SERVANT","items_purchased":["BestPractice","KillingDoll","Lee\u0027s Waffle","conspire:TreasureMap"],"campfire_rested":1,"item_purchase_floors":[23,23,23,23],"current_hp_per_floor":[63,63,63,63,63,63,63,63,60,60,60,58,58,32,32,16,35,29,65,65,65,65,72,72,16,17,0,0],"gold":173,"neow_bonus":"THREE_ENEMY_KILL","is_daily":false,"chose_seed":false,"campfire_upgraded":3,"win_rate":0.0,"timestamp":1609785289,"path_taken":["M","?","$","?","PTL","PTL","M","E","M","R","T","M","R","?","R","E","R","BOSS","M","?","?","$","M","E","M","M"],"items_purchased_type":["Card","Card","Relic","Relic"],"build_version":"2020-12-22","purchased_purges":0,"victory":false,"max_hp_per_floor":[65,65,65,65,65,65,65,65,65,65,65,65,65,65,65,65,65,65,65,65,65,65,72,72,72,72,72,72],"relic_stats":{"Lee\u0027s Waffle":7,"counters":[13,61],"obtain_stats":[{"hubris:BlackHole":19,"Replay:Bandana":11,"Lee\u0027s Waffle":23,"conspire:TreasureMap":23,"NeowsBlessing":0,"aspiration:TrustyKnives":8,"Uniform":0,"hubris:TinFlute":14,"Toy Ornithopter":16,"conspire:InfiniteJournal":25},{"hubris:BlackHole":7,"Replay:Bandana":4,"Lee\u0027s Waffle":9,"conspire:TreasureMap":9,"NeowsBlessing":0,"aspiration:TrustyKnives":3,"Uniform":0,"hubris:TinFlute":5,"Toy Ornithopter":6,"conspire:InfiniteJournal":11},{"hubris:BlackHole":28,"Replay:Bandana":7,"Lee\u0027s Waffle":32,"conspire:TreasureMap":32,"NeowsBlessing":0,"aspiration:TrustyKnives":3,"Uniform":0,"hubris:TinFlute":9,"Toy Ornithopter":13,"conspire:InfiniteJournal":48}],"Toy Ornithopter":5},"card_choices":[{"not_picked":["ShatteredReality","Replace"],"picked":"Starlight","floor":1},{"not_picked":["Read","InstantArmor"],"picked":"Ricochet","floor":7},{"not_picked":["Gouge","Unruled"],"picked":"Rewind","floor":8},{"not_picked":["Shuttle","FastForward"],"picked":"Solidify","floor":9},{"not_picked":["Unruled","Ricochet"],"picked":"SpecialFormula","floor":12},{"not_picked":["Potential","Rewind"],"picked":"Shuttle","floor":14},{"not_picked":["FastForward","Potential"],"picked":"Comet","floor":14},{"not_picked":["Ricochet","PendulumOfEternity","Replace"],"picked":"SKIP","floor":16},{"not_picked":["Duplication","FloweringNight"],"picked":"ForgedInTime","floor":18},{"not_picked":["Collapse","Rearm+1"],"picked":"Spin","floor":20},{"not_picked":["Revamp","Replace"],"picked":"Hightail+1","floor":21},{"not_picked":["Starlight","Spin+1"],"picked":"Hightail","floor":24},{"not_picked":["Contraction+1","FastForward"],"picked":"Defy","floor":25},{"not_picked":["Deny","Revamp"],"picked":"TimeWarp","floor":26}],"player_experience":59991,"relics_obtained":[{"floor":8,"key":"aspiration:TrustyKnives"},{"floor":11,"key":"Replay:Bandana"},{"floor":14,"key":"hubris:TinFlute"},{"floor":16,"key":"Toy Ornithopter"},{"floor":25,"key":"conspire:InfiniteJournal"}],"event_choices":[{"cards_removed":["Strike_S"],"damage_healed":0,"gold_gain":0,"player_choice":"Card Removal","damage_taken":0,"max_hp_gain":0,"max_hp_loss":0,"event_name":"The Cleric","floor":2,"gold_loss":50},{"damage_healed":0,"gold_gain":1,"player_choice":"4","damage_taken":0,"max_hp_gain":0,"max_hp_loss":0,"event_name":"betterStone:BetterStone","floor":4,"gold_loss":0,"cards_obtained":["ReplayTheSpireMod:Black Plague"]},{"damage_healed":0,"gold_gain":0,"player_choice":"Forge","damage_taken":0,"max_hp_gain":0,"max_hp_loss":0,"event_name":"Accursed Blacksmith","floor":22,"gold_loss":0,"cards_upgraded":["Spin"]}],"is_beta":false,"boss_relics":[{"not_picked":["Ectoplasm","Empty Cage"],"picked":"hubris:BlackHole"}],"items_purged_floors":[],"is_endless":false,"potions_floor_spawned":[7,9,12,21,25],"killed_by":"Shelled Parasite and Fungi","ascension_level":0}}