{"host":"4q6g5wn1adpnm0z5","time":1609788883,"event":{"mods":["2.2 Compatiblity","Aspiration","Astrologer","BaseMod","Hermit","Hubris","Minty Spire (QoL Compilation)","Replay The Spire","StSLib","The Cursed","The Hierophant","The Jungle"],"gold_per_floor":[114,131,131,329,329,329,364,207,289,321,336,336,83,96,96,170,170,183,202,202,222,242,267,267,267,267,300,313,60,85,100,100,176,176,190,205,205,216,235,267,284,316,316,332,410,426,55,66,66,66],"floor_reached":51,"playtime":2303,"items_purged":[],"score":2063,"play_id":"bef8cc92-3f27-45f6-bdf4-59a0bdbe3961","local_time":"20210104203443","daily_mods":["SealedDeck","Time Dilation","Terminal"],"is_ascension_mode":true,"campfire_choices":[{"data":"Sucker Punch","floor":6.0,"key":"SMITH"},{"data":"Footwork","floor":12.0,"key":"SMITH"},{"data":"Cloak And Dagger","floor":15.0,"key":"SMITH"},{"data":"Beam Cell","floor":25.0,"key":"SMITH"},{"data":"Noxious Fumes","floor":32.0,"key":"SMITH"},{"data":"Catalyst","floor":49,"key":"SMITH"}],"circlet_count":0,"master_deck":["AscendersBane","Backflip","Sucker Punch+1","Underhanded Strike","Dagger Throw","PiercingWail","Deflect","Cloak And Dagger+1","Footwork+1","Deadly Poison","Noxious Fumes+1","Bane","Backstab","Beam Cell+1","BootSequence+1","Bouncing Flask+1","Escape Plan+1","Catalyst+1","FTL"],"relics":["Ring of the Snake","hubris:Towel","hubris:Icosahedron","MealTicket","PreservedInsect","Replay:Ringing Soul","Gremlin Horn","aspiration:FetidBarrel","aspiration:DefectSkillbook","MutagenicStrength","hubris:CrystalStatue","Paper Crane","Thread and Needle","Pantograph","ReplayFunnel","Centennial Puzzle","Pear","ReplayTheSpireMod:Ninjato","Quantum Egg","aspiration:HiddenCompartment","Orrery"],"acts_visited":["Exordium","TheCity","TheBeyond"],"potions_floor_usage":[],"damage_taken":[{"damage":0.0,"enemies":"Cultist","floor":1.0,"turns":3.0},{"damage":0.0,"enemies":"2 Louse","floor":2.0,"turns":2.0},{"damage":2.0,"enemies":"Lagavulin","floor":7.0,"turns":7.0},{"damage":0.0,"enemies":"3 Sentries","floor":10.0,"turns":4.0},{"damage":0.0,"enemies":"Jaw Worm","floor":11.0,"turns":3.0},{"damage":0.0,"enemies":"3 Louse","floor":14.0,"turns":3.0},{"damage":0.0,"enemies":"Hexaghost","floor":16.0,"turns":6.0},{"damage":0.0,"enemies":"3 Byrds","floor":18.0,"turns":3.0},{"damage":0.0,"enemies":"2 Thieves","floor":19.0,"turns":3.0},{"damage":0.0,"enemies":"Snake Plant","floor":21.0,"turns":3.0},{"damage":3.0,"enemies":"Centurion and Healer","floor":22.0,"turns":3.0},{"damage":0.0,"enemies":"Gremlin Leader","floor":23.0,"turns":2.0},{"damage":0.0,"enemies":"Slavers","floor":27.0,"turns":2.0},{"damage":0.0,"enemies":"Sentry and Sphere","floor":28.0,"turns":2.0},{"damage":0.0,"enemies":"Gremlin Leader","floor":30.0,"turns":1.0},{"damage":0.0,"enemies":"Snake Plant","floor":31.0,"turns":2.0},{"damage":0.0,"enemies":"Automaton","floor":33.0,"turns":6.0},{"damage":0,"enemies":"3 Darklings","floor":35,"turns":2},{"damage":0,"enemies":"3 Shapes","floor":36,"turns":1},{"damage":0,"enemies":"3 Darklings","floor":38,"turns":3},{"damage":0,"enemies":"4 Shapes","floor":39,"turns":3},{"damage":0,"enemies":"Nemesis","floor":40,"turns":3},{"damage":0,"enemies":"Sphere and 2 Shapes","floor":41,"turns":4},{"damage":0,"enemies":"R_Hoarder","floor":42,"turns":4},{"damage":0,"enemies":"Spire Growth","floor":44,"turns":2},{"damage":0,"enemies":"Writhing Mass","floor":46,"turns":2},{"damage":0,"enemies":"Sphere and 2 Shapes","floor":48,"turns":2},{"damage":0,"enemies":"Donu and Deca","floor":50,"turns":5}],"seed_played":"4789065564988606522","potions_obtained":[{"floor":1.0,"key":"PowerPotion"},{"floor":2.0,"key":"SteroidPotion"},{"floor":16.0,"key":"EntropicBrew"},{"floor":33.0,"key":"Explosive Potion"},{"floor":36,"key":"SkillPotion"},{"floor":42,"key":"Block Potion"}],"is_trial":true,"path_per_floor":["M","M","?","?","?","R","E","$","T","E","M","R","$","M","R","B",null,"M","M","?","M","M","E","?","R","T","E","M","$","E","M","R","B",null,"M","M","?","M","M","E","M","E","T","M","T","M","$","M","R","B",null],"character_chosen":"THE_SILENT","items_purchased":["PreservedInsect","aspiration:FetidBarrel","Pantograph","FTL","aspiration:HiddenCompartment","Orrery"],"campfire_rested":0,"item_purchase_floors":[8,13,29,47,47,47],"current_hp_per_floor":[59,59,59,44,44,44,42,57,56,55,54,53,52,54,53,52,51,50,49,48,50,47,47,47,46,45,44,43,42,41,40,39,38,37,36,38,37,39,38,37,36,48,47,46,45,47,49,48,47,46],"gold":66,"neow_bonus":"","is_daily":false,"chose_seed":false,"campfire_upgraded":6,"win_rate":0.0,"timestamp":1609788883,"path_taken":["M","M","?","?","?","R","E","$","T","E","M","R","$","M","R","BOSS","M","M","?","M","M","E","?","R","T","E","M","$","E","M","R","BOSS","M","M","?","?","M","E","M","E","T","M","?","M","$","M","R","BOSS"],"items_purchased_type":["Relic","Relic","Relic","Card","Relic","Relic"],"build_version":"2020-12-22","purchased_purges":0,"victory":true,"max_hp_per_floor":[64,63,62,61,60,59,58,57,56,55,54,53,52,54,53,52,51,50,49,48,50,49,48,47,46,45,44,43,42,41,40,39,38,37,36,38,37,39,38,37,36,48,47,46,45,47,49,48,47,46],"card_choices":[{"not_picked":["ReplayTheSpireMod:The Works","Sneak Up"],"picked":"Bane","floor":1.0},{"not_picked":["hubris:TrickCloak","Dagger Throw","Deadly Poison"],"picked":"SKIP","floor":2.0},{"not_picked":["Hidden Blade","Eviscerate","ReplayTheSpireMod:Necrosis"],"picked":"SKIP","floor":7.0},{"not_picked":["Flying Knee","Slice","ReplayTheSpireMod:Exploit Weakness"],"picked":"SKIP","floor":10.0},{"not_picked":["Underhanded Strike","Deadly Poison","Backflip"],"picked":"SKIP","floor":11.0},{"not_picked":["Sucker Punch","Dodge and Roll"],"picked":"Backstab","floor":14.0},{"not_picked":["Backflip","ReplayTheSpireMod:Repulse","Barrage","Sweeping Beam"],"picked":"SKIP","floor":18.0},{"not_picked":["Coolheaded","Core Surge","Acrobatics","Go for the Eyes"],"picked":"SKIP","floor":19.0},{"not_picked":["Adrenaline","Streamline","Sunder+1"],"picked":"Beam Cell","floor":21.0},{"not_picked":["Acrobatics","Poisoned Stab","Footwork","Sweeping Beam+1"],"picked":"SKIP","floor":22.0},{"not_picked":["Turbo","Streamline","Hello World","All Out Attack"],"picked":"SKIP","floor":23.0},{"not_picked":["Aggregate","Coolheaded","Stack","Biased Cognition"],"picked":"SKIP","floor":27.0},{"not_picked":["Adrenaline","Heel Hook","Prepared","Fluid Movement"],"picked":"SKIP","floor":28.0},{"not_picked":["Prepared+1","FIFO Queue","Hologram","Slice"],"picked":"SKIP","floor":30.0},{"not_picked":["Defragment","Capacitor","Flying Knee+1","ReplayTheSpireMod:Speed Training"],"picked":"SKIP","floor":31.0},{"not_picked":["Outmaneuver","ReplayTheSpireMod:System Scan","Dodge and Roll","Streamline"],"picked":"SKIP","floor":35},{"not_picked":["Terror","Endless Agony+1","Conserve Battery+1"],"picked":"BootSequence+1","floor":36},{"not_picked":["Riddle With Holes","Coolheaded","ReplayTheSpireMod:Tripwire"],"picked":"Bouncing Flask+1","floor":38},{"not_picked":["hubris:TrickCloak","Ball Lightning","Conserve Battery","Darkness+1"],"picked":"SKIP","floor":39},{"not_picked":["Conserve Battery","Rebound+1","Cold Snap","Bullet Time"],"picked":"SKIP","floor":40},{"not_picked":["BasicCrystalCard","Quick Slash+1","Underhanded Strike","Dagger Spray"],"picked":"SKIP","floor":41},{"not_picked":["Turbo","ReplaySort","Flying Knee"],"picked":"Escape Plan+1","floor":42},{"not_picked":["hubris:Ukulele","Auto Shields","Panic Button","Darkness"],"picked":"SKIP","floor":44},{"not_picked":["Dagger Throw","Sneak Up","Ball Lightning"],"picked":"Catalyst","floor":46},{"not_picked":["Sucker Punch","Ball Lightning","Endless Agony","Dagger Throw+1"],"picked":"SKIP","floor":48}],"player_experience":2369944,"relics_obtained":[{"floor":7.0,"key":"MealTicket"},{"floor":9.0,"key":"Replay:Ringing Soul"},{"floor":10.0,"key":"Gremlin Horn"},{"floor":23.0,"key":"hubris:CrystalStatue"},{"floor":26.0,"key":"Paper Crane"},{"floor":27.0,"key":"Thread and Needle"},{"floor":30.0,"key":"ReplayFunnel"},{"floor":40,"key":"Centennial Puzzle"},{"floor":42,"key":"Pear"},{"floor":43,"key":"ReplayTheSpireMod:Ninjato"},{"floor":45,"key":"Quantum Egg"}],"event_choices":[{"damage_healed":0.0,"max_hp_gain":0.0,"max_hp_loss":0.0,"gold_gain":0.0,"event_name":"Drug Dealer","player_choice":"Inject Mutagens","floor":20.0,"gold_loss":0.0,"damage_taken":0.0,"relics_obtained":["MutagenicStrength"]},{"damage_healed":0,"gold_gain":0,"player_choice":"Ignored","damage_taken":0,"max_hp_gain":0,"max_hp_loss":0,"event_name":"SecretPortal","floor":37,"gold_loss":0}],"is_beta":false,"boss_relics":[{"not_picked":["Coffee Dripper","hubris:Stopwatch"],"picked":"aspiration:DefectSkillbook"},{"not_picked":["aspiration:FutureDiary","hubris:TerracottaHorce","Painkiller Herb"]}],"items_purged_floors":[],"is_endless":false,"potions_floor_spawned":[1,2,16,18,19,23,31,33,35,36,41,42,44],"ascension_level":14}}