{"host":"yecadp3kwkksam5a","time":1609763086,"event":{"mods":["BaseMod","Minty Spire (QoL Compilation)","Replay The Spire","StSLib","The Jungle"],"gold_per_floor":[117,130,141,141,184,184,184],"floor_reached":6,"playtime":480,"items_purged":[],"score":197,"play_id":"a6075bc2-672a-4f68-9452-20103610859e","local_time":"20210104212446","daily_mods":["Draft","Heirloom","Flight","DeadlyEvents","Elite Swarm"],"is_ascension_mode":true,"campfire_choices":[],"circlet_count":0,"master_deck":["AscendersBane","Evaluate","Crescendo","ThirdEye","FollowUp+1","FearNoEvil","WreathOfFlame","CutThroughFate","ThirdEye","EmptyFist","Study","CutThroughFate","InnerPeace","MentalFortress","Halt","CutThroughFate","Weave","Weave","CutThroughFate","MentalFortress","WheelKick"],"relics":["PureWater","Replay:Kaleidoscope","Replay:Rubber Ducky"],"acts_visited":["Exordium"],"potions_floor_usage":[],"damage_taken":[{"damage":0,"enemies":"Jaw Worm","floor":1,"turns":1},{"damage":8,"enemies":"Small Slimes","floor":2,"turns":3},{"damage":0,"enemies":"Cultist","floor":3,"turns":2},{"damage":0,"enemies":"Lagavulin","floor":6,"turns":3}],"seed_played":"4619436885736184235","potions_obtained":[{"floor":1,"key":"Flashbang"},{"floor":5,"key":"FearPotion"}],"is_trial":true,"path_per_floor":["M","M","M","?","?","E"],"character_chosen":"WATCHER","items_purchased":[],"campfire_rested":0,"item_purchase_floors":[],"current_hp_per_floor":[61,53,53,53,26,26,26],"gold":184,"neow_bonus":"","is_daily":false,"chose_seed":false,"campfire_upgraded":0,"win_rate":0.0,"timestamp":1609763086,"path_taken":["M","M","M","?","?","E"],"items_purchased_type":[],"build_version":"2020-12-22","purchased_purges":0,"victory":false,"max_hp_per_floor":[68,68,68,68,68,68,68],"card_choices":[{"not_picked":["Fasting2","WaveOfTheHand"],"picked":"Evaluate","floor":0},{"not_picked":["FlyingSleeves","Wallop"],"picked":"Crescendo","floor":0},{"not_picked":["Replay:ManipulateFuture","FlyingSleeves"],"picked":"ThirdEye","floor":0},{"not_picked":["EmptyFist","Fasting2"],"picked":"FollowUp","floor":0},{"not_picked":["Prostrate","Replay:DivineShield"],"picked":"FearNoEvil","floor":0},{"not_picked":["JustLucky","Indignation"],"picked":"WreathOfFlame","floor":0},{"not_picked":["Replay:AtTheReady","PathToVictory"],"picked":"CutThroughFate","floor":0},{"not_picked":["WaveOfTheHand","SashWhip"],"picked":"ThirdEye","floor":0},{"not_picked":["Sanctity","Replay:BluntJabs"],"picked":"EmptyFist","floor":0},{"not_picked":["Replay:Hum","EmptyBody"],"picked":"Study","floor":0},{"not_picked":["Consecrate","ThirdEye"],"picked":"CutThroughFate","floor":0},{"not_picked":["PathToVictory","BowlingBash"],"picked":"InnerPeace","floor":0},{"not_picked":["Wallop","ClearTheMind"],"picked":"MentalFortress","floor":0},{"not_picked":["PathToVictory","ClearTheMind"],"picked":"Halt","floor":0},{"not_picked":["WreathOfFlame","SignatureMove"],"picked":"CutThroughFate","floor":0},{"not_picked":["BowlingBash","PathToVictory"],"picked":"Weave","floor":1},{"not_picked":["Replay:ManipulateFuture","BowlingBash"],"picked":"Weave","floor":2},{"not_picked":["Crescendo","FlurryOfBlows"],"picked":"CutThroughFate","floor":3},{"not_picked":["FlurryOfBlows","SashWhip"],"picked":"MentalFortress","floor":5},{"not_picked":["Consecrate","Swivel"],"picked":"WheelKick","floor":5}],"player_experience":361181,"relics_obtained":[{"floor":5,"key":"Replay:Rubber Ducky"}],"event_choices":[],"is_beta":false,"boss_relics":[],"items_purged_floors":[],"is_endless":true,"potions_floor_spawned":[1],"killed_by":"Lagavulin","ascension_level":20}}