{"host":"x7n7968bn9ekn290","time":1609738452,"event":{"mods":["AchievementEnabler","BaseMod","Minty Spire (QoL Compilation)","Relic Stats"],"gold_per_floor":[117,137,154,166,14,14,44,44,89,117,141,179,211,243,255,362,374,403,431,31,50,50,63,81,81,81,81,81,81,94,112,112,112,112],"floor_reached":33,"playtime":1271,"items_purged":[],"score":315,"play_id":"96d8cb90-3023-4e47-94cb-48890220140e","local_time":"20210103213412","is_ascension_mode":false,"campfire_choices":[{"data":"Shrug It Off","floor":6,"key":"SMITH"},{"floor":8,"key":"REST"},{"floor":15,"key":"REST"},{"floor":25,"key":"REST"},{"floor":29,"key":"REST"},{"floor":32,"key":"REST"}],"circlet_count":0,"master_deck":["Strike_R","Strike_R","Strike_R","Strike_R","Strike_R","Defend_R","Defend_R","Defend_R","Defend_R","Bash","Uppercut","Twin Strike","Shrug It Off+1","Rampage","Twin Strike","Bludgeon","Armaments","Anger+1","Dual Wield","Feed","Feed","Anger","Anger","Seeing Red","Infernal Blade+1","Bludgeon","Injury","Pain","Anger","Perfected Strike+1"],"relics":["Burning Blood","NeowsBlessing","Bag of Preparation","Mercury Hourglass","MawBank","Oddly Smooth Stone","Cursed Key","Pantograph","Happy Flower","Letter Opener","Lantern"],"acts_visited":["Exordium","TheCity"],"potions_floor_usage":[4,7,10,16,24,33,33],"damage_taken":[{"damage":0,"enemies":"Cultist","floor":1,"turns":1},{"damage":0,"enemies":"2 Louse","floor":2,"turns":1},{"damage":0,"enemies":"Jaw Worm","floor":3,"turns":1},{"damage":2,"enemies":"3 Louse","floor":4,"turns":4},{"damage":48,"enemies":"Gremlin Nob","floor":7,"turns":6},{"damage":13,"enemies":"Gremlin Gang","floor":10,"turns":5},{"damage":2,"enemies":"Exordium Wildlife","floor":11,"turns":3},{"damage":18,"enemies":"Lagavulin","floor":12,"turns":6},{"damage":10,"enemies":"Looter","floor":13,"turns":2},{"damage":7,"enemies":"Large Slime","floor":14,"turns":4},{"damage":11,"enemies":"Slime Boss","floor":16,"turns":8},{"damage":0,"enemies":"Chosen","floor":18,"turns":4},{"damage":24,"enemies":"3 Byrds","floor":19,"turns":6},{"damage":35,"enemies":"Shelled Parasite and Fungi","floor":21,"turns":5},{"damage":17,"enemies":"Snake Plant","floor":23,"turns":3},{"damage":23,"enemies":"Cultist and Chosen","floor":24,"turns":5},{"damage":10,"enemies":"Chosen and Byrds","floor":30,"turns":4},{"damage":36,"enemies":"Sentry and Sphere","floor":31,"turns":6},{"damage":111,"enemies":"Champ","floor":33,"turns":13}],"seed_played":"1999572044127238013","potions_obtained":[{"floor":1,"key":"Energy Potion"},{"floor":3,"key":"SpeedPotion"},{"floor":4,"key":"Weak Potion"},{"floor":12,"key":"BlessingOfTheForge"},{"floor":13,"key":"FearPotion"},{"floor":14,"key":"Ancient Potion"},{"floor":16,"key":"SkillPotion"},{"floor":23,"key":"Explosive Potion"},{"floor":30,"key":"Regen Potion"}],"is_trial":false,"path_per_floor":["M","M","M","M","$","R","E","R","T","M","M","E","M","M","R","B",null,"M","M","$","M","?","M","M","R","T","T","?","R","M","M","R","B"],"character_chosen":"IRONCLAD","items_purchased":["Bag of Preparation","Pantograph","Happy Flower"],"campfire_rested":5,"item_purchase_floors":[5,20,20],"current_hp_per_floor":[80,80,80,80,80,80,38,62,62,55,59,47,43,42,66,64,83,86,71,71,42,42,34,17,44,44,44,44,71,70,40,68,0,0],"gold":112,"neow_bonus":"THREE_ENEMY_KILL","is_daily":false,"chose_seed":false,"campfire_upgraded":1,"win_rate":0.0,"timestamp":1609738452,"path_taken":["M","M","M","M","$","R","E","R","T","M","M","E","?","M","R","BOSS","M","M","$","M","?","?","M","R","T","?","?","R","M","M","R","BOSS"],"items_purchased_type":["Relic","Relic","Relic"],"build_version":"2020-12-22","purchased_purges":0,"victory":false,"max_hp_per_floor":[80,80,80,80,80,80,80,80,80,80,80,80,80,80,80,83,83,86,89,89,89,89,92,92,92,92,92,92,92,95,95,95,95,95],"relic_stats":{"Happy Flower":[12],"counters":[19,87],"Pantograph":25,"Bag of Preparation":[30],"Letter Opener":[15],"MawBank":132,"Cursed Key":2,"obtain_stats":[{"Lantern":27,"NeowsBlessing":0,"Happy Flower":20,"Pantograph":20,"Oddly Smooth Stone":12,"Bag of Preparation":5,"Letter Opener":26,"MawBank":9,"Cursed Key":17,"Burning Blood":0,"Mercury Hourglass":7},{"Lantern":16,"NeowsBlessing":0,"Happy Flower":13,"Pantograph":13,"Oddly Smooth Stone":8,"Bag of Preparation":4,"Letter Opener":16,"MawBank":5,"Cursed Key":11,"Burning Blood":0,"Mercury Hourglass":5},{"Lantern":64,"NeowsBlessing":0,"Happy Flower":51,"Pantograph":51,"Oddly Smooth Stone":27,"Bag of Preparation":7,"Letter Opener":64,"MawBank":13,"Cursed Key":41,"Burning Blood":0,"Mercury Hourglass":13}],"Burning Blood":80,"Mercury Hourglass":[240]},"card_choices":[{"not_picked":["Body Slam","Clash"],"picked":"Uppercut","floor":1},{"not_picked":["Power Through","Warcry"],"picked":"Twin Strike","floor":2},{"not_picked":["Armaments","Dropkick"],"picked":"Shrug It Off","floor":3},{"not_picked":["True Grit","Headbutt"],"picked":"Rampage","floor":4},{"not_picked":["Flex","Blood for Blood"],"picked":"Twin Strike","floor":7},{"not_picked":["Shockwave","Sword Boomerang"],"picked":"Bludgeon","floor":10},{"not_picked":["Dropkick","True Grit"],"picked":"Armaments","floor":11},{"not_picked":["Cleave","Twin Strike"],"picked":"Anger","floor":12},{"not_picked":["Warcry","Blood for Blood"],"picked":"Dual Wield","floor":13},{"not_picked":["Cleave","Sever Soul"],"picked":"Feed","floor":14},{"not_picked":["Reaper","Bludgeon"],"picked":"Feed","floor":16},{"not_picked":["Rage+1","Clothesline"],"picked":"Anger","floor":18},{"not_picked":["Iron Wave","Inflame"],"picked":"Anger","floor":19},{"not_picked":["Armaments","Iron Wave"],"picked":"Seeing Red","floor":21},{"not_picked":["Cleave","Second Wind"],"picked":"Infernal Blade+1","floor":23},{"not_picked":["Warcry","Dropkick"],"picked":"Bludgeon","floor":24},{"not_picked":["Shrug It Off","Body Slam"],"picked":"Anger","floor":30},{"not_picked":["Battle Trance","Dark Embrace"],"picked":"Perfected Strike+1","floor":31}],"player_experience":1593,"relics_obtained":[{"floor":7,"key":"Mercury Hourglass"},{"floor":9,"key":"MawBank"},{"floor":12,"key":"Oddly Smooth Stone"},{"floor":26,"key":"Letter Opener"},{"floor":27,"key":"Lantern"}],"event_choices":[{"damage_healed":0,"gold_gain":0,"player_choice":"Upgraded","damage_taken":0,"max_hp_gain":0,"max_hp_loss":0,"event_name":"Upgrade Shrine","floor":22,"gold_loss":0,"cards_upgraded":["Anger"]},{"damage_healed":0,"gold_gain":0,"player_choice":"Ignored","damage_taken":0,"max_hp_gain":0,"max_hp_loss":0,"event_name":"Vampires","floor":28,"gold_loss":0}],"is_beta":false,"boss_relics":[{"not_picked":["Coffee Dripper","Mark of Pain"],"picked":"Cursed Key"}],"items_purged_floors":[],"is_endless":false,"potions_floor_spawned":[1,3,4,12,13,14,16,23,30],"killed_by":"Champ","ascension_level":0}}