{"host":"p7j7o00jacnw7qzt","time":1609735393,"event":{"mods":["BaseMod","Colored Map","Colored Powertips","DeckTracker","Highlight Path","Minty Spire (QoL Compilation)","Relic Stats"],"gold_per_floor":[119,394,404,285,285,285,285,285,366,398,298,308,328,359,359,435,435,455,455,330,343,343,372,372,401,401,361,388,388,408,428,428,505,505,524,524,393,407,407,437,450,483,564,277,277,308,308,308,308,308,308,308,308,47,77,77],"floor_reached":57,"playtime":3090,"items_purged":["Strike_R","Strike_R","Bash"],"score":3179,"play_id":"5db328a4-7d1f-4998-b450-1547dea94dff","local_time":"20210103234313","is_ascension_mode":true,"campfire_choices":[{"data":"Body Slam","floor":6.0,"key":"SMITH"},{"floor":8.0,"key":"RECALL"},{"data":"Power Through","floor":15.0,"key":"SMITH"},{"data":"Burning Pact","floor":29.0,"key":"SMITH"},{"data":"Seeing Red","floor":32.0,"key":"SMITH"},{"data":"Feel No Pain","floor":45.0,"key":"SMITH"},{"data":"Pommel Strike","floor":47.0,"key":"SMITH"},{"data":"Shrug It Off","floor":49.0,"key":"SMITH"},{"data":"Dark Embrace","floor":53.0,"key":"SMITH"}],"circlet_count":0,"master_deck":["AscendersBane","Power Through+1","Body Slam+1","Second Wind+1","Shrug It Off+1","Shockwave","Combust","Seeing Red+1","Burning Pact+1","Entrench+1","Inflame","Combust","Metallicize","Feel No Pain+1","Dark Embrace+1","Pommel Strike+1","Madness","Feel No Pain","Evolve"],"relics":["Burning Blood","NeowsBlessing","Mummified Hand","Ancient Tea Set","Sundial","Pandora\u0027s Box","Akabeko","Singing Bowl","Orichalcum","Bottled Lightning","The Courier","Empty Cage","Anchor","Lantern","Champion Belt","Paper Frog","Membership Card","Art of War","Self Forming Clay","HornCleat","InkBottle"],"acts_visited":["Exordium","TheCity","TheBeyond","TheEnding"],"potions_floor_usage":[56,56],"damage_taken":[{"damage":0.0,"enemies":"2 Louse","floor":1.0,"turns":1.0},{"damage":0.0,"enemies":"Cultist","floor":3.0,"turns":1.0},{"damage":2.0,"enemies":"3 Sentries","floor":10.0,"turns":2.0},{"damage":0.0,"enemies":"Small Slimes","floor":12.0,"turns":4.0},{"damage":16.0,"enemies":"Blue Slaver","floor":13.0,"turns":5.0},{"damage":5.0,"enemies":"Lagavulin","floor":14.0,"turns":7.0},{"damage":22.0,"enemies":"Hexaghost","floor":16.0,"turns":11.0},{"damage":6.0,"enemies":"Shell Parasite","floor":18.0,"turns":5.0},{"damage":0.0,"enemies":"Spheric Guardian","floor":21.0,"turns":3.0},{"damage":17.0,"enemies":"Slavers","floor":23.0,"turns":9.0},{"damage":2.0,"enemies":"Gremlin Leader","floor":25.0,"turns":5.0},{"damage":3.0,"enemies":"Book of Stabbing","floor":28.0,"turns":4.0},{"damage":4.0,"enemies":"Snake Plant","floor":30.0,"turns":2.0},{"damage":0.0,"enemies":"3 Cultists","floor":31.0,"turns":3.0},{"damage":27.0,"enemies":"Collector","floor":33.0,"turns":6.0},{"damage":0.0,"enemies":"Orb Walker","floor":35.0,"turns":2.0},{"damage":0.0,"enemies":"3 Darklings","floor":38.0,"turns":4.0},{"damage":0.0,"enemies":"Nemesis","floor":40.0,"turns":1.0},{"damage":0.0,"enemies":"Transient","floor":41.0,"turns":6.0},{"damage":0.0,"enemies":"Giant Head","floor":42.0,"turns":3.0},{"damage":0.0,"enemies":"Reptomancer","floor":46.0,"turns":2.0},{"damage":29.0,"enemies":"Awakened One","floor":50.0,"turns":4.0},{"damage":3.0,"enemies":"Time Eater","floor":51.0,"turns":5.0},{"damage":6,"enemies":"Shield and Spear","floor":55,"turns":3},{"damage":41,"enemies":"The Heart","floor":56,"turns":7}],"seed_played":"2937269758067362527","potions_obtained":[{"floor":3.0,"key":"PowerPotion"},{"floor":12.0,"key":"Swift Potion"},{"floor":13.0,"key":"PowerPotion"},{"floor":14.0,"key":"AttackPotion"},{"floor":25.0,"key":"DistilledChaos"},{"floor":27.0,"key":"BloodPotion"},{"floor":27.0,"key":"Block Potion"},{"floor":30.0,"key":"PowerPotion"},{"floor":35.0,"key":"Swift Potion"},{"floor":40.0,"key":"Dexterity Potion"}],"is_trial":false,"path_per_floor":["M","?","M","$","?","R","T","R","T","E","$","M","M","E","R","B",null,"M","?","$","M","?","E","T","E","T","?","E","R","M","M","R","B",null,"M","?","$","M","?","E","M","E","T","$","R","E","R","?","R","B","B",null,"R","$","E","B",null],"character_chosen":"IRONCLAD","items_purchased":["Second Wind","Anchor","Membership Card","Inflame","Combust","Metallicize","Feel No Pain","Dark Embrace","Feel No Pain","Evolve","Self Forming Clay","HornCleat"],"campfire_rested":0,"item_purchase_floors":[4,37,44,44,44,44,44,44,54,54,54,54],"current_hp_per_floor":[74,74,75,75,52,52,52,52,52,56,56,62,52,53,53,37,66,66,66,66,72,51,40,40,46,46,62,67,67,71,79,79,60,83,91,91,91,94,94,96,98,100,100,100,100,100,100,94,94,71,74,97,97,97,99,64],"gold":77,"neow_bonus":"THREE_ENEMY_KILL","is_daily":false,"chose_seed":false,"campfire_upgraded":8,"win_rate":0.0,"timestamp":1609735393,"path_taken":["M","?","?","?","?","R","?","R","T","E","$","M","?","E","R","BOSS","M","?","$","?","?","E","?","E","T","?","E","R","M","M","R","BOSS","M","?","$","M","?","E","M","E","T","$","R","E","R","?","R","BOSS","BOSS","R","$","E","BOSS"],"items_purchased_type":["Card","Relic","Relic","Card","Card","Card","Card","Card","Card","Card","Relic","Relic"],"build_version":"2020-12-22","purchased_purges":3,"victory":true,"max_hp_per_floor":[75,75,75,75,75,75,75,75,75,75,75,75,75,75,75,75,75,75,75,75,75,80,80,80,82,82,82,84,84,86,88,88,90,90,92,92,92,94,94,96,98,100,100,100,100,100,100,104,104,104,104,104,104,104,106,106],"relic_stats":{"Singing Bowl":26,"counters":[25,105],"Mummified Hand":[41],"Sundial":[146],"Self Forming Clay":[39],"Pandora\u0027s Box":["Shrug It Off","Shockwave","Combust","Barricade","Seeing Red","Burning Pact","Immolate"],"Art of War":[2],"Champion Belt":[8],"Orichalcum":[12],"obtain_stats":[{"Lantern":40,"NeowsBlessing":0,"Singing Bowl":24,"Self Forming Clay":54,"The Courier":28,"Orichalcum":25,"Ancient Tea Set":10,"Empty Cage":34,"Burning Blood":0,"Akabeko":23,"Anchor":37,"HornCleat":54,"Mummified Hand":9,"Sundial":14,"Pandora\u0027s Box":17,"Art of War":46,"Bottled Lightning":26,"Champion Belt":42,"Membership Card":44,"InkBottle":55,"Paper Frog":43},{"Lantern":18,"NeowsBlessing":0,"Singing Bowl":10,"Self Forming Clay":23,"The Courier":12,"Orichalcum":11,"Ancient Tea Set":3,"Empty Cage":15,"Burning Blood":0,"Akabeko":10,"Anchor":16,"HornCleat":23,"Mummified Hand":2,"Sundial":6,"Pandora\u0027s Box":7,"Art of War":21,"Bottled Lightning":11,"Champion Belt":20,"Membership Card":20,"InkBottle":24,"Paper Frog":20},{"Lantern":75,"NeowsBlessing":0,"Singing Bowl":48,"Self Forming Clay":95,"The Courier":57,"Orichalcum":53,"Ancient Tea Set":4,"Empty Cage":68,"Burning Blood":0,"Akabeko":48,"Anchor":70,"HornCleat":95,"Mummified Hand":2,"Sundial":20,"Pandora\u0027s Box":31,"Art of War":86,"Bottled Lightning":53,"Champion Belt":84,"Membership Card":84,"InkBottle":98,"Paper Frog":84}],"Burning Blood":116,"InkBottle":[2]},"card_choices":[{"not_picked":["Flex","Perfected Strike"],"picked":"Power Through","floor":1.0},{"not_picked":["Heavy Blade","Anger"],"picked":"Body Slam","floor":3.0},{"not_picked":["Iron Wave","Warcry","Clash"],"picked":"SKIP","floor":10.0},{"not_picked":["Headbutt","Dropkick","Ghostly Armor"],"picked":"SKIP","floor":12.0},{"not_picked":["Ghostly Armor","Whirlwind","Body Slam"],"picked":"SKIP","floor":13.0},{"not_picked":["Dual Wield","Seeing Red","Warcry"],"picked":"SKIP","floor":14.0},{"not_picked":["Body Slam","Pommel Strike+1"],"picked":"Entrench+1","floor":18.0},{"not_picked":["Armaments","Iron Wave","Wild Strike"],"picked":"SKIP","floor":21.0},{"not_picked":["Uppercut","Seeing Red","Pummel"],"picked":"SKIP","floor":23.0},{"not_picked":["Anger","Thunderclap","Armaments"],"picked":"Singing Bowl","floor":25.0},{"not_picked":["Dropkick","Rage","Armaments"],"picked":"Singing Bowl","floor":28.0},{"not_picked":["Seeing Red","Bludgeon","Anger"],"picked":"Singing Bowl","floor":30.0},{"not_picked":["Metallicize","Seeing Red+1","Clothesline"],"picked":"Singing Bowl","floor":31.0},{"not_picked":["Demon Form","Corruption","Berserk"],"picked":"Singing Bowl","floor":33.0},{"not_picked":["Cleave","Flex","Thunderclap"],"picked":"Singing Bowl","floor":35.0},{"not_picked":["Anger+1","Pommel Strike+1","Spot Weakness+1"],"picked":"Singing Bowl","floor":38.0},{"not_picked":["Flex","Warcry","Headbutt"],"picked":"Singing Bowl","floor":40.0},{"not_picked":["Impervious","Metallicize","Anger"],"picked":"Singing Bowl","floor":41.0},{"not_picked":["Inflame","Armaments","Bludgeon"],"picked":"Singing Bowl","floor":42.0},{"not_picked":["Power Through","Infernal Blade+1"],"picked":"Pommel Strike","floor":46.0},{"not_picked":["Flash of Steel","Impatience"],"picked":"Madness","floor":48.0},{"not_picked":["Good Instincts","Jack Of All Trades","Secret Weapon"],"picked":"Singing Bowl","floor":48.0},{"not_picked":["Panache","Flash of Steel","PanicButton"],"picked":"Singing Bowl","floor":48.0},{"not_picked":["Perfected Strike+1","Havoc","Metallicize"],"picked":"Singing Bowl","floor":55}],"player_experience":987033,"relics_obtained":[{"floor":9.0,"key":"Mummified Hand"},{"floor":10.0,"key":"Ancient Tea Set"},{"floor":14.0,"key":"Sundial"},{"floor":23.0,"key":"Akabeko"},{"floor":24.0,"key":"Singing Bowl"},{"floor":25.0,"key":"Orichalcum"},{"floor":26.0,"key":"Bottled Lightning"},{"floor":28.0,"key":"The Courier"},{"floor":40.0,"key":"Lantern"},{"floor":42.0,"key":"Champion Belt"},{"floor":43.0,"key":"Paper Frog"},{"floor":46.0,"key":"Art of War"},{"floor":55,"key":"InkBottle"}],"event_choices":[{"damage_healed":0.0,"max_hp_gain":0.0,"max_hp_loss":0.0,"gold_gain":275.0,"event_name":"Golden Shrine","player_choice":"Desecrate","floor":2.0,"gold_loss":0.0,"damage_taken":0.0,"cards_obtained":["Regret"]},{"damage_healed":0.0,"max_hp_gain":0.0,"max_hp_loss":0.0,"gold_gain":0.0,"event_name":"Shining Light","player_choice":"Entered Light","floor":5.0,"gold_loss":0.0,"damage_taken":23.0,"cards_upgraded":["Second Wind","Strike_R"]},{"damage_healed":0.0,"max_hp_gain":0.0,"max_hp_loss":0.0,"gold_gain":0.0,"event_name":"Upgrade Shrine","player_choice":"Upgraded","floor":19.0,"gold_loss":0.0,"damage_taken":0.0,"cards_upgraded":["Barricade"]},{"damage_healed":0.0,"max_hp_gain":5.0,"max_hp_loss":0.0,"gold_gain":0.0,"event_name":"Forgotten Altar","player_choice":"Shed Blood","floor":22.0,"gold_loss":0.0,"damage_taken":26.0},{"damage_healed":0.0,"max_hp_gain":0.0,"max_hp_loss":0.0,"gold_gain":0.0,"event_name":"The Woman in Blue","player_choice":"Bought 3 Potions","floor":27.0,"gold_loss":0.0,"damage_taken":0.0},{"damage_healed":0.0,"max_hp_gain":0.0,"max_hp_loss":0.0,"gold_gain":0.0,"event_name":"Tomb of Lord Red Mask","player_choice":"Ignored","floor":36.0,"gold_loss":0.0,"damage_taken":0.0},{"cards_removed":["Barricade"],"damage_healed":0.0,"max_hp_gain":0.0,"max_hp_loss":0.0,"gold_gain":0.0,"event_name":"Falling","player_choice":"Removed Power","floor":39.0,"gold_loss":0.0,"damage_taken":0.0},{"damage_healed":0.0,"max_hp_gain":0.0,"max_hp_loss":0.0,"gold_gain":0.0,"event_name":"SensoryStone","player_choice":"Memory 3","floor":48.0,"gold_loss":0.0,"damage_taken":10.0}],"is_beta":false,"boss_relics":[{"not_picked":["Calling Bell","Busted Crown"],"picked":"Pandora\u0027s Box"},{"not_picked":["Runic Cube","Snecko Eye"],"picked":"Empty Cage"}],"items_purged_floors":[4,11,20],"is_endless":false,"potions_floor_spawned":[3,12,13,14,25,30,31,33,35,40,42,55],"ascension_level":20}}