{"host":"anox4050deqdcqoh","time":1609736568,"event":{"mods":["BaseMod","Colored Map","Highlight Path","Minty Spire (QoL Compilation)","Quick Restart","Rare Cards Sparkle","everything is the same but u backflip on backflip"],"gold_per_floor":[118,133,56,71,71,71,101,113,113,128,142,142,142,158,158,262,262,275,287,299,299],"floor_reached":20,"playtime":1033,"items_purged":[],"score":189,"play_id":"bf07ef40-ca7e-4998-89fe-4290b10b6316","local_time":"20210104000248","is_ascension_mode":true,"campfire_choices":[{"data":"Infernal Blade","floor":6,"key":"SMITH"},{"data":"Barricade","floor":13,"key":"SMITH"},{"data":"Body Slam","floor":15,"key":"SMITH"}],"circlet_count":0,"master_deck":["Strike_R","Strike_R","Strike_R","Strike_R","Strike_R","Defend_R","Defend_R","Defend_R","Defend_R","Infernal Blade+1","Cleave","Sword Boomerang","Evolve","Seeing Red+1","Barricade+1","Battle Trance","Body Slam+1","Iron Wave","Pain","Battle Trance","Disarm","Shrug It Off"],"relics":["Burning Blood","Smiling Mask","MealTicket","WarpedTongs","Mark of Pain"],"acts_visited":["Exordium","TheCity"],"potions_floor_usage":[14,20],"damage_taken":[{"damage":6,"enemies":"Cultist","floor":1,"turns":3},{"damage":6,"enemies":"Jaw Worm","floor":2,"turns":3},{"damage":0,"enemies":"Small Slimes","floor":4,"turns":3},{"damage":16,"enemies":"3 Sentries","floor":7,"turns":8},{"damage":12,"enemies":"Exordium Thugs","floor":8,"turns":6},{"damage":0,"enemies":"Large Slime","floor":10,"turns":5},{"damage":6,"enemies":"Blue Slaver","floor":11,"turns":4},{"damage":13,"enemies":"3 Louse","floor":14,"turns":2},{"damage":57,"enemies":"Slime Boss","floor":16,"turns":11},{"damage":41,"enemies":"2 Thieves","floor":18,"turns":4},{"damage":20,"enemies":"Spheric Guardian","floor":19,"turns":4},{"damage":24,"enemies":"Cultist and Chosen","floor":20,"turns":8}],"seed_played":"4383199441838934736","potions_obtained":[{"floor":1,"key":"DuplicationPotion"},{"floor":10,"key":"AttackPotion"},{"floor":11,"key":"SpeedPotion"},{"floor":16,"key":"DistilledChaos"}],"is_trial":false,"path_per_floor":["M","M","$","M","?","R","E","M","T","M","M","?","R","M","R","B",null,"M","M","M"],"character_chosen":"IRONCLAD","items_purchased":["Evolve"],"campfire_rested":0,"item_purchase_floors":[3],"current_hp_per_floor":[80,80,80,80,80,80,70,64,64,70,70,70,70,63,63,12,80,45,31,13,13],"gold":299,"neow_bonus":"TRANSFORM_CARD","is_daily":false,"chose_seed":false,"campfire_upgraded":3,"win_rate":0.0,"timestamp":1609736568,"path_taken":["M","M","$","?","?","R","E","M","T","M","M","?","R","M","R","BOSS","M","M","M"],"items_purchased_type":["Card"],"build_version":"2020-12-22","purchased_purges":0,"victory":false,"max_hp_per_floor":[80,80,80,80,80,80,80,80,80,80,80,80,80,80,80,80,80,80,80,80,80],"card_choices":[{"not_picked":["Combust","Twin Strike"],"picked":"Cleave","floor":1},{"not_picked":["Metallicize","Thunderclap"],"picked":"Sword Boomerang","floor":2},{"not_picked":["True Grit","Clothesline"],"picked":"Seeing Red","floor":4},{"not_picked":["Anger","True Grit"],"picked":"Barricade","floor":7},{"not_picked":["Metallicize","Anger"],"picked":"Battle Trance","floor":8},{"not_picked":["Hemokinesis","Anger"],"picked":"Body Slam","floor":10},{"not_picked":["Thunderclap","Clash"],"picked":"Iron Wave","floor":11},{"not_picked":["Sever Soul","Armaments"],"picked":"Battle Trance","floor":14},{"not_picked":["Clothesline","Seeing Red"],"picked":"Disarm","floor":18},{"not_picked":["Iron Wave","Thunderclap"],"picked":"Shrug It Off","floor":19}],"player_experience":263592,"relics_obtained":[{"floor":7,"key":"Smiling Mask"},{"floor":9,"key":"MealTicket"}],"event_choices":[{"damage_healed":0,"gold_gain":0,"player_choice":"Grow","damage_taken":0,"max_hp_gain":0,"max_hp_loss":0,"event_name":"Living Wall","floor":5,"gold_loss":0,"cards_upgraded":["Seeing Red"]},{"damage_healed":0,"gold_gain":0,"player_choice":"Rummage","damage_taken":0,"relics_obtained":["WarpedTongs"],"max_hp_gain":0,"max_hp_loss":0,"event_name":"Accursed Blacksmith","floor":12,"gold_loss":0,"cards_obtained":["Pain"]}],"is_beta":false,"boss_relics":[{"not_picked":["Ectoplasm","Cursed Key"],"picked":"Mark of Pain"}],"items_purged_floors":[],"is_endless":false,"potions_floor_spawned":[1,10,11,16],"killed_by":"Cultist and Chosen","ascension_level":1}}