{"host":"rt0td7aa3g170xdl","time":1609764169,"event":{"mods":["2.2 Compatiblity","AchievementEnabler","BaseMod","Colored Map","DeckTracker","Keyboard Shortcuts","Minty Spire (QoL Compilation)","Permanent Neow","Quick Restart","SuperFastMode","everything is the same but u backflip on backflip"],"gold_per_floor":[115,40,56,69,69,69,85,85,108,140,140,140,171,190,190,293,293,304,52,67,67,67,100,100,115,415,415,35,35,55,68,68,171,171,182,199,119,129,180,215,215,225,249,249,249],"floor_reached":44,"playtime":1498,"items_purged":["Strike_R","Defend_R","Strike_R"],"score":518,"play_id":"34253651-646c-467d-ab49-ee96a81a9ba1","local_time":"20210104214249","is_ascension_mode":false,"campfire_choices":[{"data":"Shrug It Off","floor":6.0,"key":"SMITH"},{"data":"Demon Form","floor":8.0,"key":"SMITH"},{"data":"Pommel Strike","floor":11.0,"key":"SMITH"},{"data":"Spot Weakness","floor":15.0,"key":"SMITH"},{"floor":24,"key":"REST"},{"data":"Seeing Red","floor":29,"key":"SMITH"},{"data":"Heavy Blade","floor":32,"key":"SMITH"},{"floor":41,"key":"REST"}],"circlet_count":0,"master_deck":["Strike_R","Defend_R","Defend_R","Defend_R","Bash+1","Pommel Strike+1","Shrug It Off+1","Demon Form+1","Spot Weakness+1","Headbutt","Heavy Blade+1","Necronomicurse","Seeing Red+1","Flame Barrier+1","Twin Strike","Shrug It Off+1","Offering","Evolve","Bloodletting+1","Rupture","Armaments+1","Parasite"],"relics":["Burning Blood","Nunchaku","Happy Flower","Dream Catcher","Philosopher\u0027s Stone","Oddly Smooth Stone","Necronomicon","Vajra","Old Coin","MawBank","Shuriken","Runic Cube","Magic Flower","Sundial","Art of War"],"acts_visited":["Exordium","TheCity","TheBeyond"],"potions_floor_usage":[18,30,39,39],"damage_taken":[{"damage":14.0,"enemies":"2 Louse","floor":1.0,"turns":3.0},{"damage":5.0,"enemies":"Small Slimes","floor":3.0,"turns":4.0},{"damage":8.0,"enemies":"Jaw Worm","floor":4.0,"turns":3.0},{"damage":8.0,"enemies":"Exordium Wildlife","floor":7.0,"turns":5.0},{"damage":14.0,"enemies":"Lagavulin","floor":10.0,"turns":6.0},{"damage":7.0,"enemies":"Gremlin Nob","floor":13.0,"turns":4.0},{"damage":5.0,"enemies":"Lots of Slimes","floor":14.0,"turns":6.0},{"damage":22.0,"enemies":"Slime Boss","floor":16.0,"turns":6.0},{"damage":23,"enemies":"2 Thieves","floor":18,"turns":4},{"damage":6,"enemies":"Chosen","floor":20,"turns":3},{"damage":32,"enemies":"Gremlin Leader","floor":23,"turns":4},{"damage":3,"enemies":"Shelled Parasite and Fungi","floor":25,"turns":2},{"damage":0,"enemies":"Sentry and Sphere","floor":30,"turns":3},{"damage":7,"enemies":"Centurion and Healer","floor":31,"turns":3},{"damage":24,"enemies":"Champ","floor":33,"turns":6},{"damage":14,"enemies":"3 Shapes","floor":35,"turns":3},{"damage":27,"enemies":"3 Darklings","floor":36,"turns":6},{"damage":7,"enemies":"Sphere and 2 Shapes","floor":38,"turns":5},{"damage":26,"enemies":"2 Orb Walkers","floor":39,"turns":3},{"damage":11,"enemies":"Giant Head","floor":40,"turns":4},{"damage":42,"enemies":"Writhing Mass","floor":42,"turns":4},{"damage":30,"enemies":"Spire Growth","floor":44,"turns":3}],"seed_played":"-4050548708931634145","potions_obtained":[{"floor":1.0,"key":"DuplicationPotion"},{"floor":10.0,"key":"Fire Potion"},{"floor":14.0,"key":"GamblersBrew"},{"floor":23,"key":"Explosive Potion"},{"floor":30,"key":"DistilledChaos"},{"floor":33,"key":"DuplicationPotion"},{"floor":42,"key":"ElixirPotion"}],"is_trial":false,"path_per_floor":["M","$","M","M","?","R","M","R","T","E","R","?","E","M","R","B",null,"M","$","M","?","$","E","R","M","T","?","$","R","M","M","R","B",null,"M","M","$","M","?","E","R","M","T","M"],"character_chosen":"IRONCLAD","items_purchased":["Oddly Smooth Stone","Shuriken","Twin Strike","Evolve"],"campfire_rested":2,"item_purchase_floors":[19,28,28,37],"current_hp_per_floor":[72,72,73,71,71,71,69,69,69,61,61,54,53,54,54,38,80,63,63,63,47,47,21,45,48,48,48,48,48,54,53,53,35,80,72,51,51,50,30,28,52,19,19,0,0],"gold":249,"neow_bonus":"UPGRADE_CARD","is_daily":false,"chose_seed":false,"campfire_upgraded":6,"win_rate":0.0,"timestamp":1609764169,"path_taken":["M","$","M","M","?","R","M","R","T","E","R","?","E","M","R","BOSS","M","$","M","?","$","E","R","M","T","?","$","R","M","M","R","BOSS","M","M","$","M","?","E","R","M","T","M"],"items_purchased_type":["Relic","Relic","Card","Card"],"build_version":"2020-12-22","purchased_purges":3,"victory":false,"max_hp_per_floor":[80,80,80,80,80,80,80,80,80,80,80,80,80,80,80,80,80,80,80,80,80,80,80,80,80,80,80,80,80,80,80,80,80,80,80,80,80,80,80,80,80,80,80,80,80],"card_choices":[{"not_picked":["Heavy Blade","Iron Wave","Rage"],"picked":"SKIP","floor":1.0},{"not_picked":["Reckless Charge","Burning Pact"],"picked":"Pommel Strike","floor":3.0},{"not_picked":["Headbutt","Flex"],"picked":"Shrug It Off","floor":4.0},{"not_picked":["Anger","Shrug It Off"],"picked":"Demon Form","floor":7.0},{"not_picked":["Armaments","Havoc","Searing Blow"],"picked":"SKIP","floor":10.0},{"not_picked":["Headbutt","Armaments"],"picked":"Spot Weakness","floor":13.0},{"not_picked":["Wild Strike","Power Through"],"picked":"Headbutt","floor":14.0},{"not_picked":["Thunderclap","Heavy Blade","Sentinel"],"picked":"SKIP","floor":18},{"not_picked":["Blood for Blood+1","Ghostly Armor"],"picked":"Heavy Blade","floor":20},{"not_picked":["Exhume","Havoc"],"picked":"Seeing Red","floor":23},{"not_picked":["Iron Wave","Sentinel"],"picked":"Flame Barrier+1","floor":24},{"not_picked":["Combust","Pommel Strike","Thunderclap+1"],"picked":"SKIP","floor":25},{"not_picked":["Thunderclap","Twin Strike","Warcry"],"picked":"SKIP","floor":30},{"not_picked":["Disarm","Wild Strike"],"picked":"Shrug It Off+1","floor":31},{"not_picked":["Juggernaut","Immolate"],"picked":"Offering","floor":33},{"not_picked":["Heavy Blade+1","Hemokinesis+1","Ghostly Armor"],"picked":"SKIP","floor":35},{"not_picked":["Wild Strike+1","Iron Wave+1","Havoc+1"],"picked":"SKIP","floor":36},{"not_picked":["Entrench","Flex"],"picked":"Bloodletting+1","floor":38},{"not_picked":["Burning Pact+1","Wild Strike+1"],"picked":"Rupture","floor":39},{"not_picked":["Flex","Demon Form","Double Tap"],"picked":"SKIP","floor":40},{"not_picked":["Pommel Strike","True Grit+1"],"picked":"Armaments+1","floor":41},{"not_picked":["True Grit","Havoc+1","Twin Strike"],"picked":"SKIP","floor":42}],"player_experience":323682,"relics_obtained":[{"floor":9.0,"key":"Nunchaku"},{"floor":10.0,"key":"Happy Flower"},{"floor":13.0,"key":"Dream Catcher"},{"floor":21,"key":"Necronomicon"},{"floor":23,"key":"Vajra"},{"floor":26,"key":"Old Coin"},{"floor":39,"key":"Magic Flower"},{"floor":40,"key":"Sundial"},{"floor":43,"key":"Art of War"}],"event_choices":[{"cards_removed":["Strike_R"],"damage_healed":0.0,"max_hp_gain":0.0,"max_hp_loss":0.0,"gold_gain":0.0,"event_name":"Living Wall","player_choice":"Forget","floor":5.0,"gold_loss":0.0,"damage_taken":0.0},{"cards_removed":["Strike_R"],"damage_healed":0.0,"max_hp_gain":0.0,"max_hp_loss":0.0,"gold_gain":0.0,"event_name":"Golden Wing","player_choice":"Card Removal","floor":12.0,"gold_loss":0.0,"damage_taken":7.0},{"damage_healed":0,"gold_gain":0,"player_choice":"Obtained Book","damage_taken":16,"max_hp_gain":0,"max_hp_loss":0,"event_name":"Cursed Tome","floor":21,"gold_loss":0},{"damage_healed":0,"gold_gain":0,"player_choice":"Opened","damage_taken":0,"relics_obtained":["MawBank"],"max_hp_gain":0,"max_hp_loss":0,"event_name":"The Mausoleum","floor":27,"gold_loss":0},{"damage_healed":0,"gold_gain":0,"player_choice":"Fight","damage_taken":0,"max_hp_gain":0,"max_hp_loss":0,"event_name":"Mysterious Sphere","floor":39,"gold_loss":0}],"is_beta":false,"boss_relics":[{"not_picked":["Mark of Pain","Calling Bell"],"picked":"Philosopher\u0027s Stone"},{"not_picked":["Tiny House","Velvet Choker"],"picked":"Runic Cube"}],"items_purged_floors":[2,19,28],"is_endless":false,"potions_floor_spawned":[1,10,14,23,30,33,36,42],"killed_by":"Spire Growth","ascension_level":0}}