{"host":"ryuep8ewa00k39z9","time":1609783647,"event":{"mods":["AchievementEnabler","BaseMod","Best Route Mod","Colored Map","Colored Powertips","Displayed Cursed Tome","Highlight Path","Minty Spire (QoL Compilation)","Quick Restart","SuperFastMode"],"gold_per_floor":[113,113,38,38,57,88,98,67,67,101,113,113,137,137,137,242,242,259,275,374,102,102,102,112,122,122,72,72,72],"floor_reached":28,"playtime":958,"items_purged":["Defend_B","Zap","Consume"],"score":351,"play_id":"f73063c7-162a-44ec-8562-12ec04b25ab4","local_time":"20210104120727","is_ascension_mode":true,"campfire_choices":[{"floor":12.0,"key":"REST"},{"floor":15.0,"key":"REST"},{"floor":23.0,"key":"REST"}],"circlet_count":0,"master_deck":["Dualcast+1","Ball Lightning","Hyperbeam","Fusion+1","Echo Form","Conserve Battery"],"relics":["Cracked Core","Blood Vial","Matryoshka","Tiny Chest","Ornamental Fan","Smiling Mask","Pandora\u0027s Box","War Paint","Strawberry","Toxic Egg 2"],"acts_visited":["Exordium","TheCity"],"potions_floor_usage":[24],"damage_taken":[{"damage":0.0,"enemies":"2 Louse","floor":1.0,"turns":3.0},{"damage":0.0,"enemies":"Small Slimes","floor":5.0,"turns":2.0},{"damage":30.0,"enemies":"Lagavulin","floor":6.0,"turns":6.0},{"damage":7.0,"enemies":"Jaw Worm","floor":7.0,"turns":3.0},{"damage":0.0,"enemies":"3 Sentries","floor":10.0,"turns":3.0},{"damage":0.0,"enemies":"Exordium Wildlife","floor":11.0,"turns":1.0},{"damage":51.0,"enemies":"Slime Boss","floor":16.0,"turns":7.0},{"damage":18.0,"enemies":"3 Byrds","floor":18.0,"turns":3.0},{"damage":38.0,"enemies":"Shell Parasite","floor":19.0,"turns":4.0},{"damage":24,"enemies":"Snake Plant","floor":24,"turns":3},{"damage":11,"enemies":"Sentry and Sphere","floor":25,"turns":3},{"damage":2,"enemies":"Centurion and Healer","floor":28,"turns":2}],"seed_played":"-2352497815987125240","potions_obtained":[{"floor":6.0,"key":"GamblersBrew"},{"floor":7.0,"key":"PowerPotion"},{"floor":16.0,"key":"PotionOfCapacity"},{"floor":18.0,"key":"SteroidPotion"},{"floor":19.0,"key":"FearPotion"}],"is_trial":false,"path_per_floor":["M","?","$","?","M","E","M","?","T","E","M","R","T","?","R","B",null,"M","M","?","$","T","R","M","M","T","$","M"],"character_chosen":"DEFECT","items_purchased":["War Paint","GamblersBrew"],"campfire_rested":3,"item_purchase_floors":[21,21],"current_hp_per_floor":[50,43,43,43,43,13,8,8,8,10,12,34,34,34,56,7,58,42,6,6,6,13,37,15,6,6,6,6,6],"gold":72,"neow_bonus":"REMOVE_TWO","is_daily":false,"chose_seed":false,"campfire_upgraded":0,"win_rate":0.0,"timestamp":1609783647,"path_taken":["M","?","$","?","M","E","M","?","T","E","M","R","?","?","R","BOSS","M","M","?","$","?","R","M","M","T","$","M"],"items_purchased_type":["Relic","Potion"],"build_version":"2020-12-22","purchased_purges":3,"victory":false,"max_hp_per_floor":[75,75,75,75,75,75,75,75,75,75,75,75,75,75,75,75,75,75,75,75,75,82,82,82,82,82,82,82,82],"card_choices":[{"not_picked":["Rebound","Skim","Stack"],"picked":"SKIP","floor":1.0},{"not_picked":["Beam Cell","Turbo","Heatsinks"],"picked":"SKIP","floor":5.0},{"not_picked":["All For One","Beam Cell"],"picked":"Ball Lightning","floor":6.0},{"not_picked":["Coolheaded","Rip and Tear","Go for the Eyes"],"picked":"SKIP","floor":7.0},{"not_picked":["Hello World","Fusion"],"picked":"Hyperbeam","floor":10.0},{"not_picked":["Barrage","Static Discharge","Force Field"],"picked":"SKIP","floor":11.0},{"not_picked":["Fusion","Melter","Chaos"],"picked":"SKIP","floor":18.0},{"not_picked":["Rebound","Gash","Sweeping Beam"],"picked":"SKIP","floor":19.0},{"not_picked":["Stack","Turbo","Rebound+1"],"picked":"SKIP","floor":24},{"not_picked":["Steam","Genetic Algorithm+1"],"picked":"Conserve Battery","floor":25}],"player_experience":3896327,"relics_obtained":[{"floor":6.0,"key":"Blood Vial"},{"floor":9.0,"key":"Matryoshka"},{"floor":10.0,"key":"Tiny Chest"},{"floor":13.0,"key":"Ornamental Fan"},{"floor":13.0,"key":"Smiling Mask"},{"floor":22.0,"key":"Strawberry"},{"floor":26,"key":"Toxic Egg 2"}],"event_choices":[{"cards_removed":["Strike_B"],"damage_healed":0.0,"max_hp_gain":0.0,"max_hp_loss":0.0,"gold_gain":0.0,"event_name":"Golden Wing","player_choice":"Card Removal","floor":2.0,"gold_loss":0.0,"damage_taken":7.0},{"damage_healed":0.0,"max_hp_gain":0.0,"max_hp_loss":0.0,"gold_gain":0.0,"event_name":"Shining Light","player_choice":"Ignored","floor":4.0,"gold_loss":0.0,"damage_taken":0.0},{"damage_healed":0.0,"max_hp_gain":0.0,"max_hp_loss":0.0,"gold_gain":0.0,"event_name":"World of Goop","player_choice":"Left Gold","floor":8.0,"gold_loss":31.0,"damage_taken":0.0},{"cards_removed":["Strike_B"],"damage_healed":0.0,"max_hp_gain":0.0,"max_hp_loss":0.0,"gold_gain":0.0,"event_name":"Living Wall","player_choice":"Forget","floor":14.0,"gold_loss":0.0,"damage_taken":0.0},{"damage_healed":0.0,"max_hp_gain":0.0,"max_hp_loss":0.0,"gold_gain":99.0,"event_name":"Nest","player_choice":"Stole From Cult","floor":20.0,"gold_loss":0.0,"damage_taken":0.0}],"is_beta":false,"boss_relics":[{"not_picked":["SacredBark","Sozu"],"picked":"Pandora\u0027s Box"}],"items_purged_floors":[3,21,27],"is_endless":false,"potions_floor_spawned":[6,7,16,18,19],"killed_by":"Centurion and Healer","ascension_level":8}}