{"host":"4xikrlo049sozq0n","time":1609724485,"event":{"mods":["AchievementEnabler","BaseMod","BetterRewards","Challenge The Spire","Colored Powertips","Downfall","Energized Spire","Highlight Path","Hubris","Minty Spire (QoL Compilation)","Permanent Neow","Quick Restart","Relic Filter","Relic Sorter","Remove Card Discount Mod","Replay The Spire","StSLib","SuperFastMode","Synergy Search"],"gold_per_floor":[113,182,182,41,41,41,68,68,68,87,105,120,120,146,146,146,146],"floor_reached":16,"playtime":1438,"items_purged":["Strike_B","Defend_B"],"score":151,"play_id":"2c276737-ecd3-4fa8-9373-2f93987df234","local_time":"20210103204125","is_ascension_mode":true,"campfire_choices":[{"data":"Replay:SS_fish_3","floor":6.0,"key":"SMITH"},{"data":"Streamline","floor":8.0,"key":"SMITH"},{"data":"ReplayTheSpireMod:Repulse","floor":13.0,"key":"SMITH"},{"floor":15,"key":"REST"}],"circlet_count":0,"master_deck":["Strike_B","Strike_B","Defend_B","Defend_B","Defend_B","Dualcast","Streamline+1","Sunder+1","White Noise+1","Replay:SS_fish_3+1","ReplayTheSpireMod:Reroute Power","Self Repair","Steam","Streamline","ReplayTheSpireMod:Repulse+1","ReplayGash"],"relics":["Cracked Core","Gremlin Horn","Peace Pipe","Replay:Arrowhead"],"acts_visited":["Exordium"],"potions_floor_usage":[14,14],"damage_taken":[{"damage":0.0,"enemies":"Cultist","floor":1.0,"turns":3.0},{"damage":35.0,"enemies":"Lagavulin","floor":7.0,"turns":5.0},{"damage":0.0,"enemies":"Small Slimes","floor":10.0,"turns":2.0},{"damage":0.0,"enemies":"2 Louse","floor":11.0,"turns":2.0},{"damage":6.0,"enemies":"Lots of Slimes","floor":12.0,"turns":2.0},{"damage":39,"enemies":"3 Sentries","floor":14,"turns":8},{"damage":36,"enemies":"The Guardian","floor":16,"turns":2}],"seed_played":"3711591797471954327","potions_obtained":[{"floor":10.0,"key":"LiquidMemories"},{"floor":12.0,"key":"Strength Potion"}],"is_trial":false,"path_per_floor":["M","T","?","$","?","R","E","R","T","M","M","M","R","E","R","B"],"character_chosen":"DEFECT","items_purchased":["White Noise+1","Replay:SS_fish_3"],"campfire_rested":1,"item_purchase_floors":[4,4],"current_hp_per_floor":[68,68,68,68,68,68,33,33,33,40,40,41,41,9,31,0,0],"gold":146,"neow_bonus":"UPGRADE_CARD","is_daily":false,"chose_seed":false,"campfire_upgraded":3,"win_rate":0.0,"timestamp":1609724485,"path_taken":["M","?","?","$","?","R","E","R","T","M","?","M","R","E","R","BOSS"],"items_purchased_type":["Card","Card"],"build_version":"2020-12-22","purchased_purges":2,"victory":false,"max_hp_per_floor":[75,75,75,75,75,75,75,75,75,75,75,75,75,75,75,75,75],"card_choices":[{"not_picked":["Turbo","Panic Button"],"picked":"Streamline","floor":1.0},{"not_picked":["Storm","Heatsinks"],"picked":"Self Repair","floor":7.0},{"not_picked":["Stack","hubris:Ukulele"],"picked":"Steam","floor":10.0},{"not_picked":["Aggregate","Hologram"],"picked":"Streamline","floor":11.0},{"not_picked":["Go for the Eyes","Barrage"],"picked":"ReplayTheSpireMod:Repulse","floor":12.0},{"not_picked":["Creative AI","Compile Driver"],"picked":"ReplayGash","floor":14}],"player_experience":915388,"relics_obtained":[{"floor":2.0,"key":"Gremlin Horn"},{"floor":7.0,"key":"Peace Pipe"},{"floor":14,"key":"Replay:Arrowhead"}],"event_choices":[{"damage_healed":0.0,"max_hp_gain":0.0,"max_hp_loss":0.0,"gold_gain":0.0,"cards_transformed":["Strike_B"],"event_name":"Transmorgrifier","player_choice":"Transformed","floor":5.0,"gold_loss":0.0,"damage_taken":0.0,"cards_obtained":["ReplayTheSpireMod:Reroute Power"]}],"is_beta":false,"boss_relics":[],"items_purged_floors":[4,4],"is_endless":false,"potions_floor_spawned":[10,12],"killed_by":"The Guardian","ascension_level":8}}