{"host":"rolltorest","time":1609723834,"event":{"mods":["BaseMod","Minty Spire (QoL Compilation)","Relic Stats","Slay the Relics Exporter","StSLib","The Servant 0.9.4"],"gold_per_floor":[16,16,36,36,36,61,61,86,113,143,143,155,1,1,1,78,78,88,138,138,162,162,162,162],"floor_reached":23,"playtime":794,"items_purged":[],"score":581,"play_id":"05bf49f2-7978-420d-8dd7-7807acf0dc41","local_time":"20210103173034","is_ascension_mode":true,"campfire_choices":[{"floor":7,"key":"REST"},{"floor":11,"key":"REST"},{"data":"Alleviate","floor":15,"key":"SMITH"}],"circlet_count":0,"master_deck":["AscendersBane","Defend_S","Defend_S","Defend_S","KidneyShot","Exchange","Sadistic Nature","Barrier+1","Potential","Sunlight","RealityMarble","Alleviate+1","Trip","FlawlessForm","Bite","Bite","Bite","Bite","Madness","Advance"],"relics":["Uniform","Smiling Mask","Orichalcum","Boot","Bronze Scales","Black Star","Bag of Marbles"],"acts_visited":["Exordium","TheCity"],"potions_floor_usage":[8,18,23],"damage_taken":[{"damage":1,"enemies":"Cultist","floor":1,"turns":4},{"damage":0,"enemies":"Small Slimes","floor":3,"turns":4},{"damage":28,"enemies":"Gremlin Nob","floor":6,"turns":5},{"damage":28,"enemies":"3 Sentries","floor":8,"turns":16},{"damage":0,"enemies":"Lagavulin","floor":10,"turns":11},{"damage":0,"enemies":"Jaw Worm","floor":12,"turns":4},{"damage":0,"enemies":"The Guardian","floor":16,"turns":9},{"damage":11,"enemies":"Spheric Guardian","floor":18,"turns":6},{"damage":51,"enemies":"Book of Stabbing","floor":23,"turns":6}],"seed_played":"406000241375275028","potions_obtained":[{"floor":6,"key":"PowerPotion"},{"floor":8,"key":"Fruit Juice"},{"floor":12,"key":"LiquidBronze"},{"floor":18,"key":"DuplicationPotion"}],"is_trial":false,"path_per_floor":["M","?","M","?","$","E","R","E","T","E","R","M","$","?","R","B",null,"M","?","?","T","?","E"],"character_chosen":"THE_SERVANT","items_purchased":["Alleviate","Trip"],"campfire_rested":2,"item_purchase_floors":[13,13],"current_hp_per_floor":[53,53,53,48,48,20,38,10,10,12,30,32,32,32,32,34,54,50,50,50,50,50,11,11],"gold":162,"neow_bonus":"RANDOM_COLORLESS_2","is_daily":false,"chose_seed":false,"campfire_upgraded":1,"win_rate":0.0,"timestamp":1609723834,"path_taken":["M","?","M","?","$","E","R","E","T","E","R","M","$","?","R","BOSS","M","?","?","?","?","E"],"items_purchased_type":["Card","Card"],"build_version":"2020-12-18","purchased_purges":0,"victory":false,"max_hp_per_floor":[60,60,60,60,60,60,60,60,60,60,60,60,60,60,60,60,60,65,65,65,65,65,65,65],"relic_stats":{"counters":[9,65],"Bronze Scales":[84],"Black Star":0,"Orichalcum":[126],"Smiling Mask":0,"Boot":[27],"obtain_stats":[{"Blood Vial":9,"Bronze Scales":10,"Uniform":0,"Black Star":17,"Bag of Marbles":21,"Orichalcum":6,"Smiling Mask":4,"Boot":8},{"Blood Vial":4,"Bronze Scales":5,"Uniform":0,"Black Star":7,"Bag of Marbles":8,"Orichalcum":3,"Smiling Mask":2,"Boot":4},{"Blood Vial":29,"Bronze Scales":40,"Uniform":0,"Black Star":53,"Bag of Marbles":59,"Orichalcum":13,"Smiling Mask":8,"Boot":29}]},"card_choices":[{"not_picked":["Secret Weapon","Violence"],"picked":"Sadistic Nature","floor":0},{"not_picked":["Unruled","Foresight"],"picked":"Barrier","floor":1},{"not_picked":["Rearm","Revamp","Potential"],"picked":"SKIP","floor":3},{"not_picked":["ShiftingGears","DancingSilver","Unruled"],"picked":"SKIP","floor":6},{"not_picked":["Rearm","Unruled"],"picked":"Potential","floor":8},{"not_picked":["ReturningBlade","Rewind"],"picked":"Sunlight","floor":10},{"not_picked":["ShatteredReality","TimeWarp"],"picked":"RealityMarble","floor":12},{"not_picked":["KillingDoll","LightFlow"],"picked":"FlawlessForm","floor":16},{"not_picked":["Comet","Replace","BestPractice"],"picked":"SKIP","floor":18}],"player_experience":1914823,"relics_obtained":[{"floor":6,"key":"Orichalcum"},{"floor":8,"key":"Boot"},{"floor":9,"key":"Blood Vial"},{"floor":10,"key":"Bronze Scales"},{"floor":21,"key":"Bag of Marbles"}],"event_choices":[{"damage_healed":0,"gold_gain":0,"player_choice":"Grow","damage_taken":0,"max_hp_gain":0,"max_hp_loss":0,"event_name":"Living Wall","floor":2,"gold_loss":0,"cards_upgraded":["Barrier"]},{"damage_healed":0,"gold_gain":0,"player_choice":"Success","damage_taken":5,"relics_obtained":["Smiling Mask"],"max_hp_gain":0,"max_hp_loss":0,"event_name":"Scrap Ooze","floor":4,"gold_loss":0},{"damage_healed":0,"gold_gain":0,"player_choice":"Ignored","damage_taken":0,"max_hp_gain":0,"max_hp_loss":0,"event_name":"Liars Game","floor":14,"gold_loss":0},{"damage_healed":0,"gold_gain":50,"player_choice":"Stole From Cult","damage_taken":0,"max_hp_gain":0,"max_hp_loss":0,"event_name":"Nest","floor":19,"gold_loss":0},{"damage_healed":0,"gold_gain":0,"player_choice":"Became a vampire (Vial)","damage_taken":0,"max_hp_gain":0,"max_hp_loss":0,"event_name":"Vampires","floor":20,"relics_lost":["Blood Vial"],"gold_loss":0,"cards_obtained":["Bite","Bite","Bite","Bite","Bite"]},{"damage_healed":0,"gold_gain":0,"cards_transformed":["Bite","Defend_S"],"player_choice":"Became Test Subject","damage_taken":0,"max_hp_gain":0,"max_hp_loss":0,"event_name":"Drug Dealer","floor":22,"gold_loss":0,"cards_obtained":["Madness","Advance"]}],"is_beta":true,"boss_relics":[{"not_picked":["Runic Dome","Empty Cage"],"picked":"Black Star"}],"items_purged_floors":[],"is_endless":false,"potions_floor_spawned":[6,8,12,18],"killed_by":"Book of Stabbing","ascension_level":20}}