{"host":"aibqmozag2xz7y1n","time":1609774154,"event":{"mods":["AchievementEnabler","BaseMod","Colored Map","Marisa????????","Minty Spire (QoL Compilation)","StSLib","The Servant 0.9.4"],"gold_per_floor":[113,113,126,144,156,184,184,194,194,194,207,62,62,82,82,212,212,226,220,94,113,113,113,113,113,193,193,206,206,206,206,206,330,330,348,294,319,168,191,191,214,234,234,254,254,277,277,277,277,277,277],"floor_reached":50,"playtime":2425,"items_purged":["Injury"],"score":444,"play_id":"3ed0708f-46f0-47bc-9c1f-f144eb444d91","local_time":"20210104162914","is_ascension_mode":false,"campfire_choices":[{"data":"Eruption","floor":7,"key":"SMITH"},{"data":"Prostrate","floor":10,"key":"SMITH"},{"floor":15,"key":"REST"},{"floor":23,"key":"REST"},{"floor":25,"key":"REST"},{"floor":27,"key":"REST"},{"data":"Evaluate","floor":30,"key":"SMITH"},{"data":"Vigilance","floor":32,"key":"SMITH"},{"floor":40,"key":"REST"},{"floor":45,"key":"REST"},{"floor":47,"key":"REST"},{"floor":49,"key":"REST"}],"circlet_count":0,"master_deck":["Strike_P","Strike_P","Strike_P","Strike_P","Defend_P","Defend_P","Defend_P","Defend_P","Eruption+1","Vigilance+1","Worship+1","FlyingSleeves","Prostrate+1","WreathOfFlame","FlurryOfBlows","Worship","Brilliance","SandsOfTime","ClearTheMind","Devotion","LikeWater+1","CrushJoints","CutThroughFate","Evaluate+1","DeusExMachina","Devotion","Halt","Crescendo+1","Vengeance+1","Parasite","Prostrate+1"],"relics":["HolyWater","Anchor","Lizard Tail","Kunai","Golden Idol","MutagenicStrength","Ancient Tea Set","Mercury Hourglass","Enchiridion","Busted Crown","Bag of Marbles","Vajra","Toxic Egg 2","Juzu Bracelet"],"acts_visited":["Exordium","TheCity","TheBeyond"],"potions_floor_usage":[6,6,8,16,33,41,44,50],"damage_taken":[{"damage":0,"enemies":"2 Louse","floor":1,"turns":2},{"damage":0,"enemies":"Cultist","floor":3,"turns":3},{"damage":0,"enemies":"Jaw Worm","floor":4,"turns":5},{"damage":8,"enemies":"2 Fungi Beasts","floor":5,"turns":6},{"damage":9,"enemies":"3 Sentries","floor":6,"turns":9},{"damage":3,"enemies":"Red Slaver","floor":8,"turns":4},{"damage":5,"enemies":"3 Louse","floor":11,"turns":5},{"damage":0,"enemies":"Blue Slaver","floor":14,"turns":2},{"damage":61,"enemies":"Hexaghost","floor":16,"turns":6},{"damage":20,"enemies":"Spheric Guardian","floor":18,"turns":3},{"damage":11,"enemies":"2 Thieves","floor":19,"turns":4},{"damage":34,"enemies":"3 Cultists","floor":21,"turns":5},{"damage":0,"enemies":"Cultist and Chosen","floor":28,"turns":4},{"damage":54,"enemies":"Collector","floor":33,"turns":8},{"damage":27,"enemies":"3 Darklings","floor":35,"turns":3},{"damage":8,"enemies":"3 Shapes","floor":37,"turns":3},{"damage":7,"enemies":"Jaw Worm Horde","floor":41,"turns":4},{"damage":41,"enemies":"3 Darklings","floor":42,"turns":5},{"damage":18,"enemies":"Sphere and 2 Shapes","floor":44,"turns":5},{"damage":28,"enemies":"Writhing Mass","floor":46,"turns":5},{"damage":90,"enemies":"Donu and Deca","floor":50,"turns":6}],"seed_played":"4493968174614839798","potions_obtained":[{"floor":3,"key":"Strength Potion"},{"floor":4,"key":"AttackPotion"},{"floor":5,"key":"SkillPotion"},{"floor":14,"key":"SkillPotion"},{"floor":18,"key":"FearPotion"},{"floor":28,"key":"Block Potion"},{"floor":33,"key":"SteroidPotion"},{"floor":37,"key":"Weak Potion"},{"floor":44,"key":"Dexterity Potion"},{"floor":46,"key":"SkillPotion"}],"is_trial":false,"path_per_floor":["M","?","M","M","M","E","R","M","T","R","M","$","?","M","R","B",null,"M","M","$","M","?","R","?","R","T","R","M","?","R","?","R","B",null,"M","$","M","$","T","R","M","M","T","M","R","M","R","T","R","B"],"character_chosen":"WATCHER","items_purchased":["Brilliance","SandsOfTime","CutThroughFate","Halt","Bag of Marbles"],"campfire_rested":8,"item_purchase_floors":[12,12,20,36,38],"current_hp_per_floor":[72,72,72,72,64,55,55,52,52,52,47,47,47,47,68,7,72,52,41,41,7,7,28,28,49,49,70,70,54,54,72,72,18,72,45,45,37,37,37,58,51,10,10,36,57,29,50,50,71,0,0],"gold":277,"neow_bonus":"RANDOM_COMMON_RELIC","is_daily":false,"chose_seed":false,"campfire_upgraded":4,"win_rate":0.0,"timestamp":1609774154,"path_taken":["M","?","?","M","M","E","R","M","T","R","M","$","?","M","R","BOSS","M","M","$","M","?","R","?","R","T","R","?","?","R","?","R","BOSS","M","?","M","$","?","R","M","M","T","M","R","M","R","?","R","BOSS"],"items_purchased_type":["Card","Card","Card","Card","Relic"],"build_version":"2020-12-22","purchased_purges":1,"victory":false,"max_hp_per_floor":[72,72,72,72,72,72,72,72,72,72,72,72,72,72,72,72,72,72,72,72,72,72,72,72,72,72,72,72,72,72,72,72,72,72,72,72,72,72,72,72,72,72,72,72,72,72,72,72,72,72,72],"card_choices":[{"not_picked":["JustLucky","MentalFortress"],"picked":"Worship","floor":1},{"not_picked":["Fasting2","Halt"],"picked":"Nirvana","floor":3},{"not_picked":["PathToVictory","Collect"],"picked":"FlyingSleeves","floor":4},{"not_picked":["PathToVictory","Protect"],"picked":"Prostrate","floor":5},{"not_picked":["Halt","Vault"],"picked":"WreathOfFlame","floor":6},{"not_picked":["FollowUp","Crescendo"],"picked":"FlurryOfBlows","floor":8},{"not_picked":["Indignation","Crescendo"],"picked":"Worship","floor":11},{"not_picked":["PathToVictory","EmptyFist"],"picked":"ClearTheMind","floor":14},{"not_picked":["Brilliance","LessonLearned"],"picked":"Devotion","floor":16},{"not_picked":["Vengeance","FlurryOfBlows"],"picked":"LikeWater+1","floor":18},{"not_picked":["Sanctity","TalkToTheHand"],"picked":"CrushJoints","floor":19},{"not_picked":["BowlingBash","Consecrate+1"],"picked":"Evaluate","floor":21},{"not_picked":["JustLucky","FearNoEvil"],"picked":"DeusExMachina","floor":28},{"not_picked":["ConjureBlade","LessonLearned"],"picked":"Devotion","floor":33},{"not_picked":["ThirdEye"],"picked":"SKIP","floor":35},{"not_picked":["CrushJoints+1"],"picked":"SKIP","floor":37},{"not_picked":["JustLucky"],"picked":"SKIP","floor":41},{"not_picked":[],"picked":"Crescendo+1","floor":42},{"not_picked":[],"picked":"Vengeance+1","floor":44},{"not_picked":[],"picked":"Prostrate+1","floor":46}],"player_experience":207387,"relics_obtained":[{"floor":6,"key":"Lizard Tail"},{"floor":9,"key":"Kunai"},{"floor":26,"key":"Mercury Hourglass"},{"floor":29,"key":"Enchiridion"},{"floor":39,"key":"Vajra"},{"floor":43,"key":"Toxic Egg 2"},{"floor":48,"key":"Juzu Bracelet"}],"event_choices":[{"damage_healed":0,"gold_gain":0,"player_choice":"Upgraded","damage_taken":0,"max_hp_gain":0,"max_hp_loss":0,"event_name":"Upgrade Shrine","floor":2,"gold_loss":0,"cards_upgraded":["Worship"]},{"damage_healed":0,"gold_gain":0,"player_choice":"Take Wound","damage_taken":0,"relics_obtained":["Golden Idol"],"max_hp_gain":0,"max_hp_loss":0,"event_name":"Golden Idol","floor":13,"gold_loss":0,"cards_obtained":["Injury"]},{"damage_healed":0,"gold_gain":0,"player_choice":"Inject Mutagens","damage_taken":0,"relics_obtained":["MutagenicStrength"],"max_hp_gain":0,"max_hp_loss":0,"event_name":"Drug Dealer","floor":22,"gold_loss":0},{"damage_healed":0,"gold_gain":0,"player_choice":"Gave Potion","damage_taken":0,"relics_obtained":["Ancient Tea Set"],"max_hp_gain":0,"max_hp_loss":0,"event_name":"WeMeetAgain","floor":24,"gold_loss":0},{"damage_healed":0,"gold_gain":0,"player_choice":"Obtained Book","damage_taken":16,"max_hp_gain":0,"max_hp_loss":0,"event_name":"Cursed Tome","floor":29,"gold_loss":0},{"cards_removed":["Nirvana"],"damage_healed":18,"gold_gain":0,"player_choice":"Offered Uncommon","damage_taken":0,"max_hp_gain":0,"max_hp_loss":0,"event_name":"Bonfire Elementals","floor":31,"gold_loss":0}],"is_beta":false,"boss_relics":[{"not_picked":["Cursed Key","Sozu"],"picked":"HolyWater"},{"not_picked":["SacredBark","Black Star"],"picked":"Busted Crown"}],"items_purged_floors":[20],"is_endless":false,"potions_floor_spawned":[3,4,5,14,18,28,33,37,44,46],"killed_by":"Donu and Deca","ascension_level":0}}