{"host":"0m7uut7ws4kj19nt","time":1609760230,"event":{"mods":["AchievementEnabler","BaseMod","Minty Spire (QoL Compilation)","Replay The Spire","StSLib","The Cursed","The Necromancer"],"gold_per_floor":[112,127,137,137,62,95,95,130,156,170,186,186,153,186,186,317,317,336,336,263,277,4,4,4],"floor_reached":23,"playtime":1288,"items_purged":["Regret"],"score":257,"play_id":"884f4a03-0de7-4905-8bbc-9ec91654ce2a","local_time":"20210104183710","is_ascension_mode":true,"campfire_choices":[{"floor":12,"key":"REST"},{"data":"Neutralize","floor":15,"key":"SMITH"}],"circlet_count":0,"master_deck":["Strike_G","Strike_G","Strike_G","Strike_G","Defend_G","Defend_G","Defend_G","Defend_G","Defend_G","Survivor","Neutralize+1","Cloak And Dagger","Finisher","Blade Dance","Adrenaline+1","Backstab","Dagger Spray","Dash","After Image+1","Infinite Blades","ReplayTheSpireMod:Shiv Toss","Blur","Footwork","Acrobatics"],"relics":["Ring of the Snake","MealTicket","Regal Pillow","Golden Idol","Potion Belt","Art of War","Darkstone Periapt","Sozu","Omamori","ReplayTheSpireMod:CursedCoin","Guide Book"],"acts_visited":["Exordium","TheCity"],"potions_floor_usage":[8,16],"damage_taken":[{"damage":8,"enemies":"Jaw Worm","floor":1,"turns":6},{"damage":4,"enemies":"Small Slimes","floor":2,"turns":4},{"damage":0,"enemies":"Cultist","floor":3,"turns":3},{"damage":18,"enemies":"Gremlin Nob","floor":6,"turns":4},{"damage":21,"enemies":"Lagavulin","floor":8,"turns":7},{"damage":24,"enemies":"Gremlin Gang","floor":10,"turns":4},{"damage":1,"enemies":"Large Slime","floor":11,"turns":5},{"damage":0,"enemies":"Gremlin Nob","floor":14,"turns":2},{"damage":57,"enemies":"Fading Forest","floor":16,"turns":11},{"damage":4,"enemies":"Shell Parasite","floor":18,"turns":4},{"damage":4,"enemies":"Spheric Guardian","floor":21,"turns":4},{"damage":75,"enemies":"Gremlin Leader","floor":23,"turns":7}],"seed_played":"8506472597173128702","potions_obtained":[{"floor":3,"key":"PowerPotion"},{"floor":10,"key":"Ancient Potion"},{"floor":16,"key":"PowerPotion"}],"is_trial":false,"path_per_floor":["M","M","M","?","$","E","?","E","T","M","M","R","?","E","R","B",null,"M","?","$","M","$","E"],"character_chosen":"THE_SILENT","items_purchased":["Omamori","ReplayTheSpireMod:CursedCoin","Blur","Footwork","Guide Book","Acrobatics"],"campfire_rested":1,"item_purchase_floors":[20,20,20,22,22,22],"current_hp_per_floor":[69,65,65,65,77,59,59,38,38,14,13,49,49,49,49,8,71,67,67,71,67,71,0,0],"gold":4,"neow_bonus":"TEN_PERCENT_HP_BONUS","is_daily":false,"chose_seed":false,"campfire_upgraded":1,"win_rate":0.0,"timestamp":1609760230,"path_taken":["M","M","M","?","$","E","?","E","T","M","M","R","?","E","R","BOSS","M","?","$","M","?","E"],"items_purchased_type":["Relic","Relic","Card","Card","Relic","Card"],"build_version":"2020-12-22","purchased_purges":1,"victory":false,"max_hp_per_floor":[77,77,77,77,77,77,71,71,71,71,71,71,71,71,71,71,71,71,71,71,71,71,71,71],"card_choices":[{"not_picked":["PiercingWail","Escape Plan"],"picked":"Cloak And Dagger","floor":1},{"not_picked":["Blade Dance","Backflip"],"picked":"Finisher","floor":2},{"not_picked":["Fluid Movement","Dash"],"picked":"Blade Dance","floor":3},{"not_picked":["Masterful Stab","Hidden Blade"],"picked":"Adrenaline","floor":6},{"not_picked":["Dodge and Roll","Dagger Throw"],"picked":"Backstab","floor":8},{"not_picked":["Flechettes","Fluid Movement","Catalyst"],"picked":"SKIP","floor":10},{"not_picked":["Acrobatics","Flying Knee"],"picked":"Dagger Spray","floor":11},{"not_picked":["Wraith Form v2","Dagger Throw"],"picked":"Dash","floor":14},{"not_picked":["Poison Darts","ReplayTheSpireMod:Necrosis"],"picked":"After Image","floor":16},{"not_picked":["Bane","Outmaneuver"],"picked":"Infinite Blades","floor":18},{"not_picked":["PiercingWail","Bouncing Flask+1","Quick Slash"],"picked":"SKIP","floor":21}],"player_experience":115405,"relics_obtained":[{"floor":6,"key":"Regal Pillow"},{"floor":8,"key":"Potion Belt"},{"floor":9,"key":"Art of War"},{"floor":14,"key":"Darkstone Periapt"}],"event_choices":[{"damage_healed":0,"gold_gain":0,"player_choice":"Box","damage_taken":0,"relics_obtained":["MealTicket"],"max_hp_gain":0,"max_hp_loss":0,"event_name":"Big Fish","floor":4,"gold_loss":0,"cards_obtained":["Regret"]},{"damage_healed":0,"gold_gain":0,"player_choice":"Lose Max HP","damage_taken":0,"relics_obtained":["Golden Idol"],"max_hp_gain":0,"max_hp_loss":6,"event_name":"Golden Idol","floor":7,"gold_loss":0},{"damage_healed":0,"gold_gain":0,"player_choice":"Left Gold","damage_taken":0,"max_hp_gain":0,"max_hp_loss":0,"event_name":"World of Goop","floor":13,"gold_loss":33},{"damage_healed":0,"gold_gain":0,"cards_transformed":["Strike_G"],"player_choice":"Transformed","damage_taken":0,"max_hp_gain":0,"max_hp_loss":0,"event_name":"Transmorgrifier","floor":19,"gold_loss":0,"cards_obtained":["ReplayTheSpireMod:Shiv Toss"]}],"is_beta":false,"boss_relics":[{"not_picked":["Astrolabe","Painkiller Herb"],"picked":"Sozu"}],"items_purged_floors":[5],"is_endless":false,"potions_floor_spawned":[3,10,16,21],"killed_by":"Gremlin Leader","ascension_level":2}}