{"host":"5cnm2qapaqj5mmu7","time":1609785772,"event":{"mods":["BaseMod","Bestiary","Colored Map","Minty Spire (QoL Compilation)","StSLib"],"gold_per_floor":[115,128,128,128,141,141,173,173,173,18,38,38,38,38,38,167,167,167,167,167,167,167,167,167,167,167,167,167,167,0,0,0,0,0,0,0,0,0,0,0,0,0,0,0,0,0,0,0,0,0,0],"floor_reached":50,"playtime":2475,"items_purged":["Regret"],"score":696,"play_id":"5369e94f-60c9-40d6-b84d-fb0782285fcc","local_time":"20210104194252","is_ascension_mode":true,"campfire_choices":[{"data":"Bash","floor":6.0,"key":"SMITH"},{"floor":8.0,"key":"REST"},{"data":"Flex","floor":12.0,"key":"SMITH"},{"data":"Disarm","floor":15.0,"key":"SMITH"},{"data":"Barricade","floor":23.0,"key":"SMITH"},{"floor":25.0,"key":"REST"},{"data":"Entrench","floor":32.0,"key":"SMITH"},{"data":"True Grit","floor":40.0,"key":"SMITH"},{"floor":42.0,"key":"REST"},{"floor":49.0,"key":"REST"}],"circlet_count":0,"master_deck":["Strike_R","Strike_R","Strike_R","Defend_R","Defend_R+1","Defend_R","Defend_R","Bash+1","Limit Break","Shrug It Off","Intimidate+1","Pommel Strike","Offering","Flex+1","Bludgeon","Disarm+1","Barricade+1","Power Through","Entrench+1","True Grit+1","Writhe","Headbutt","Berserk","Flame Barrier","Body Slam","Limit Break","Shrug It Off","Apotheosis","Rage+1","Evolve+1"],"relics":["Burning Blood","Question Card","Dream Catcher","Red Skull","Golden Idol","Ectoplasm","PreservedInsect","Old Coin","Juzu Bracelet","Snecko Eye","Unceasing Top","Shovel","Singing Bowl","Ornamental Fan","Red Mask"],"acts_visited":["Exordium","TheCity","TheBeyond"],"potions_floor_usage":[50,50],"damage_taken":[{"damage":2.0,"enemies":"Small Slimes","floor":1.0,"turns":4.0},{"damage":13.0,"enemies":"Jaw Worm","floor":2.0,"turns":4.0},{"damage":8.0,"enemies":"Cultist","floor":5.0,"turns":4.0},{"damage":42.0,"enemies":"Lagavulin","floor":7.0,"turns":7.0},{"damage":13.0,"enemies":"2 Fungi Beasts","floor":11.0,"turns":3.0},{"damage":6.0,"enemies":"Slime Boss","floor":16.0,"turns":7.0},{"damage":31.0,"enemies":"Shell Parasite","floor":18.0,"turns":6.0},{"damage":10.0,"enemies":"Chosen","floor":19.0,"turns":4.0},{"damage":15.0,"enemies":"Snake Plant","floor":21.0,"turns":2.0},{"damage":18.0,"enemies":"Book of Stabbing","floor":24.0,"turns":6.0},{"damage":18.0,"enemies":"Chosen and Byrds","floor":28.0,"turns":8.0},{"damage":27.0,"enemies":"Automaton","floor":33.0,"turns":7.0},{"damage":3.0,"enemies":"3 Shapes","floor":35.0,"turns":5.0},{"damage":0.0,"enemies":"3 Darklings","floor":36.0,"turns":6.0},{"damage":0.0,"enemies":"Mind Bloom Boss Battle","floor":37.0,"turns":7.0},{"damage":21.0,"enemies":"Maw","floor":39.0,"turns":13.0},{"damage":37.0,"enemies":"Nemesis","floor":41.0,"turns":7.0},{"damage":39.0,"enemies":"4 Shapes","floor":48.0,"turns":11.0},{"damage":40,"enemies":"Time Eater","floor":50,"turns":6}],"seed_played":"7793564543031301488","potions_obtained":[{"floor":2.0,"key":"Block Potion"},{"floor":7.0,"key":"Energy Potion"},{"floor":11.0,"key":"FearPotion"},{"floor":19.0,"key":"Explosive Potion"},{"floor":21.0,"key":"PowerPotion"},{"floor":37.0,"key":"PowerPotion"},{"floor":48.0,"key":"AttackPotion"}],"is_trial":false,"path_per_floor":["M","M","?","?","M","R","E","R","T","$","M","R","$","?","R","B",null,"M","M","?","M","?","R","E","R","T","?","M","?","?","$","R","B",null,"M","M","?","?","M","R","E","R","T","?","T","?","?","M","R","B"],"character_chosen":"IRONCLAD","items_purchased":["Bludgeon"],"campfire_rested":4,"item_purchase_floors":[10],"current_hp_per_floor":[80,73,73,57,55,55,19,43,43,43,36,36,36,36,36,36,74,49,45,45,36,36,36,24,46,46,46,34,34,34,34,34,13,74,74,74,74,74,59,59,28,50,50,50,50,50,50,17,39,0,0],"gold":0,"neow_bonus":"ONE_RANDOM_RARE_CARD","is_daily":false,"chose_seed":false,"campfire_upgraded":6,"win_rate":0.0,"timestamp":1609785772,"path_taken":["M","M","?","?","M","R","E","R","T","$","?","R","?","?","R","BOSS","M","M","?","M","?","R","E","R","T","?","M","?","?","?","R","BOSS","M","M","?","?","M","R","E","R","T","?","?","?","?","M","R","BOSS"],"items_purchased_type":["Card"],"build_version":"2020-12-22","purchased_purges":1,"victory":false,"max_hp_per_floor":[80,80,80,80,80,80,80,80,80,80,80,80,80,74,74,74,74,74,74,74,74,74,74,74,74,74,74,74,74,74,74,74,74,74,74,74,74,74,74,74,74,74,74,74,74,74,74,74,74,74,74],"card_choices":[{"not_picked":["Headbutt","Seeing Red"],"picked":"Shrug It Off","floor":1.0},{"not_picked":["Wild Strike","Twin Strike"],"picked":"Intimidate","floor":2.0},{"not_picked":["Anger","Shrug It Off","Burning Pact"],"picked":"Pommel Strike","floor":5.0},{"not_picked":["Evolve","Body Slam","Twin Strike"],"picked":"Offering","floor":7.0},{"not_picked":["Thunderclap","Wild Strike","Clothesline"],"picked":"Flex","floor":8.0},{"not_picked":["Rampage","Perfected Strike","Shrug It Off"],"picked":"Disarm","floor":11.0},{"not_picked":["Impervious","Juggernaut","Reaper"],"picked":"Barricade","floor":16.0},{"not_picked":["Second Wind","Sever Soul+1","Perfected Strike"],"picked":"Power Through","floor":18.0},{"not_picked":["Havoc","Twin Strike","Searing Blow","Uppercut"],"picked":"SKIP","floor":19.0},{"not_picked":["Rage","Searing Blow","Pummel"],"picked":"True Grit","floor":21.0},{"not_picked":["Heavy Blade","Thunderclap","Spot Weakness+1","Reckless Charge+1"],"picked":"SKIP","floor":24.0},{"not_picked":["Whirlwind+1","Havoc","Battle Trance"],"picked":"Headbutt","floor":25.0},{"not_picked":["Hemokinesis+1","Infernal Blade+1","Warcry"],"picked":"Body Slam","floor":28.0},{"not_picked":["Brutality","Immolate","Barricade"],"picked":"Limit Break","floor":33.0},{"not_picked":["Power Through","Cleave+1","Perfected Strike","Anger"],"picked":"SKIP","floor":35.0},{"not_picked":["Sword Boomerang+1","Cleave","Disarm+1"],"picked":"Shrug It Off","floor":36.0},{"not_picked":["Cleave+1","Havoc+1","Headbutt"],"picked":"Rage","floor":39.0},{"not_picked":["Seeing Red+1","Hemokinesis","Uppercut","Heavy Blade"],"picked":"SKIP","floor":41.0},{"not_picked":["Purity","Discovery","PanicButton"],"picked":"Apotheosis","floor":47.0},{"not_picked":["Anger","Blood for Blood+1","Cleave"],"picked":"Rage+1","floor":48.0},{"not_picked":["Iron Wave+1","Shockwave","Perfected Strike+1"],"picked":"Evolve+1","floor":49.0}],"player_experience":545813,"relics_obtained":[{"floor":7.0,"key":"Dream Catcher"},{"floor":9.0,"key":"Red Skull"},{"floor":24.0,"key":"Old Coin"},{"floor":26.0,"key":"Juzu Bracelet"},{"floor":37.0,"key":"Unceasing Top"},{"floor":41.0,"key":"Shovel"},{"floor":43.0,"key":"Singing Bowl"},{"floor":45.0,"key":"Ornamental Fan"}],"event_choices":[{"damage_healed":0.0,"max_hp_gain":0.0,"max_hp_loss":0.0,"gold_gain":0.0,"event_name":"Big Fish","player_choice":"Box","floor":3.0,"gold_loss":0.0,"damage_taken":0.0,"relics_obtained":["Question Card"],"cards_obtained":["Regret"]},{"damage_healed":0.0,"max_hp_gain":0.0,"max_hp_loss":0.0,"gold_gain":0.0,"event_name":"Shining Light","player_choice":"Entered Light","floor":4.0,"gold_loss":0.0,"damage_taken":16.0,"cards_upgraded":["Defend_R","Intimidate"]},{"damage_healed":0.0,"max_hp_gain":0.0,"max_hp_loss":6.0,"gold_gain":0.0,"event_name":"Golden Idol","player_choice":"Lose Max HP","floor":14.0,"gold_loss":0.0,"damage_taken":0.0,"relics_obtained":["Golden Idol"]},{"damage_healed":0.0,"max_hp_gain":0.0,"max_hp_loss":0.0,"gold_gain":0.0,"event_name":"The Library","player_choice":"Read","floor":20.0,"gold_loss":0.0,"damage_taken":0.0,"cards_obtained":["Entrench"]},{"damage_healed":0.0,"max_hp_gain":0.0,"max_hp_loss":0.0,"gold_gain":0.0,"event_name":"The Mausoleum","player_choice":"Opened","floor":22.0,"gold_loss":0.0,"damage_taken":0.0,"relics_obtained":["PreservedInsect"],"cards_obtained":["Writhe"]},{"damage_healed":0.0,"max_hp_gain":0.0,"max_hp_loss":0.0,"gold_gain":0.0,"cards_transformed":["Strike_R","Strike_R"],"event_name":"Drug Dealer","player_choice":"Became Test Subject","floor":27.0,"gold_loss":0.0,"damage_taken":0.0,"cards_obtained":["Berserk","Flame Barrier"]},{"damage_healed":0.0,"max_hp_gain":0.0,"max_hp_loss":0.0,"gold_gain":0.0,"event_name":"Ghosts","player_choice":"Ignored","floor":29.0,"gold_loss":0.0,"damage_taken":0.0},{"damage_healed":0.0,"max_hp_gain":0.0,"max_hp_loss":0.0,"gold_gain":0.0,"event_name":"Masked Bandits","player_choice":"Paid Fearfully","floor":30.0,"gold_loss":167.0,"damage_taken":0.0},{"damage_healed":0.0,"max_hp_gain":0.0,"max_hp_loss":0.0,"gold_gain":0.0,"event_name":"MindBloom","player_choice":"Fight","floor":37.0,"gold_loss":0.0,"damage_taken":0.0},{"damage_healed":0.0,"max_hp_gain":0.0,"max_hp_loss":0.0,"gold_gain":0.0,"event_name":"The Moai Head","player_choice":"Ignored","floor":38.0,"gold_loss":0.0,"damage_taken":0.0},{"cards_removed":["Rage"],"damage_healed":0.0,"max_hp_gain":0.0,"max_hp_loss":0.0,"gold_gain":0.0,"event_name":"Falling","player_choice":"Removed Skill","floor":44.0,"gold_loss":0.0,"damage_taken":0.0},{"damage_healed":0.0,"max_hp_gain":0.0,"max_hp_loss":0.0,"gold_gain":0.0,"event_name":"Tomb of Lord Red Mask","player_choice":"Paid","floor":46.0,"gold_loss":0.0,"damage_taken":0.0,"relics_obtained":["Red Mask"]},{"damage_healed":0.0,"max_hp_gain":0.0,"max_hp_loss":0.0,"gold_gain":0.0,"event_name":"SensoryStone","player_choice":"Memory 1","floor":47.0,"gold_loss":0.0,"damage_taken":0.0}],"is_beta":false,"boss_relics":[{"not_picked":["Runic Pyramid","Sozu"],"picked":"Ectoplasm"},{"not_picked":["Mark of Pain","Philosopher\u0027s Stone"],"picked":"Snecko Eye"}],"items_purged_floors":[10],"is_endless":false,"potions_floor_spawned":[2,7,11,19,21,37,48],"killed_by":"Time Eater","ascension_level":4}}