{"host":"d2y4rmbezebiv8aj","time":1609756445,"event":{"mods":["AchievementEnabler","BaseMod","Bestiary","BetterRewards","Colored Map","Colored Powertips","Custom Start","Highlight Path","Minty Spire (QoL Compilation)","Quick Restart","Rare Cards Sparkle","Relic Sorter","Relic Stats","Shop Mod","Slay-I","StSLib","SuperFastMode"],"gold_per_floor":[117,117,117,130,145,145,170,170,196,196,196],"floor_reached":10,"playtime":173,"items_purged":[],"score":83,"play_id":"47c034cf-4fc1-43b2-ac91-1e0844184e99","local_time":"20210104113405","is_ascension_mode":true,"campfire_choices":[{"data":"Slice","floor":6,"key":"SMITH"},{"floor":8,"key":"REST"}],"circlet_count":0,"master_deck":["Strike_G","Strike_G","Strike_G","Strike_G","Strike_G","Defend_G","Defend_G","Defend_G","Defend_G","Defend_G","Survivor","Neutralize","Blade Dance+1","Outmaneuver","Slice+1","Sucker Punch"],"relics":["Ring of the Snake","NeowsBlessing","Toy Ornithopter","Centennial Puzzle"],"acts_visited":["Exordium"],"potions_floor_usage":[7],"damage_taken":[{"damage":0,"enemies":"Jaw Worm","floor":1,"turns":1},{"damage":0,"enemies":"2 Louse","floor":4,"turns":1},{"damage":0,"enemies":"Cultist","floor":5,"turns":1},{"damage":65,"enemies":"Lagavulin","floor":7,"turns":12},{"damage":0,"enemies":"3 Sentries","floor":10,"turns":1}],"seed_played":"5690433967765169941","potions_obtained":[{"floor":5,"key":"Block Potion"},{"floor":7,"key":"CultistPotion"}],"is_trial":false,"path_per_floor":["M","?","?","M","M","R","E","R","T","E"],"character_chosen":"THE_SILENT","items_purchased":[],"campfire_rested":1,"item_purchase_floors":[],"current_hp_per_floor":[70,70,70,70,70,70,5,26,26,26,26],"gold":196,"neow_bonus":"THREE_ENEMY_KILL","is_daily":false,"chose_seed":false,"campfire_upgraded":1,"win_rate":0.0,"timestamp":1609756445,"path_taken":["M","?","?","M","?","R","E","R","T","E"],"items_purchased_type":[],"build_version":"2020-12-22","purchased_purges":0,"victory":false,"max_hp_per_floor":[70,70,70,70,70,70,70,70,70,70,70],"relic_stats":{"Centennial Puzzle":[0],"counters":[5,16],"obtain_stats":[{"Centennial Puzzle":9,"NeowsBlessing":0,"Toy Ornithopter":7,"Ring of the Snake":0},{"Centennial Puzzle":4,"NeowsBlessing":0,"Toy Ornithopter":4,"Ring of the Snake":0},{"Centennial Puzzle":15,"NeowsBlessing":0,"Toy Ornithopter":15,"Ring of the Snake":0}],"Toy Ornithopter":0,"Ring of the Snake":[10]},"card_choices":[{"not_picked":["Skewer","Dodge and Roll"],"picked":"Blade Dance","floor":1},{"not_picked":["Backflip","Underhanded Strike"],"picked":"Outmaneuver","floor":4},{"not_picked":["Choke","Riddle With Holes"],"picked":"Slice","floor":5},{"not_picked":["Slice","Dash"],"picked":"Sucker Punch","floor":7}],"player_experience":343988,"relics_obtained":[{"floor":7,"key":"Toy Ornithopter"},{"floor":9,"key":"Centennial Puzzle"}],"event_choices":[{"damage_healed":0,"gold_gain":0,"player_choice":"Grow","damage_taken":0,"max_hp_gain":0,"max_hp_loss":0,"event_name":"Living Wall","floor":2,"gold_loss":0,"cards_upgraded":["Blade Dance"]},{"damage_healed":0,"gold_gain":0,"player_choice":"Bought 0 Potions","damage_taken":0,"max_hp_gain":0,"max_hp_loss":0,"event_name":"The Woman in Blue","floor":3,"gold_loss":0}],"is_beta":false,"boss_relics":[],"items_purged_floors":[],"is_endless":false,"potions_floor_spawned":[5,7],"killed_by":"3 Sentries","ascension_level":5}}