{"host":"qej2n2dxpc0uppw7","time":1609742307,"event":{"mods":["BaseMod","Colored Map","Minty Spire (QoL Compilation)","StSLib"],"gold_per_floor":[118,118,133,62,81,116,128,128,152,180,180,239,239,254,254,355,355,369,294,294],"floor_reached":19,"playtime":1511,"items_purged":[],"score":177,"play_id":"8ebada52-5d70-46b5-be16-6f5cb8e12e69","local_time":"20210104033827","is_ascension_mode":false,"campfire_choices":[{"floor":11.0,"key":"REST"},{"data":"Neutralize","floor":13.0,"key":"SMITH"},{"floor":15.0,"key":"REST"}],"circlet_count":0,"master_deck":["Strike_G","Strike_G","Strike_G","Strike_G","Strike_G","Defend_G","Defend_G","Defend_G","Defend_G","Defend_G","Survivor","Neutralize+1","Crippling Poison","Pain","Sucker Punch","Well Laid Plans","Infinite Blades","Backflip","Noxious Fumes","Escape Plan","Underhanded Strike","Outmaneuver","A Thousand Cuts","Backflip"],"relics":["Ring of the Snake","NeowsBlessing","WarpedTongs","Oddly Smooth Stone","Bag of Preparation","MealTicket","HornCleat","Runic Pyramid"],"acts_visited":["Exordium","TheCity"],"potions_floor_usage":[],"damage_taken":[{"damage":0.0,"enemies":"Jaw Worm","floor":1.0,"turns":1.0},{"damage":0.0,"enemies":"Cultist","floor":3.0,"turns":1.0},{"damage":0.0,"enemies":"Small Slimes","floor":5.0,"turns":1.0},{"damage":24.0,"enemies":"3 Sentries","floor":6.0,"turns":10.0},{"damage":14.0,"enemies":"Exordium Thugs","floor":7.0,"turns":8.0},{"damage":12.0,"enemies":"Lagavulin","floor":10.0,"turns":5.0},{"damage":16.0,"enemies":"Gremlin Nob","floor":12.0,"turns":5.0},{"damage":3.0,"enemies":"Exordium Wildlife","floor":14.0,"turns":3.0},{"damage":25.0,"enemies":"Hexaghost","floor":16.0,"turns":12.0},{"damage":58.0,"enemies":"Spheric Guardian","floor":18.0,"turns":6.0},{"damage":20,"enemies":"2 Thieves","floor":19,"turns":3}],"seed_played":"-6286061027667634210","potions_obtained":[{"floor":1.0,"key":"DuplicationPotion"},{"floor":3.0,"key":"PowerPotion"},{"floor":5.0,"key":"GamblersBrew"},{"floor":7.0,"key":"Fire Potion"}],"is_trial":false,"path_per_floor":["M","?","M","$","M","E","M","$","T","E","R","?","R","M","R","B",null,"M","M"],"character_chosen":"THE_SILENT","items_purchased":["Well Laid Plans"],"campfire_rested":2,"item_purchase_floors":[4],"current_hp_per_floor":[70,70,70,70,70,46,32,32,32,20,41,25,25,22,43,18,70,12,0,0],"gold":294,"neow_bonus":"THREE_ENEMY_KILL","is_daily":false,"chose_seed":false,"campfire_upgraded":1,"win_rate":0.0,"timestamp":1609742307,"path_taken":["M","?","M","$","?","E","M","$","T","E","R","?","R","M","R","BOSS","M","M"],"items_purchased_type":["Card"],"build_version":"2020-12-22","purchased_purges":0,"victory":false,"max_hp_per_floor":[70,70,70,70,70,70,70,70,70,70,70,70,70,70,70,70,70,70,70,70],"card_choices":[{"not_picked":["Finisher","Predator"],"picked":"Crippling Poison","floor":1.0},{"not_picked":["Slice","Dodge and Roll"],"picked":"Sucker Punch","floor":3.0},{"not_picked":["Quick Slash","Dodge and Roll"],"picked":"Infinite Blades","floor":5.0},{"not_picked":["Dagger Spray","PiercingWail"],"picked":"Backflip","floor":6.0},{"not_picked":["Masterful Stab","Dagger Spray"],"picked":"Noxious Fumes","floor":7.0},{"not_picked":["Distraction","Choke"],"picked":"Escape Plan","floor":10.0},{"not_picked":["Tactician","Well Laid Plans"],"picked":"Underhanded Strike","floor":12.0},{"not_picked":["Dagger Throw","Bouncing Flask"],"picked":"Outmaneuver","floor":14.0},{"not_picked":["Phantasmal Killer","Unload"],"picked":"A Thousand Cuts","floor":16.0},{"not_picked":["Deflect","Underhanded Strike"],"picked":"Backflip","floor":18.0}],"player_experience":4776,"relics_obtained":[{"floor":6.0,"key":"Oddly Smooth Stone"},{"floor":9.0,"key":"Bag of Preparation"},{"floor":10.0,"key":"MealTicket"},{"floor":12.0,"key":"HornCleat"}],"event_choices":[{"damage_healed":0.0,"max_hp_gain":0.0,"max_hp_loss":0.0,"gold_gain":0.0,"event_name":"Accursed Blacksmith","player_choice":"Rummage","floor":2.0,"gold_loss":0.0,"damage_taken":0.0,"relics_obtained":["WarpedTongs"],"cards_obtained":["Pain"]},{"damage_healed":0.0,"max_hp_gain":0.0,"max_hp_loss":0.0,"gold_gain":30.0,"event_name":"Dead Adventurer","player_choice":"Searched \u00272\u0027 times","floor":12.0,"gold_loss":0.0,"damage_taken":0.0}],"is_beta":false,"boss_relics":[{"not_picked":["SacredBark","Empty Cage"],"picked":"Runic Pyramid"}],"items_purged_floors":[],"is_endless":false,"potions_floor_spawned":[1,3,5,7],"killed_by":"2 Thieves","ascension_level":0}}