{"host":"ryuep8ewa00k39z9","time":1609719328,"event":{"mods":["AchievementEnabler","BaseMod","Best Route Mod","Colored Map","Colored Powertips","Displayed Cursed Tome","Highlight Path","Minty Spire (QoL Compilation)","Quick Restart","SuperFastMode"],"gold_per_floor":[15,15,15,15,15,15,45,45,97,97,112,123,154,154,154,252,252,252,252,252,252,252,252,252,252,252,252,252,252,252,99,99,99,99,99,99,99,99,99,99,99],"floor_reached":40,"playtime":5128,"items_purged":[],"score":562,"play_id":"ee75ce82-c89a-4c30-b9d7-cec36836c623","local_time":"20210103181528","is_ascension_mode":true,"campfire_choices":[{"data":"Electrodynamics","floor":6.0,"key":"SMITH"},{"data":"Reboot","floor":8.0,"key":"SMITH"},{"floor":10.0,"key":"REST"},{"floor":15.0,"key":"REST"},{"data":"Fusion","floor":24.0,"key":"SMITH"},{"data":"Biased Cognition","floor":27.0,"key":"SMITH"},{"floor":29.0,"key":"REST"},{"floor":32.0,"key":"REST"}],"circlet_count":0,"master_deck":["Zap","Dualcast","Electrodynamics+1","Redo","Reboot+1","Capacitor","Fusion+1","Biased Cognition+1","Rainbow+1","Redo+1","Force Field","Chill","Self Repair","Reboot","Static Discharge+1","Sunder","Echo Form+1","Recycle","Force Field","Multi-Cast","Steam","Redo+1","Machine Learning+1"],"relics":["Cracked Core","Nunchaku","Omamori","Oddly Smooth Stone","Ectoplasm","Pantograph","CeramicFish","Frozen Egg 2","Pandora\u0027s Box"],"acts_visited":["Exordium","TheCity","TheBeyond"],"potions_floor_usage":[],"damage_taken":[{"damage":0.0,"enemies":"Small Slimes","floor":1.0,"turns":3.0},{"damage":31.0,"enemies":"Lagavulin","floor":7.0,"turns":6.0},{"damage":0.0,"enemies":"Cultist","floor":11.0,"turns":2.0},{"damage":4.0,"enemies":"Jaw Worm","floor":12.0,"turns":3.0},{"damage":32.0,"enemies":"Gremlin Nob","floor":13.0,"turns":4.0},{"damage":38.0,"enemies":"Hexaghost","floor":16.0,"turns":8.0},{"damage":0.0,"enemies":"2 Thieves","floor":18.0,"turns":1.0},{"damage":0.0,"enemies":"3 Byrds","floor":21.0,"turns":3.0},{"damage":18.0,"enemies":"Book of Stabbing","floor":23.0,"turns":5.0},{"damage":3.0,"enemies":"Centurion and Healer","floor":25.0,"turns":4.0},{"damage":60.0,"enemies":"Gremlin Leader","floor":28.0,"turns":6.0},{"damage":4.0,"enemies":"Cultist and Chosen","floor":30.0,"turns":4.0},{"damage":56.0,"enemies":"Collector","floor":33.0,"turns":8.0},{"damage":39.0,"enemies":"3 Darklings","floor":35.0,"turns":2.0},{"damage":15.0,"enemies":"3 Shapes","floor":36.0,"turns":4.0},{"damage":0.0,"enemies":"Jaw Worm Horde","floor":38.0,"turns":1.0},{"damage":9.0,"enemies":"Sphere and 2 Shapes","floor":39.0,"turns":3.0},{"damage":0,"enemies":"Reptomancer","floor":40,"turns":2}],"seed_played":"-2133553094569651537","potions_obtained":[{"floor":7.0,"key":"Fire Potion"},{"floor":11.0,"key":"Strength Potion"},{"floor":13.0,"key":"Fire Potion"},{"floor":21.0,"key":"SmokeBomb"},{"floor":23.0,"key":"EssenceOfSteel"},{"floor":30.0,"key":"SpeedPotion"},{"floor":39.0,"key":"PotionOfCapacity"}],"is_trial":false,"path_per_floor":["M","?","$","T","$","R","E","R","T","R","M","M","E","?","R","B",null,"M","?","?","M","?","E","R","M","T","R","E","R","M","$","R","B",null,"M","M","?","M","M","E"],"character_chosen":"DEFECT","items_purchased":["Static Discharge+1","Sunder"],"campfire_rested":4,"item_purchase_floors":[31,31],"current_hp_per_floor":[68,68,68,68,68,68,37,37,37,59,59,55,23,23,45,7,58,58,75,75,75,75,57,57,61,61,61,8,30,26,26,48,24,62,23,15,15,15,13,13,13],"gold":99,"neow_bonus":"THREE_RARE_CARDS","is_daily":false,"chose_seed":false,"campfire_upgraded":4,"win_rate":0.0,"timestamp":1609719328,"path_taken":["M","?","$","?","?","R","E","R","T","R","?","M","E","?","R","BOSS","M","?","?","?","?","E","R","?","T","R","E","R","M","$","R","BOSS","M","M","?","?","M","E"],"items_purchased_type":["Card","Card"],"build_version":"2020-12-22","purchased_purges":0,"victory":false,"max_hp_per_floor":[75,75,75,75,75,75,75,75,75,75,75,75,75,75,75,75,75,75,75,75,75,75,75,75,75,75,75,75,75,75,75,75,75,75,75,75,75,75,75,75,75],"card_choices":[{"not_picked":["Amplify","Machine Learning"],"picked":"Electrodynamics","floor":0.0},{"not_picked":["Conserve Battery","Coolheaded"],"picked":"Redo","floor":1.0},{"not_picked":["Gash","Steam"],"picked":"Reboot","floor":7.0},{"not_picked":["Streamline","Compile Driver"],"picked":"Capacitor","floor":11.0},{"not_picked":["Gash","Go for the Eyes"],"picked":"Fusion","floor":12.0},{"not_picked":["White Noise","Hologram"],"picked":"Biased Cognition","floor":13.0},{"not_picked":["Seek","Electrodynamics"],"picked":"Rainbow","floor":16.0},{"not_picked":["Conserve Battery","Double Energy"],"picked":"Redo+1","floor":18.0},{"not_picked":["Steam+1","Compile Driver"],"picked":"Force Field","floor":21.0},{"not_picked":["Biased Cognition","Genetic Algorithm"],"picked":"Self Repair","floor":23.0},{"not_picked":["Stack","Fusion","Rebound"],"picked":"SKIP","floor":25.0},{"not_picked":["Melter","Scrape"],"picked":"Reboot","floor":28.0},{"not_picked":["Beam Cell","Redo","Coolheaded"],"picked":"SKIP","floor":30.0},{"not_picked":["Hyperbeam","Creative AI+1"],"picked":"Echo Form+1","floor":33.0},{"not_picked":["Genetic Algorithm","Ball Lightning+1"],"picked":"Redo+1","floor":35.0},{"not_picked":["Go for the Eyes+1","Coolheaded+1","Hologram+1"],"picked":"SKIP","floor":36.0},{"not_picked":["Fusion","Turbo+1"],"picked":"Machine Learning+1","floor":39.0}],"player_experience":3752742,"relics_obtained":[{"floor":7.0,"key":"Nunchaku"},{"floor":9.0,"key":"Omamori"},{"floor":13.0,"key":"Oddly Smooth Stone"},{"floor":23.0,"key":"Pantograph"},{"floor":26.0,"key":"CeramicFish"},{"floor":28.0,"key":"Frozen Egg 2"}],"event_choices":[{"cards_removed":["Strike_B"],"damage_healed":0.0,"max_hp_gain":0.0,"max_hp_loss":0.0,"gold_gain":0.0,"event_name":"Bonfire Elementals","player_choice":"Offered Basic","floor":2.0,"gold_loss":0.0,"damage_taken":0.0},{"cards_removed":["Defend_B"],"damage_healed":0.0,"max_hp_gain":0.0,"max_hp_loss":0.0,"gold_gain":0.0,"event_name":"Living Wall","player_choice":"Forget","floor":14.0,"gold_loss":0.0,"damage_taken":0.0},{"damage_healed":25.0,"max_hp_gain":0.0,"max_hp_loss":0.0,"gold_gain":0.0,"event_name":"The Library","player_choice":"Heal","floor":19.0,"gold_loss":0.0,"damage_taken":0.0},{"cards_removed":["Defend_B"],"damage_healed":0.0,"max_hp_gain":0.0,"max_hp_loss":0.0,"gold_gain":0.0,"event_name":"Back to Basics","player_choice":"Elegance","floor":20.0,"gold_loss":0.0,"damage_taken":0.0},{"damage_healed":0.0,"max_hp_gain":0.0,"max_hp_loss":0.0,"gold_gain":0.0,"cards_transformed":["Strike_B"],"event_name":"Transmorgrifier","player_choice":"Transformed","floor":22.0,"gold_loss":0.0,"damage_taken":0.0,"cards_obtained":["Chill"]},{"damage_healed":0.0,"max_hp_gain":0.0,"max_hp_loss":0.0,"gold_gain":0.0,"event_name":"Accursed Blacksmith","player_choice":"Forge","floor":37.0,"gold_loss":0.0,"damage_taken":0.0,"cards_upgraded":["Rainbow"]}],"is_beta":false,"boss_relics":[{"not_picked":["Busted Crown","Runic Dome"],"picked":"Ectoplasm"},{"not_picked":["Philosopher\u0027s Stone","Runic Pyramid"],"picked":"Pandora\u0027s Box"}],"items_purged_floors":[],"is_endless":false,"potions_floor_spawned":[7,11,13,21,23,30,39],"killed_by":"Reptomancer","ascension_level":6}}