{"host":"os9owiyb0rak6c8n","time":1609791980,"event":{"mods":["AchievementEnabler","Astrologer","BaseMod","Beaked The Cultist","Better Third Choice","Block Reminder","Colored Map","Colored Powertips","Dio Mod","Minty Spire (QoL Compilation)","Robot Space Explorer","Spicy Shops","StSLib","The Death Knight","The Necromancer"],"gold_per_floor":[117,127,0,0,20,49,49,81,81,100,25,25,51,71,71,173,173,185,41,41,51,66,66,91,91,91],"floor_reached":25,"playtime":1355,"items_purged":["DeathKnight:Defend_DeathKnight"],"score":301,"play_id":"a2262b93-1066-495d-a7d4-52aee4a6d984","local_time":"20210104212620","is_ascension_mode":true,"campfire_choices":[{"data":"DeathKnight:DeathsAdvance","floor":7,"key":"SMITH"},{"floor":15,"key":"REST"},{"data":"Discovery","floor":23,"key":"SMITH"}],"circlet_count":0,"master_deck":["DeathKnight:Strike_DeathKnight","DeathKnight:Strike_DeathKnight","DeathKnight:Strike_DeathKnight","DeathKnight:Strike_DeathKnight","DeathKnight:Strike_DeathKnight","DeathKnight:Defend_DeathKnight","DeathKnight:Defend_DeathKnight","DeathKnight:Defend_DeathKnight","DeathKnight:Defend_DeathKnight","DeathKnight:RuneTap","DeathKnight:RuneStrike","PanicButton","DeathKnight:IceboundArmor","DeathKnight:DarkSuccor","Enlightenment+1","DeathKnight:DeathsAdvance+1","DeathKnight:FrosPresence","DeathKnight:Pestilence","DeathKnight:RaiseAlly","DeathKnight:MarkOfBlood","DeathKnight:PathOfFrost+1","DeathKnight:Pestilence","Discovery+1","DeathKnight:Frostscythe"],"relics":["DeathKnight:BrokenRuneblade","Gremlin Horn","Matryoshka","Strawberry","Meat on the Bone","Anchor","Philosopher\u0027s Stone","Thread and Needle","DeathKnight:JainasLocket"],"acts_visited":["Exordium","TheCity"],"potions_floor_usage":[6,10,24,24],"damage_taken":[{"damage":2,"enemies":"2 Louse","floor":1,"turns":4},{"damage":0,"enemies":"Jaw Worm","floor":2,"turns":4},{"damage":5,"enemies":"Cultist","floor":5,"turns":4},{"damage":37,"enemies":"Gremlin Nob","floor":6,"turns":5},{"damage":16,"enemies":"3 Sentries","floor":8,"turns":15},{"damage":0,"enemies":"2 Fungi Beasts","floor":10,"turns":4},{"damage":32,"enemies":"Lagavulin","floor":13,"turns":7},{"damage":7,"enemies":"Looter","floor":14,"turns":3},{"damage":41,"enemies":"Hexaghost","floor":16,"turns":11},{"damage":0,"enemies":"Chosen","floor":18,"turns":7},{"damage":0,"enemies":"Shell Parasite","floor":21,"turns":4},{"damage":0,"enemies":"Snecko","floor":22,"turns":5},{"damage":52,"enemies":"Slavers","floor":24,"turns":6},{"damage":41,"enemies":"3 Cultists","floor":25,"turns":4}],"seed_played":"4372574803734969423","potions_obtained":[{"floor":2,"key":"DistilledChaos"},{"floor":8,"key":"DeathKnight:BottledBloodEchoes"},{"floor":13,"key":"LiquidBronze"},{"floor":14,"key":"DeathKnight:VirulencePotion"},{"floor":21,"key":"DeathKnight:VirulencePotion"}],"is_trial":false,"path_per_floor":["M","M","?","?","M","E","R","E","T","M","$","$","E","M","R","B",null,"M","$","?","M","M","R","E","M"],"character_chosen":"DEATH_KNIGHT","items_purchased":["DeathKnight:Pestilence","Discovery"],"campfire_rested":1,"item_purchase_floors":[19,19],"current_hp_per_floor":[73,73,79,79,74,37,37,21,28,40,40,40,20,25,51,22,72,72,72,72,72,72,72,32,0,0],"gold":91,"neow_bonus":"RANDOM_COLORLESS","is_daily":false,"chose_seed":false,"campfire_upgraded":2,"win_rate":0.0,"timestamp":1609791980,"path_taken":["M","M","?","?","M","E","R","E","T","M","?","$","E","M","R","BOSS","M","$","?","M","?","R","E","M"],"items_purchased_type":["Card","Card"],"build_version":"2020-12-22","purchased_purges":1,"victory":false,"max_hp_per_floor":[75,75,81,81,81,81,81,81,88,88,88,88,88,88,88,88,88,88,88,88,88,88,88,88,88,88],"card_choices":[{"not_picked":["Blind","Dark Shackles"],"picked":"PanicButton","floor":0},{"not_picked":["DeathKnight:MutagenicPlague","DeathKnight:RunicCorruption"],"picked":"DeathKnight:IceboundArmor","floor":1},{"not_picked":["DeathKnight:IceboundArmor","DeathKnight:RunicCorruption"],"picked":"DeathKnight:DarkSuccor","floor":2},{"not_picked":["DeathKnight:IceboundArmor","DeathKnight:BoneSpear","DeathKnight:Obliterate"],"picked":"SKIP","floor":5},{"not_picked":["DeathKnight:DeathAndDecay","DeathKnight:Marrowrend"],"picked":"DeathKnight:DeathsAdvance","floor":6},{"not_picked":["DeathKnight:BoneSpear","DeathKnight:BludPresence"],"picked":"DeathKnight:FrosPresence","floor":8},{"not_picked":["DeathKnight:BludPresence","DeathKnight:UnholyAssault"],"picked":"DeathKnight:Pestilence","floor":10},{"not_picked":["DeathKnight:RunicDetonation","DeathKnight:UnholyFrenzy","DeathKnight:BloodStrike"],"picked":"SKIP","floor":13},{"not_picked":["DeathKnight:FoulBulwark","DeathKnight:BloodTap"],"picked":"DeathKnight:RaiseAlly","floor":14},{"not_picked":["DeathKnight:RunicDetonation","DeathKnight:Simulacrum"],"picked":"DeathKnight:MarkOfBlood","floor":16},{"not_picked":["DeathKnight:FrosPresence","DeathKnight:Ossuary"],"picked":"DeathKnight:PathOfFrost+1","floor":18},{"not_picked":["DeathKnight:WraithWalk","DeathKnight:Pestilence","DeathKnight:UnholyFrenzy"],"picked":"SKIP","floor":21},{"not_picked":["DeathKnight:DeathStrike","DeathKnight:BloodBoil","DeathKnight:DreadStrike"],"picked":"SKIP","floor":22},{"not_picked":["DeathKnight:PlagueStrike","DeathKnight:BloodBoil"],"picked":"DeathKnight:Frostscythe","floor":24}],"player_experience":586491,"relics_obtained":[{"floor":6,"key":"Gremlin Horn"},{"floor":8,"key":"Matryoshka"},{"floor":9,"key":"Strawberry"},{"floor":9,"key":"Meat on the Bone"},{"floor":13,"key":"Anchor"},{"floor":24,"key":"DeathKnight:JainasLocket"}],"event_choices":[{"damage_healed":0,"gold_gain":0,"player_choice":"RENOUNCE","damage_taken":127,"max_hp_gain":0,"max_hp_loss":0,"event_name":"betterThird:BetterSerpent","floor":3,"gold_loss":127,"cards_obtained":["Enlightenment"]},{"damage_healed":0,"gold_gain":0,"player_choice":"Grow","damage_taken":0,"max_hp_gain":0,"max_hp_loss":0,"event_name":"Living Wall","floor":4,"gold_loss":0,"cards_upgraded":["Enlightenment"]},{"damage_healed":0,"gold_gain":0,"player_choice":"Gave Potion","damage_taken":0,"relics_obtained":["Thread and Needle"],"max_hp_gain":0,"max_hp_loss":0,"event_name":"WeMeetAgain","floor":20,"gold_loss":0}],"is_beta":false,"boss_relics":[{"not_picked":["Velvet Choker","Runic Dome"],"picked":"Philosopher\u0027s Stone"}],"items_purged_floors":[11],"is_endless":false,"potions_floor_spawned":[2,8,13,14,21],"killed_by":"3 Cultists","ascension_level":5}}