{"host":"crmowuwgj9wiiaqp","time":1609802158,"event":{"mods":["BaseMod","Minty Spire (QoL Compilation)","Potionbrewer","StSLib","Wide Potions"],"gold_per_floor":[113,10,26,126,163,163,193,203,203,232,232,332,22,57,57,154,154,174,23,23,23,33,64,64,78,151,176,176,193,213,213,213],"floor_reached":31,"playtime":2018,"items_purged":[],"score":333,"play_id":"a8ceabca-7a5e-481a-909c-ff46bf7279c0","local_time":"20210104161558","is_ascension_mode":true,"campfire_choices":[{"data":"potionbrewer:Collect","floor":6.0,"key":"SMITH"},{"data":"potionbrewer:OneTwoPunch","floor":11.0,"key":"SMITH"},{"data":"potionbrewer:Accelerant","floor":15.0,"key":"SMITH"},{"floor":24.0,"key":"REST"},{"data":"potionbrewer:BottomlessFlask","floor":28.0,"key":"SMITH"}],"circlet_count":0,"master_deck":["potionbrewer:PotionbrewerStrike","potionbrewer:PotionbrewerStrike","potionbrewer:PotionbrewerStrike","potionbrewer:PotionbrewerDefend","potionbrewer:PotionbrewerDefend","potionbrewer:PotionbrewerDefend","potionbrewer:PotionbrewerDefend","potionbrewer:Collect+1","potionbrewer:ChemicalSpill","Good Instincts","potionbrewer:OneTwoPunch+1","potionbrewer:AnotherRound","potionbrewer:Refill","potionbrewer:QuickStep","potionbrewer:Prototype","potionbrewer:WizBang+1","potionbrewer:Contingency+1","potionbrewer:Prototype","potionbrewer:Prototype","potionbrewer:Accelerant+1","potionbrewer:Prototype","potionbrewer:ResearchResults","potionbrewer:ChoosePotion","potionbrewer:ChoosePotion","potionbrewer:Prototype","potionbrewer:HazardousMaterials"],"relics":["potionbrewer:AlchemistKit","Molten Egg 2","potionbrewer:RamsHorn","Art of War","DollysMirror","Akabeko","Anchor","Chemical X","Ornamental Fan","Sundial","Thread and Needle"],"acts_visited":["TheCity"],"potions_floor_usage":[31],"damage_taken":[{"damage":0.0,"enemies":"2 Louse","floor":1.0,"turns":2.0},{"damage":0.0,"enemies":"Cultist","floor":3.0,"turns":4.0},{"damage":1.0,"enemies":"Jaw Worm","floor":5.0,"turns":3.0},{"damage":8.0,"enemies":"Gremlin Nob","floor":7.0,"turns":5.0},{"damage":2.0,"enemies":"Lots of Slimes","floor":8.0,"turns":5.0},{"damage":9.0,"enemies":"3 Sentries","floor":10.0,"turns":7.0},{"damage":11.0,"enemies":"Gremlin Nob","floor":14.0,"turns":3.0},{"damage":13.0,"enemies":"Hexaghost","floor":16.0,"turns":9.0},{"damage":0.0,"enemies":"Spheric Guardian","floor":18.0,"turns":3.0},{"damage":0.0,"enemies":"Shell Parasite","floor":22.0,"turns":4.0},{"damage":68.0,"enemies":"Gremlin Leader","floor":23.0,"turns":8.0},{"damage":5.0,"enemies":"3 Cultists","floor":25.0,"turns":6.0},{"damage":7.0,"enemies":"Book of Stabbing","floor":27.0,"turns":6.0},{"damage":4.0,"enemies":"Sentry and Sphere","floor":29.0,"turns":4.0},{"damage":4.0,"enemies":"Snake Plant","floor":30.0,"turns":3.0},{"damage":9,"enemies":"Slavers","floor":31,"turns":2}],"seed_played":"3211593870542834350","potions_obtained":[{"floor":1.0,"key":"potionbrewer:MidasPotion"},{"floor":8.0,"key":"potionbrewer:EndurancePotion"},{"floor":25.0,"key":"SkillPotion"},{"floor":27.0,"key":"LiquidBronze"},{"floor":29.0,"key":"CultistPotion"},{"floor":30.0,"key":"potionbrewer:BarricadePotion"}],"is_trial":false,"path_per_floor":["M","$","M","?","M","R","E","M","T","E","R","?","$","E","R","B",null,"M","$","?","$","M","E","R","M","T","E","R","M","M","E"],"character_chosen":"POTIONBREWER","items_purchased":["potionbrewer:AnotherRound","potionbrewer:Refill","DollysMirror","Akabeko","Chemical X"],"campfire_rested":1,"item_purchase_floors":[2,2,13,13,19],"current_hp_per_floor":[75,75,75,75,74,74,66,64,64,55,55,55,55,44,44,31,75,75,75,75,75,75,7,29,24,24,17,17,13,9,0,0],"gold":213,"neow_bonus":"RANDOM_COLORLESS","is_daily":false,"chose_seed":false,"campfire_upgraded":4,"win_rate":0.0,"timestamp":1609802158,"path_taken":["M","$","M","?","?","R","E","M","T","E","R","?","$","E","R","BOSS","M","?","?","$","?","E","R","M","T","E","R","?","M","E"],"items_purchased_type":["Card","Card","Relic","Relic","Relic"],"build_version":"2020-12-22","purchased_purges":0,"victory":false,"max_hp_per_floor":[75,75,75,75,75,75,75,75,75,75,75,75,75,75,75,75,75,75,75,75,75,75,75,75,75,75,75,75,75,75,75,75],"card_choices":[{"not_picked":["Dramatic Entrance","Madness"],"picked":"Good Instincts","floor":0.0},{"not_picked":["potionbrewer:WizBang","potionbrewer:ExplosiveReaction"],"picked":"potionbrewer:OneTwoPunch","floor":1.0},{"not_picked":["potionbrewer:PortableLab","potionbrewer:Biohazard"],"picked":"potionbrewer:QuickStep","floor":3.0},{"not_picked":["potionbrewer:EmptyBottle","potionbrewer:Smokescreen","potionbrewer:ChemicalRage"],"picked":"potionbrewer:Prototype","floor":5.0},{"not_picked":["potionbrewer:Smack+1","potionbrewer:TestSubject+1"],"picked":"potionbrewer:WizBang+1","floor":7.0},{"not_picked":["potionbrewer:VolatileSolution+1","potionbrewer:ChainReaction"],"picked":"potionbrewer:Contingency+1","floor":8.0},{"not_picked":["potionbrewer:Discombobulate+1","potionbrewer:Toxicity","potionbrewer:Shovel+1"],"picked":"potionbrewer:Prototype","floor":10.0},{"not_picked":["potionbrewer:ChainReaction","potionbrewer:ChemicalShroud"],"picked":"potionbrewer:Accelerant","floor":14.0},{"not_picked":["potionbrewer:AlchemistForm","potionbrewer:SpecialFormula"],"picked":"potionbrewer:BottomlessFlask","floor":16.0},{"not_picked":["potionbrewer:TimeBomb+1","potionbrewer:ChokingPowder","potionbrewer:Experimentation"],"picked":"potionbrewer:Prototype","floor":18.0},{"not_picked":["potionbrewer:FortifiedSerum","potionbrewer:UnstableFormula+1","potionbrewer:Contingency+1"],"picked":"SKIP","floor":22.0},{"not_picked":["potionbrewer:Biohazard","potionbrewer:BlindingSpray+1","potionbrewer:FlashPowder+1"],"picked":"SKIP","floor":23.0},{"not_picked":["potionbrewer:FortifiedSerum","potionbrewer:Toxicity","potionbrewer:UnstableFormula+1"],"picked":"SKIP","floor":25.0},{"not_picked":["potionbrewer:TestFormula","potionbrewer:FlashPowder+1"],"picked":"potionbrewer:ResearchResults","floor":27.0},{"not_picked":["potionbrewer:Discombobulate+1","potionbrewer:AnotherRound+1","potionbrewer:TimeBomb+1"],"picked":"potionbrewer:Prototype","floor":29.0},{"not_picked":["potionbrewer:ChemicalRage+1","potionbrewer:PortableLab+1"],"picked":"potionbrewer:HazardousMaterials","floor":30.0}],"player_experience":1431074,"relics_obtained":[{"floor":7.0,"key":"Molten Egg 2"},{"floor":9.0,"key":"potionbrewer:RamsHorn"},{"floor":10.0,"key":"Art of War"},{"floor":14.0,"key":"Anchor"},{"floor":23.0,"key":"Ornamental Fan"},{"floor":26.0,"key":"Sundial"},{"floor":27.0,"key":"Thread and Needle"}],"event_choices":[{"damage_healed":0.0,"max_hp_gain":0.0,"max_hp_loss":0.0,"gold_gain":100.0,"event_name":"Wheel of Change","player_choice":"Gold","floor":4.0,"gold_loss":0.0,"damage_taken":0.0},{"damage_healed":0.0,"max_hp_gain":0.0,"max_hp_loss":0.0,"gold_gain":100.0,"event_name":"Golden Shrine","player_choice":"Pray","floor":12.0,"gold_loss":0.0,"damage_taken":0.0},{"cards_removed":["potionbrewer:PotionbrewerStrike"],"damage_healed":0.0,"max_hp_gain":0.0,"max_hp_loss":0.0,"gold_gain":0.0,"event_name":"Purifier","player_choice":"Purged","floor":20.0,"gold_loss":0.0,"damage_taken":0.0}],"is_beta":false,"boss_relics":[{"not_picked":["Runic Dome","Snecko Eye"],"picked":"potionbrewer:AlchemistKit"}],"items_purged_floors":[],"is_endless":false,"potions_floor_spawned":[1,3,8,25,27,29,30],"killed_by":"Slavers","ascension_level":1}}