{"host":"1hzg86ju9fvxh562","time":1609791310,"event":{"mods":["AchievementEnabler","Act Like it!","AlwaysNeverKeys","BaseMod","Bestiary","Better Altar","Better Match","Better Note","Better Sensory Stone","Better Skull","Better Third Choice","Colored Map","Colored Powertips","Curses Come First","Displayed Cursed Tome","Filter the Spire","Highlight Path","Keyboard Shortcuts","Minty Spire (QoL Compilation)","Rare Cards Sparkle","Relic Sorter","Relic Stats","Spicy Shops","StSLib","everything is the same but u backflip on backflip","slay the spire mod where everything is the same but ironclad has a cowboy hat"],"gold_per_floor":[118,133,58,78,78,108,108,133,157,190,265,49,49,63,63,167,167,181,199,210,7,7,39,39,109,133,149,165,90,109,122,122,217,217,234,247,247,297,310,341,360,310,362,377,388,388,388,182,182,182],"floor_reached":51,"playtime":3231,"items_purged":["Defend_R","Strike_R","Sentinel+1","Blood for Blood+1"],"score":944,"play_id":"e51266f7-69df-49d1-b7dd-6199ae0f1a89","local_time":"20210104181510","is_ascension_mode":false,"campfire_choices":[{"data":"Feed","floor":13,"key":"SMITH"},{"data":"Pommel Strike","floor":15,"key":"SMITH"},{"data":"Shrug It Off","floor":24,"key":"SMITH"},{"data":"Bloodletting","floor":32,"key":"SMITH"},{"floor":49,"key":"REST"}],"circlet_count":0,"master_deck":["Bash","Body Slam+1","Shrug It Off+1","Bloodletting+1","Pommel Strike+1","Feed+1","Impervious","Pommel Strike+1","Dropkick+1"],"relics":["Astrolabe","Bag of Marbles","Ancient Tea Set","Akabeko","Blood Vial","TheAbacus","Empty Cage","Membership Card","PreservedInsect","Blue Candle","Smiling Mask","Fusion Hammer","Unceasing Top","Art of War","Happy Flower","Ice Cream","Calipers"],"acts_visited":["Exordium","TheCity","TheBeyond"],"potions_floor_usage":[10,16,38],"damage_taken":[{"damage":0,"enemies":"Cultist","floor":1,"turns":3},{"damage":0,"enemies":"2 Louse","floor":2,"turns":3},{"damage":0,"enemies":"Small Slimes","floor":4,"turns":4},{"damage":27,"enemies":"3 Sentries","floor":6,"turns":9},{"damage":13,"enemies":"Lagavulin","floor":8,"turns":5},{"damage":9,"enemies":"3 Sentries","floor":10,"turns":6},{"damage":3,"enemies":"2 Fungi Beasts","floor":14,"turns":1},{"damage":10,"enemies":"Hexaghost","floor":16,"turns":5},{"damage":3,"enemies":"3 Byrds","floor":18,"turns":5},{"damage":11,"enemies":"Spheric Guardian","floor":19,"turns":4},{"damage":6,"enemies":"Shelled Parasite and Fungi","floor":20,"turns":3},{"damage":3,"enemies":"Slavers","floor":23,"turns":5},{"damage":0,"enemies":"Centurion and Healer","floor":27,"turns":3},{"damage":3,"enemies":"Snecko","floor":28,"turns":3},{"damage":3,"enemies":"Snake Plant","floor":30,"turns":1},{"damage":3,"enemies":"Cultist and Chosen","floor":31,"turns":3},{"damage":12,"enemies":"Automaton","floor":33,"turns":6},{"damage":3,"enemies":"Orb Walker","floor":35,"turns":3},{"damage":6,"enemies":"3 Darklings","floor":36,"turns":3},{"damage":3,"enemies":"Mind Bloom Boss Battle","floor":38,"turns":5},{"damage":15,"enemies":"Maw","floor":39,"turns":3},{"damage":6,"enemies":"Giant Head","floor":40,"turns":6},{"damage":0,"enemies":"Sphere and 2 Shapes","floor":41,"turns":4},{"damage":6,"enemies":"Writhing Mass","floor":44,"turns":1},{"damage":3,"enemies":"3 Darklings","floor":45,"turns":2},{"damage":6,"enemies":"Time Eater","floor":50,"turns":2}],"seed_played":"-425160809314344954","potions_obtained":[{"floor":4,"key":"ElixirPotion"},{"floor":8,"key":"FearPotion"},{"floor":10,"key":"Fruit Juice"},{"floor":14,"key":"PowerPotion"},{"floor":23,"key":"SkillPotion"},{"floor":28,"key":"DistilledChaos"},{"floor":30,"key":"Swift Potion"},{"floor":35,"key":"Ancient Potion"},{"floor":40,"key":"Strength Potion"},{"floor":41,"key":"ColorlessPotion"},{"floor":44,"key":"DuplicationPotion"}],"is_trial":false,"path_per_floor":["M","M","$","M","?","E","?","E","T","E","?","$","R","M","R","B",null,"M","M","M","$","?","E","R","T","T","M","M","?","M","M","R","B",null,"M","M","?","?","M","E","M","$","T","M","M","?","T","$","R","B",null],"character_chosen":"IRONCLAD","items_purchased":["Feed","TheAbacus","Membership Card","Calipers"],"campfire_rested":1,"item_purchase_floors":[12,12,21,48],"current_hp_per_floor":[80,80,80,80,73,46,51,38,38,34,25,25,25,24,24,20,94,95,90,90,90,90,93,93,93,93,99,102,102,101,104,104,94,122,119,119,119,122,113,109,115,115,115,115,118,118,118,118,139,133],"gold":182,"neow_bonus":"BOSS_RELIC","is_daily":false,"chose_seed":false,"campfire_upgraded":4,"win_rate":0.0,"timestamp":1609791310,"path_taken":["M","M","$","?","?","E","?","E","T","E","?","$","R","M","R","BOSS","M","M","?","$","?","E","R","?","T","M","M","?","M","M","R","BOSS","M","M","?","?","M","E","M","$","T","M","M","?","?","$","R","BOSS"],"items_purchased_type":["Card","Relic","Relic","Relic"],"build_version":"2020-12-22","purchased_purges":4,"victory":true,"max_hp_per_floor":[80,80,80,80,80,80,85,85,85,90,90,90,90,90,90,94,94,98,102,106,106,106,110,110,110,110,114,118,118,118,122,122,122,122,122,126,126,130,134,134,138,138,138,142,146,139,139,139,139,139],"relic_stats":{"Blood Vial":34,"TheAbacus":[456],"Happy Flower":[1],"counters":[26,98],"Astrolabe":["Blood for Blood","Sentinel","Body Slam"],"Blue Candle":[0],"PreservedInsect":125,"Art of War":[0],"Smiling Mask":38,"obtain_stats":[{"Ice Cream":47,"Calipers":48,"Happy Flower":43,"Astrolabe":0,"Blue Candle":25,"PreservedInsect":23,"Ancient Tea Set":8,"Empty Cage":17,"Smiling Mask":26,"Burning Blood":0,"Akabeko":9,"Blood Vial":10,"TheAbacus":12,"Fusion Hammer":34,"Bag of Marbles":6,"Art of War":40,"Membership Card":21,"Unceasing Top":38},{"Ice Cream":25,"Calipers":25,"Happy Flower":23,"Astrolabe":0,"Blue Candle":12,"PreservedInsect":12,"Ancient Tea Set":5,"Empty Cage":8,"Smiling Mask":12,"Burning Blood":0,"Akabeko":5,"Blood Vial":6,"TheAbacus":6,"Fusion Hammer":17,"Bag of Marbles":4,"Art of War":22,"Membership Card":11,"Unceasing Top":20},{"Ice Cream":96,"Calipers":96,"Happy Flower":93,"Astrolabe":0,"Blue Candle":53,"PreservedInsect":53,"Ancient Tea Set":24,"Empty Cage":36,"Smiling Mask":53,"Burning Blood":0,"Akabeko":24,"Blood Vial":30,"TheAbacus":30,"Fusion Hammer":69,"Bag of Marbles":19,"Art of War":89,"Membership Card":48,"Unceasing Top":80}],"Unceasing Top":[0]},"card_choices":[{"not_picked":["Armaments","Thunderclap"],"picked":"Shrug It Off","floor":1},{"not_picked":["Warcry","True Grit","Cleave"],"picked":"SKIP","floor":2},{"not_picked":["Shrug It Off","Cleave"],"picked":"Bloodletting","floor":4},{"not_picked":["Clash","Double Tap"],"picked":"Pommel Strike","floor":6},{"not_picked":["Power Through","Rampage","Burning Pact"],"picked":"SKIP","floor":8},{"not_picked":["Burning Pact","Sentinel","Uppercut"],"picked":"SKIP","floor":10},{"not_picked":["Clothesline","Havoc","Headbutt"],"picked":"SKIP","floor":14},{"not_picked":["Exhume","Reaper"],"picked":"Impervious","floor":16},{"not_picked":["Shrug It Off","Dark Embrace","Iron Wave"],"picked":"SKIP","floor":18},{"not_picked":["Havoc","Warcry","Sword Boomerang+1"],"picked":"SKIP","floor":19},{"not_picked":["Power Through","Heavy Blade+1"],"picked":"Pommel Strike+1","floor":20},{"not_picked":["Ghostly Armor","Metallicize","Rupture"],"picked":"SKIP","floor":23},{"not_picked":["Iron Wave","Blood for Blood","Headbutt"],"picked":"SKIP","floor":27},{"not_picked":["Cleave","Offering","Clash"],"picked":"SKIP","floor":28},{"not_picked":["Uppercut","Heavy Blade","Warcry"],"picked":"SKIP","floor":30},{"not_picked":["Corruption","Shrug It Off+1","Warcry"],"picked":"SKIP","floor":31},{"not_picked":["Clash","Thunderclap+1","Inflame+1"],"picked":"SKIP","floor":35},{"not_picked":["Sword Boomerang+1","Shrug It Off","Iron Wave"],"picked":"SKIP","floor":36},{"not_picked":["Clash","Heavy Blade","True Grit+1"],"picked":"SKIP","floor":39},{"not_picked":["Sword Boomerang+1","Armaments+1","Reckless Charge"],"picked":"SKIP","floor":40},{"not_picked":["Berserk","Cleave","Anger+1"],"picked":"SKIP","floor":41},{"not_picked":["Evolve","Clothesline","Perfected Strike"],"picked":"SKIP","floor":44},{"not_picked":["Sword Boomerang","True Grit+1"],"picked":"Dropkick+1","floor":45}],"player_experience":425569,"relics_obtained":[{"floor":6,"key":"Bag of Marbles"},{"floor":8,"key":"Ancient Tea Set"},{"floor":9,"key":"Akabeko"},{"floor":10,"key":"Blood Vial"},{"floor":23,"key":"PreservedInsect"},{"floor":25,"key":"Blue Candle"},{"floor":26,"key":"Smiling Mask"},{"floor":38,"key":"Unceasing Top"},{"floor":40,"key":"Art of War"},{"floor":43,"key":"Happy Flower"},{"floor":47,"key":"Ice Cream"}],"event_choices":[{"cards_removed":["Defend_R"],"damage_healed":0,"gold_gain":0,"player_choice":"Card Removal","damage_taken":7,"max_hp_gain":0,"max_hp_loss":0,"event_name":"Golden Wing","floor":5,"gold_loss":0},{"damage_healed":0,"gold_gain":0,"player_choice":"Donut","damage_taken":0,"max_hp_gain":5,"max_hp_loss":0,"event_name":"Big Fish","floor":7,"gold_loss":0},{"damage_healed":0,"gold_gain":75,"player_choice":"Touch","damage_taken":9,"max_hp_gain":0,"max_hp_loss":0,"event_name":"FaceTrader","floor":11,"gold_loss":0},{"cards_removed":["Defend_R"],"damage_healed":0,"gold_gain":0,"player_choice":"Purged","damage_taken":0,"max_hp_gain":0,"max_hp_loss":0,"event_name":"Purifier","floor":22,"gold_loss":0},{"damage_healed":0,"gold_gain":0,"player_choice":"3","damage_taken":0,"max_hp_gain":0,"max_hp_loss":0,"event_name":"betterMatch:BetterMatch","floor":29,"gold_loss":0,"cards_obtained":[]},{"damage_healed":0,"gold_gain":0,"player_choice":"3","damage_taken":0,"max_hp_gain":0,"max_hp_loss":0,"event_name":"betterMatch:BetterMatch","floor":37,"gold_loss":0,"cards_obtained":[]},{"damage_healed":0,"gold_gain":0,"player_choice":"Fight","damage_taken":0,"max_hp_gain":0,"max_hp_loss":0,"event_name":"MindBloom","floor":38,"gold_loss":0},{"damage_healed":0,"gold_gain":0,"player_choice":"Max HP","damage_taken":0,"max_hp_gain":0,"max_hp_loss":7,"event_name":"Winding Halls","floor":46,"gold_loss":0}],"is_beta":false,"boss_relics":[{"not_picked":["Sozu","Coffee Dripper"],"picked":"Empty Cage"},{"not_picked":["Philosopher\u0027s Stone","Snecko Eye"],"picked":"Fusion Hammer"}],"items_purged_floors":[3,21,42,48],"is_endless":false,"potions_floor_spawned":[4,8,10,14,23,28,30,35,36,40,41,44],"ascension_level":0}}