{"host":"j25kpsdysct9h495","time":1609718906,"event":{"mods":["BaseMod","Bestiary","Minty Spire (QoL Compilation)"],"gold_per_floor":[118,44,55,55,66,66,66,85,85,85,10,10,75,94,94,94,94],"floor_reached":16,"playtime":904,"items_purged":["Strike_B"],"score":90,"play_id":"116214a0-bdd9-460e-87c5-955734990a5a","local_time":"20210103220826","is_ascension_mode":false,"campfire_choices":[{"floor":6,"key":"REST"},{"data":"Zap","floor":10,"key":"SMITH"},{"data":"Echo Form","floor":12,"key":"SMITH"},{"floor":15,"key":"REST"}],"circlet_count":0,"master_deck":["Strike_B","Strike_B","Strike_B","Defend_B","Defend_B","Defend_B","Defend_B","Zap+1","Dualcast","Hologram","Echo Form+1","BootSequence","Hologram+1"],"relics":["Nuclear Battery","Frozen Egg 2","Toxic Egg 2"],"acts_visited":["Exordium"],"potions_floor_usage":[13,13,16],"damage_taken":[{"damage":0,"enemies":"Small Slimes","floor":1,"turns":4},{"damage":5,"enemies":"2 Louse","floor":3,"turns":4},{"damage":9,"enemies":"Jaw Worm","floor":5,"turns":5},{"damage":2,"enemies":"Large Slime","floor":8,"turns":6},{"damage":53,"enemies":"Lagavulin Event","floor":13,"turns":9},{"damage":0,"enemies":"Blue Slaver","floor":14,"turns":4},{"damage":47,"enemies":"Hexaghost","floor":16,"turns":14}],"seed_played":"-1214584296914418753","potions_obtained":[{"floor":3,"key":"FearPotion"},{"floor":5,"key":"FocusPotion"},{"floor":13,"key":"DistilledChaos"}],"is_trial":false,"path_per_floor":["M","$","M","?","M","R","?","M","T","R","$","R","?","M","R","B"],"character_chosen":"DEFECT","items_purchased":["Echo Form"],"campfire_rested":2,"item_purchase_floors":[2],"current_hp_per_floor":[75,75,70,70,61,75,75,73,73,73,73,73,20,20,42,0,0],"gold":94,"neow_bonus":"BOSS_RELIC","is_daily":false,"chose_seed":false,"campfire_upgraded":2,"win_rate":0.0,"timestamp":1609718906,"path_taken":["M","$","M","?","M","R","?","M","T","R","$","R","?","M","R","BOSS"],"items_purchased_type":["Card"],"build_version":"2020-12-22","purchased_purges":1,"victory":false,"max_hp_per_floor":[75,75,75,75,75,75,75,75,75,75,75,75,75,75,75,75,75],"card_choices":[{"not_picked":["Conserve Battery","Compile Driver"],"picked":"Hologram","floor":1},{"not_picked":["Rebound","Stack","Barrage"],"picked":"SKIP","floor":3},{"not_picked":["Go for the Eyes","Lockon","Cold Snap"],"picked":"SKIP","floor":5},{"not_picked":["Compile Driver","Barrage"],"picked":"BootSequence","floor":8},{"not_picked":["Steam+1","Echo Form+1"],"picked":"Hologram+1","floor":13},{"not_picked":["Compile Driver","Sweeping Beam","Hello World+1"],"picked":"SKIP","floor":14}],"player_experience":2418,"relics_obtained":[{"floor":9,"key":"Frozen Egg 2"},{"floor":13,"key":"Toxic Egg 2"}],"event_choices":[{"damage_healed":0,"gold_gain":0,"player_choice":"Ignored","damage_taken":0,"max_hp_gain":0,"max_hp_loss":0,"event_name":"Shining Light","floor":4,"gold_loss":0},{"damage_healed":0,"gold_gain":0,"player_choice":"Leave","damage_taken":0,"max_hp_gain":0,"max_hp_loss":0,"event_name":"The Cleric","floor":7,"gold_loss":0},{"damage_healed":0,"gold_gain":0,"player_choice":"Searched \u00271\u0027 times","damage_taken":0,"max_hp_gain":0,"max_hp_loss":0,"event_name":"Dead Adventurer","floor":13,"gold_loss":0}],"is_beta":false,"boss_relics":[],"items_purged_floors":[11],"is_endless":false,"potions_floor_spawned":[3,5,13],"killed_by":"Hexaghost","ascension_level":0}}