{"host":"w6ebodudjlk2jwu4","time":1609740463,"event":{"mods":["Act Like it!","Bard","BaseMod","Beaked The Cultist","Colored Map","Downfall","Glutton Mod","Hermit","Highlight Path","Infinite Spire","Jorbs\u0027s Wanderer Trilogy","Koishi","Mad Scientist","Marisa????????","Minty Spire (QoL Compilation)","Relic Stats","Replay The Spire","Robot Space Explorer","StSLib","The Administrix","The Blue Laboratory","The Bug Knight","The Construct","The Cursed","The Marked","The Mystic","The Servant 0.9.4","The Witch","Wandering Minibosses"],"gold_per_floor":[112,112,128,2,2,2,18,29,53,53,228,257,54,66,66,165,165,178,228,228,240,259,287,287,301,324,324,336,356,356,370,370,465,465,485,500,500,511,521,521,521,567,567,63,74,124,138,138,138,138],"floor_reached":51,"playtime":4740,"items_purged":["Regret","Doubt","Strike_P"],"score":746,"play_id":"cd5dd35e-a77f-45a0-9c8a-54db5f1bbc21","local_time":"20210103220743","is_ascension_mode":false,"campfire_choices":[{"data":"DeceiveReality","floor":6,"key":"SMITH"},{"data":"DeceiveReality","floor":15,"key":"SMITH"},{"data":"Judgement","floor":24,"key":"SMITH"},{"data":"BattleHymn","floor":27,"key":"SMITH"},{"data":"Replay:Fractal Strike","floor":30,"key":"SMITH"},{"data":"Replay:AtTheReady","floor":32,"key":"SMITH"},{"data":"DevaForm","floor":40,"key":"SMITH"},{"floor":49,"key":"REST"}],"circlet_count":0,"master_deck":["Strike_P","Strike_P","Strike_P","Defend_P","Defend_P+1","Defend_P+1","Eruption+1","Vigilance","DeceiveReality+1","Evaluate+1","FearNoEvil","Consecrate","DeceiveReality+1","Tantrum","BattleHymn+1","BattleHymn","EmptyMind","Perseverance","WindmillStrike","BowlingBash","Replay:SS_fish_3","PathToVictory","Judgement+1","EmptyFist+1","infinitespire:Fortify","Replay:Fractal Strike+1","SashWhip+1","ThirdEye","Swivel","ClearTheMind","Replay:AtTheReady+1","SandsOfTime","EmptyFist","DevaForm+1","CurseOfTheBell","EmptyFist+1","PathToVictory","infinitespire:Starlight","Protect+1","Replay:Hum+1","ReplayTheSpireMod:Private Reserves","Protect+1","Crescendo","Crow Ritual","Parasite","Consecrate+1","PathToVictory","Replay:DivineShield+1","infinitespire:Oblivion","EmptyBody"],"relics":["PureWater","Replay:Mystery Machine","Dream Catcher","Vajra","BargainBundle","Painkiller Herb","Iron Hammer","Lantern","Calling Bell","War Paint","Replay:Bottled Snecko","BranchBurnRelic","CatCart","Gremlin Food","infinitespire:Satchel","Medical Kit","Shovel"],"acts_visited":["Exordium","TheCity","TheBeyond"],"potions_floor_usage":[39,42,50],"damage_taken":[{"damage":0,"enemies":"2 Louse","floor":1,"turns":1},{"damage":8,"enemies":"Small Slimes","floor":3,"turns":5},{"damage":8,"enemies":"infinitespire:Voidling","floor":7,"turns":4},{"damage":2,"enemies":"3 Louse","floor":8,"turns":5},{"damage":0,"enemies":"HollowMod:MossKnight","floor":12,"turns":8},{"damage":0,"enemies":"Looter","floor":14,"turns":1},{"damage":6,"enemies":"The Guardian","floor":16,"turns":12},{"damage":10,"enemies":"2 Thieves","floor":18,"turns":3},{"damage":0,"enemies":"Shell Parasite","floor":21,"turns":3},{"damage":0,"enemies":"Centurion and Healer","floor":22,"turns":4},{"damage":0,"enemies":"Gremlin Leader","floor":23,"turns":5},{"damage":0,"enemies":"Sentry and Sphere","floor":25,"turns":3},{"damage":0,"enemies":"Snake Plant","floor":28,"turns":3},{"damage":0,"enemies":"Chosen and Byrds","floor":29,"turns":4},{"damage":0,"enemies":"Shelled Parasite and Fungi","floor":31,"turns":3},{"damage":2,"enemies":"Automaton","floor":33,"turns":6},{"damage":0,"enemies":"Orb Walker","floor":35,"turns":1},{"damage":0,"enemies":"3 Shapes","floor":36,"turns":3},{"damage":0,"enemies":"Sphere and 2 Shapes","floor":38,"turns":5},{"damage":0,"enemies":"Maw","floor":39,"turns":5},{"damage":32,"enemies":"Orin","floor":42,"turns":11},{"damage":0,"enemies":"Writhing Mass","floor":45,"turns":4},{"damage":0,"enemies":"Mind Bloom Boss Battle","floor":46,"turns":2},{"damage":0,"enemies":"Maw","floor":47,"turns":5},{"damage":3,"enemies":"Time Eater","floor":50,"turns":4}],"seed_played":"-3695711261057273735","potions_obtained":[{"floor":16,"key":"Guardian:BlockOnCardUsePotion"},{"floor":21,"key":"Fire Potion"},{"floor":22,"key":"blueLaboratory:FrostheartPotion"},{"floor":35,"key":"blueLaboratory:FruitPunch"},{"floor":38,"key":"blueLaboratory:FruitPunch"},{"floor":42,"key":"construct:ShiftPotion"},{"floor":46,"key":"SteroidPotion"},{"floor":47,"key":"blueLaboratory:PressurePotion"}],"is_trial":false,"path_per_floor":["M","?","M","$","?","R","M","M","T","?","?","E","$","M","R","B",null,"?","?","AVR","?","?","E","T","?","T","T","?","?","T","?","T","B",null,"?","?","AVR","?","?","T","?","?","T","T","?","?","?","?","T","B",null],"character_chosen":"WATCHER","items_purchased":["FearNoEvil","BargainBundle","BattleHymn","EmptyMind","Perseverance","WindmillStrike","BowlingBash","Replay:SS_fish_3","infinitespire:Satchel","Crescendo","Medical Kit","Crow Ritual"],"campfire_rested":1,"item_purchase_floors":[4,13,13,13,13,13,13,13,44,44,44,44],"current_hp_per_floor":[72,72,64,64,72,72,71,69,69,62,62,62,62,62,62,56,72,62,62,62,62,62,62,62,62,62,62,62,62,62,62,62,60,72,72,72,72,72,74,74,74,45,45,45,55,55,65,46,68,73],"gold":138,"neow_bonus":"RANDOM_EVENT","is_daily":false,"chose_seed":false,"campfire_upgraded":7,"win_rate":0.0,"timestamp":1609740463,"path_taken":["M","?","M","$","?","R","M","?","T","?","?","E","?","?","R","BOSS","?","?","AVR","?","?","E","T","?","T","T","?","?","T","?","T","BOSS","?","?","AVR","?","?","T","?","?","T","?","?","?","?","?","T","BOSS"],"items_purchased_type":["Card","Relic","Card","Card","Card","Card","Card","Card","Relic","Card","Relic","Card"],"build_version":"2020-12-22","purchased_purges":3,"victory":true,"max_hp_per_floor":[72,72,72,72,72,72,72,72,72,72,72,72,72,72,72,72,72,72,72,72,72,72,72,72,72,72,72,72,72,72,72,72,72,72,72,72,72,72,74,74,74,76,76,76,76,76,76,76,76,76],"relic_stats":{"Dream Catcher":1,"Shovel":0,"counters":[25,110],"War Paint":["Evaluate","Defend_P"],"Medical Kit":[0],"obtain_stats":[{"Gremlin Food":43,"BargainBundle":13,"Lantern":26,"Dead Branch":34,"Vajra":12,"Painkiller Herb":17,"Replay:Mystery Machine":2,"War Paint":34,"Medical Kit":44,"Calling Bell":34,"BranchBurnRelic":40,"Dream Catcher":9,"Shovel":46,"infinitespire:Satchel":44,"Iron Hammer":23,"Replay:Bottled Snecko":34,"PureWater":0,"CatCart":42},{"Gremlin Food":21,"BargainBundle":5,"Lantern":12,"Dead Branch":16,"Vajra":5,"Painkiller Herb":7,"Replay:Mystery Machine":1,"War Paint":16,"Medical Kit":21,"Calling Bell":16,"BranchBurnRelic":20,"Dream Catcher":4,"Shovel":23,"infinitespire:Satchel":21,"Iron Hammer":11,"Replay:Bottled Snecko":16,"PureWater":0,"CatCart":21},{"Gremlin Food":95,"BargainBundle":23,"Lantern":54,"Dead Branch":70,"Vajra":23,"Painkiller Herb":36,"Replay:Mystery Machine":1,"War Paint":70,"Medical Kit":95,"Calling Bell":70,"BranchBurnRelic":84,"Dream Catcher":15,"Shovel":101,"infinitespire:Satchel":95,"Iron Hammer":51,"Replay:Bottled Snecko":70,"PureWater":0,"CatCart":95}]},"card_choices":[{"not_picked":["Protect","FlurryOfBlows"],"picked":"DeceiveReality","floor":1},{"not_picked":["EmptyFist","Replay:ManipulateFuture"],"picked":"Evaluate","floor":3},{"not_picked":["Nirvana","Crescendo"],"picked":"Consecrate","floor":7},{"not_picked":["JustLucky","Crescendo"],"picked":"DeceiveReality","floor":8},{"not_picked":["ReachHeaven","Pray"],"picked":"Tantrum","floor":12},{"not_picked":["Replay:ManipulateFuture","BowlingBash"],"picked":"PathToVictory","floor":14},{"not_picked":["Scrawl","Ragnarok"],"picked":"Judgement","floor":16},{"not_picked":["Tantrum","Replay:BluntJabs"],"picked":"EmptyFist+1","floor":18},{"not_picked":["ClearTheMind","FollowUp"],"picked":"SashWhip+1","floor":21},{"not_picked":["Replay:AllIn","Nirvana+1"],"picked":"ThirdEye","floor":22},{"not_picked":["Replay:ManipulateFuture+1","JustLucky"],"picked":"Swivel","floor":23},{"not_picked":["CutThroughFate","Consecrate"],"picked":"ClearTheMind","floor":25},{"not_picked":["FollowUp","Weave+1"],"picked":"Replay:AtTheReady","floor":28},{"not_picked":["CarveReality","Omniscience"],"picked":"SandsOfTime","floor":29},{"not_picked":["ThirdEye","BowlingBash"],"picked":"EmptyFist","floor":31},{"not_picked":["ConjureBlade","Brilliance"],"picked":"DevaForm","floor":33},{"not_picked":["Replay:AtTheReady","CutThroughFate+1"],"picked":"EmptyFist+1","floor":35},{"not_picked":["TalkToTheHand+1","EmptyMind+1"],"picked":"PathToVictory","floor":36},{"not_picked":["Replay:ManipulateFuture+1","Conclude"],"picked":"Protect+1","floor":38},{"not_picked":["Halt+1","EmptyFist+1"],"picked":"Replay:Hum+1","floor":39},{"not_picked":["expansioncontent:DefensiveMode","ReplayTheSpireMod:Trickstab"],"picked":"ReplayTheSpireMod:Private Reserves","floor":41},{"not_picked":["Replay:BluntJabs","Vengeance+1"],"picked":"Protect+1","floor":42},{"not_picked":["SashWhip","EmptyFist+1"],"picked":"Consecrate+1","floor":45},{"not_picked":["BowlingBash","CrushJoints+1"],"picked":"PathToVictory","floor":46},{"not_picked":["Replay:AllIn","Consecrate+1"],"picked":"Replay:DivineShield+1","floor":47},{"not_picked":["ReplayTheSpireMod:Haul","ReplayTheSpireMod:Book of Names"],"picked":"infinitespire:Oblivion","floor":48},{"not_picked":["Evaluate","JustLucky+1"],"picked":"EmptyBody","floor":49}],"player_experience":131598,"relics_obtained":[{"floor":9,"key":"Dream Catcher"},{"floor":12,"key":"Vajra"},{"floor":23,"key":"Iron Hammer"},{"floor":26,"key":"Lantern"},{"floor":34,"key":"War Paint"},{"floor":34,"key":"Replay:Bottled Snecko"},{"floor":34,"key":"Dead Branch"},{"floor":42,"key":"CatCart"},{"floor":43,"key":"Gremlin Food"},{"floor":46,"key":"Shovel"}],"event_choices":[{"damage_healed":0,"gold_gain":0,"player_choice":"Grow","damage_taken":0,"max_hp_gain":0,"max_hp_loss":0,"event_name":"Living Wall","floor":0,"gold_loss":0,"cards_upgraded":["Eruption"]},{"damage_healed":0,"gold_gain":0,"player_choice":"Box","damage_taken":0,"relics_obtained":["Replay:Mystery Machine"],"max_hp_gain":0,"max_hp_loss":0,"event_name":"Big Fish","floor":2,"gold_loss":0,"cards_obtained":["Regret"]},{"cards_removed":["FearNoEvil"],"damage_healed":8,"gold_gain":0,"player_choice":"Offered Uncommon","damage_taken":0,"max_hp_gain":0,"max_hp_loss":0,"event_name":"Bonfire Elementals","floor":5,"gold_loss":0},{"cards_removed":["Defend_P"],"damage_healed":0,"gold_gain":0,"player_choice":"Card Removal","damage_taken":7,"max_hp_gain":0,"max_hp_loss":0,"event_name":"Golden Wing","floor":10,"gold_loss":0},{"damage_healed":0,"gold_gain":175,"player_choice":"AGREE","damage_taken":0,"max_hp_gain":0,"max_hp_loss":0,"event_name":"Liars Game","floor":11,"gold_loss":0,"cards_obtained":["Doubt"]},{"damage_healed":0,"gold_gain":100,"player_choice":"Bet on Murderer","damage_taken":0,"max_hp_gain":0,"max_hp_loss":0,"event_name":"The Joust","floor":19,"gold_loss":50},{"damage_healed":0,"gold_gain":0,"player_choice":"Memory 1","damage_taken":0,"max_hp_gain":0,"max_hp_loss":0,"event_name":"SensoryStone","floor":41,"gold_loss":0},{"damage_healed":0,"gold_gain":0,"player_choice":"Fight","damage_taken":0,"max_hp_gain":0,"max_hp_loss":0,"event_name":"OrinTheCat","floor":42,"gold_loss":0},{"damage_healed":0,"gold_gain":0,"player_choice":"Fight","damage_taken":0,"max_hp_gain":0,"max_hp_loss":0,"event_name":"MindBloom","floor":46,"gold_loss":0}],"is_beta":false,"boss_relics":[{"not_picked":["Replay:Drink Me","Cursed Key"],"picked":"Painkiller Herb"},{"not_picked":["Kintsugi","Replay:Grab Bag"],"picked":"Calling Bell"}],"items_purged_floors":[4,13,20],"is_endless":false,"potions_floor_spawned":[16,21,22,25,28,29,35,38,42,46,47],"ascension_level":0}}