{"host":"qvm8mnkwg7phaqzl","time":1609731581,"event":{"mods":["2.2 Compatiblity","A Magickal Journey","Act Like it!","Aspiration","Astrologer","Bard","BaseMod","Beaked The Cultist","Better Altar","Better Match","Better Note","Better Sensory Stone","Better Skull","Better Third Choice","CCEM","CapriCore","CatGirl Mod","Chen","Colored Map","Conspire","DeckTracker","Downfall","Elementarium","Friendly Minions","Gensokyo","GifTheSpireLib","Gremlin Mod","Halation","Hermit","Hubris","Koishi","Marisa（霧雨　魔理沙）","Marked Mod","Mathematician","Minty Spire (QoL Compilation)","Onozuka Komachi Mod","Potionbrewer","Random Character Button","Rare Cards Sparkle","Reimu（博??梦）","Replay The Spire","Shade Mod","Somnambulant","StSLib","The Accelerator","The Administrix","The Alterego","The Blackbeard","The Bladedancer","The Bug Knight","The Caster","The Construct","The Cursed","The Disciple","The Dragon Tamer","The Druid","The Elementalist","The Factory","The Florist","The Forsaken","The Gatherer","The Hierophant","The Immortal","The Judge","The Juggle","The Jungle","The Marked","The Mystic","The Necromancer","The Poker Player","The Problem Sleuth","The Runesmith","The Sage","The Servant 0.9.4","The Spell Scribe","The Valiant","The Witch","TheArtist","TheBandit","TheFirefly","Wandering Minibosses","Yakumo Yukari mod","Youmu（魂魄妖梦）","Yuyuko","vexMod","yUi"],"gold_per_floor":[99,114,196,212,212,212,237,257,257,267,278,316,351,368,380,484,484,334,348,348,348,188,188,188],"floor_reached":23,"playtime":3270,"items_purged":["sneckomod:Strike"],"score":216,"play_id":"c0b422b1-a359-43e2-bd93-bc58aff03f9e","local_time":"20210103213941","is_ascension_mode":false,"campfire_choices":[{"data":"sneckomod:SnekBite","floor":1,"key":"SMITH"},{"floor":18,"key":"RECALL"}],"circlet_count":0,"master_deck":["sneckomod:Strike","sneckomod:Defend","sneckomod:Defend","sneckomod:Defend","sneckomod:TailWhip","sneckomod:SnekBite+1","sneckomod:Unknown","sneckomod:Unknown","sneckomod:UnknownClassTHE_CHAMP_GRAY","sneckomod:UnknownBlock+1","sneckomod:WideSting+1","sneckomod:UnknownClassCONSTRUCTMOD","sneckomod:UnknownVulnerable+1","sneckomod:SoulExchange","sneckomod:QuickBite+1","sneckomod:Nope+1","sneckomod:UnknownClassMARISA_DERIVATIONS","sneckomod:SnakeSap","sneckomod:SoulRoll+1","sneckomod:SoulRoll+1","sneckomod:UnknownX","sneckomod:UnknownRareSkill","sneckomod:UnknownCommonAttack+1","sneckomod:Restock"],"relics":["sneckomod:SneckoSoul","theForsaken:HumbleEgg","Omamori","conspire:DeflatedDodgeball","Philosopher\u0027s Stone","downfall:HeartBlessingGreen","downfall:HeartBlessingBlue","Prayer Beads","Nloth\u0027s Gift"],"acts_visited":["Exordium","TheCity"],"potions_floor_usage":[12,12,19,22],"damage_taken":[{"damage":5,"enemies":"Cultist","floor":2,"turns":4},{"damage":1,"enemies":"Jaw Worm","floor":4,"turns":3},{"damage":5,"enemies":"2 Louse","floor":8,"turns":2},{"damage":0,"enemies":"2 Fungi Beasts","floor":10,"turns":2},{"damage":5,"enemies":"Gremlin Gang","floor":11,"turns":4},{"damage":5,"enemies":"downfall:FleeingMerchant","floor":12,"turns":4},{"damage":8,"enemies":"Lagavulin","floor":13,"turns":5},{"damage":3,"enemies":"Lots of Slimes","floor":14,"turns":3},{"damage":4,"enemies":"Gremlin Gang","floor":15,"turns":3},{"damage":16,"enemies":"downfall:Defect","floor":16,"turns":5},{"damage":95,"enemies":"Chosen","floor":19,"turns":9},{"damage":12,"enemies":"downfall:FleeingMerchant","floor":22,"turns":4},{"damage":15,"enemies":"HollowMod:Nosk","floor":23,"turns":4}],"seed_played":"-6813055678912480632","potions_obtained":[{"floor":2,"key":"Toxic Potion"},{"floor":4,"key":"PowerPotion"},{"floor":14,"key":"Toxic Potion"},{"floor":16,"key":"sneckomod:MuddlingPotion"}],"is_trial":false,"path_per_floor":["R","M","T","M","?","T","T","M","?","M","M","$","E","M","M","B",null,"R","M","T","?","$","E"],"character_chosen":"THE_SNECKO","items_purchased":["ReplayTheSpireMod:CursedCoin","sneckomod:SnakeSap","sneckomod:SoulRoll+1","sneckomod:Restock"],"campfire_rested":0,"item_purchase_floors":[12,12,12,22],"current_hp_per_floor":[99,95,95,95,95,95,95,90,92,92,87,83,78,75,72,57,106,116,21,21,21,11,0,0],"gold":188,"neow_bonus":"TEN_PERCENT_HP_BONUS","is_daily":false,"chose_seed":false,"campfire_upgraded":1,"win_rate":0.0,"timestamp":1609731581,"path_taken":["R","M","?","M","?","?","T","M","?","M","?","$","E","M","M","BOSS","R","M","?","?","$","E"],"items_purchased_type":["Relic","Card","Card","Card"],"build_version":"2020-12-22","purchased_purges":1,"victory":false,"max_hp_per_floor":[99,100,100,101,101,101,101,101,103,103,103,104,104,104,105,106,106,116,116,116,116,117,117,117],"card_choices":[{"not_picked":["sneckomod:UnknownClassACC","sneckomod:UnknownWeak"],"picked":"sneckomod:UnknownClassTHE_CHAMP_GRAY","floor":2},{"not_picked":["sneckomod:UnknownClassBUGKNIGHT_GRAY_COLOR","sneckomod:UnknownCommonSkill+1"],"picked":"sneckomod:UnknownBlock+1","floor":4},{"not_picked":["sneckomod:UnknownClassARTIST_RAINBOW_COLOR","sneckomod:UnknownClassWITCH"],"picked":"sneckomod:WideSting+1","floor":8},{"not_picked":["sneckomod:Unknown1Cost+1","sneckomod:UnknownWeak+1"],"picked":"sneckomod:QuickBite+1","floor":10},{"not_picked":["sneckomod:DangerNoodle","sneckomod:SnakeSap"],"picked":"sneckomod:Nope+1","floor":11},{"not_picked":["sneckomod:UnknownClassCONSTRUCTMOD","sneckomod:DiceBlock+1"],"picked":"sneckomod:UnknownClassMARISA_DERIVATIONS","floor":12},{"not_picked":["sneckomod:DiceBlock+1","sneckomod:UnknownClassSHADE_COLOR","sneckomod:UnknownClassFLORIST_COLOR"],"picked":"SKIP","floor":13},{"not_picked":["sneckomod:WideSting+1","sneckomod:DiceBlock+1"],"picked":"sneckomod:SoulRoll+1","floor":14},{"not_picked":["sneckomod:WideSting+1","sneckomod:SoulRoll+1"],"picked":"sneckomod:UnknownX","floor":15},{"not_picked":["sneckomod:UnknownRarePower","sneckomod:Unknown3Cost"],"picked":"sneckomod:UnknownRareSkill","floor":16},{"not_picked":["sneckomod:UnknownClasssleuth_GRAY_COLOR+1","sneckomod:UnknownBlock+1","sneckomod:UnknownVulnerable+1"],"picked":"SKIP","floor":19},{"not_picked":["sneckomod:SnakeSap","sneckomod:SoulDraw+1"],"picked":"sneckomod:UnknownCommonAttack+1","floor":22}],"player_experience":638116,"relics_obtained":[{"floor":3,"key":"theForsaken:HumbleEgg"},{"floor":7,"key":"Omamori"},{"floor":13,"key":"conspire:DeflatedDodgeball"},{"floor":20,"key":"Prayer Beads"}],"event_choices":[],"is_beta":false,"boss_relics":[{"not_picked":["halation:Risk","Coffee Dripper"],"picked":"Philosopher\u0027s Stone"}],"items_purged_floors":[22],"is_endless":false,"potions_floor_spawned":[2,4,14,16],"killed_by":"HollowMod:Nosk","ascension_level":0}}