{"host":"gkp57zoegrd3f2ij","time":1609728703,"event":{"mods":["BaseMod","Colored Map","Colored Powertips","Downfall","Minty Spire (QoL Compilation)","StSLib"],"gold_per_floor":[118,138,154,171,186,186,211,211,211,211,224,224,252,265,265,370,370,387,387,387,12,22,49,49,66,66,66,80,100,100,200,200,299,299,318,318,318,331,381,381,381,381,381,381,381,393,0,0,0],"floor_reached":48,"playtime":1849,"items_purged":["Strike_R"],"score":556,"play_id":"db62f8cd-0600-467f-98e3-0e2f24d49a2a","local_time":"20210104035143","is_ascension_mode":true,"campfire_choices":[{"data":"Carnage","floor":6,"key":"SMITH"},{"data":"Bash","floor":8,"key":"SMITH"},{"data":"True Grit","floor":10,"key":"SMITH"},{"data":"Cleave","floor":12,"key":"SMITH"},{"data":"Clothesline","floor":15,"key":"SMITH"},{"floor":24,"key":"REST"},{"data":"Demon Form","floor":27,"key":"SMITH"},{"data":"Flame Barrier","floor":32,"key":"SMITH"},{"floor":40,"key":"REST"},{"data":"Limit Break","floor":42,"key":"SMITH"},{"data":"Anger","floor":44,"key":"SMITH"}],"circlet_count":0,"master_deck":["Strike_R","Strike_R","Defend_R","Defend_R+1","Defend_R+1","Defend_R","Bash+1","Carnage+1","True Grit+1","Cleave+1","Pommel Strike","Ghostly Armor","Impervious","Clothesline+1","Demon Form+1","Shrug It Off+1","Flame Barrier+1","Armaments+1","Limit Break+1","Ghostly Armor+1","Anger+1","Madness","Madness"],"relics":["Burning Blood","War Paint","Anchor","Bronze Scales","Art of War","SlaversCollar","FaceOfCleric","Brimstone","Orichalcum","Matryoshka","Dream Catcher","Strawberry","Empty Cage","Juzu Bracelet","Smiling Mask","Gambling Chip","Bottled Flame","Ancient Tea Set","Red Mask"],"acts_visited":["Exordium","TheCity","TheBeyond"],"potions_floor_usage":[4,13,13,22,23,28,30,33,38,38,46],"damage_taken":[{"damage":2,"enemies":"Cultist","floor":1,"turns":4},{"damage":0,"enemies":"Small Slimes","floor":2,"turns":2},{"damage":0,"enemies":"2 Louse","floor":3,"turns":2},{"damage":17,"enemies":"Exordium Thugs","floor":4,"turns":3},{"damage":0,"enemies":"Exordium Wildlife","floor":5,"turns":2},{"damage":16,"enemies":"Gremlin Nob","floor":7,"turns":3},{"damage":3,"enemies":"Large Slime","floor":11,"turns":4},{"damage":2,"enemies":"Lagavulin","floor":13,"turns":5},{"damage":0,"enemies":"2 Fungi Beasts","floor":14,"turns":3},{"damage":33,"enemies":"The Guardian","floor":16,"turns":12},{"damage":19,"enemies":"Spheric Guardian","floor":18,"turns":6},{"damage":2,"enemies":"Chosen","floor":22,"turns":4},{"damage":24,"enemies":"Slavers","floor":23,"turns":5},{"damage":12,"enemies":"3 Cultists","floor":25,"turns":4},{"damage":12,"enemies":"Snake Plant","floor":28,"turns":3},{"damage":2,"enemies":"Snecko","floor":29,"turns":3},{"damage":0,"enemies":"Shelled Parasite and Fungi","floor":30,"turns":1},{"damage":24,"enemies":"Champ","floor":33,"turns":9},{"damage":0,"enemies":"Orb Walker","floor":35,"turns":4},{"damage":30,"enemies":"3 Darklings","floor":38,"turns":5},{"damage":25,"enemies":"Mind Bloom Boss Battle","floor":39,"turns":5},{"damage":45,"enemies":"Sphere and 2 Shapes","floor":46,"turns":5},{"damage":35,"enemies":"Writhing Mass","floor":48,"turns":3}],"seed_played":"-8357226336526207801","potions_obtained":[{"floor":3,"key":"ColorlessPotion"},{"floor":4,"key":"Explosive Potion"},{"floor":5,"key":"SmokeBomb"},{"floor":7,"key":"SpeedPotion"},{"floor":13,"key":"DistilledChaos"},{"floor":22,"key":"DuplicationPotion"},{"floor":23,"key":"Energy Potion"},{"floor":28,"key":"PowerPotion"},{"floor":33,"key":"LiquidBronze"},{"floor":35,"key":"SpeedPotion"},{"floor":39,"key":"sneckomod:MuddlingPotion"}],"is_trial":false,"path_per_floor":["M","M","M","M","M","R","E","R","T","R","M","R","E","M","R","B",null,"M","?","$","$","M","E","R","M","T","R","M","M","M","?","R","B",null,"M","T","?","M","?","R","T","R","T","R","?","M","?","M"],"character_chosen":"IRONCLAD","items_purchased":["Brimstone","Orichalcum"],"campfire_rested":2,"item_purchase_floors":[21,21],"current_hp_per_floor":[80,80,80,69,75,75,65,65,65,65,68,68,72,78,78,51,80,67,67,67,67,72,55,79,74,81,81,76,81,88,88,88,71,94,95,95,95,72,54,83,83,83,83,83,71,33,33,0,0],"gold":0,"neow_bonus":"RANDOM_COMMON_RELIC","is_daily":false,"chose_seed":false,"campfire_upgraded":9,"win_rate":0.0,"timestamp":1609728703,"path_taken":["M","M","?","M","M","R","E","R","T","R","M","R","E","M","R","BOSS","M","?","?","$","M","E","R","M","T","R","M","M","M","?","R","BOSS","M","?","?","M","?","R","?","R","T","R","?","M","?","M"],"items_purchased_type":["Relic","Relic"],"build_version":"2020-12-22","purchased_purges":1,"victory":false,"max_hp_per_floor":[80,80,80,80,80,80,80,80,80,80,80,80,80,80,80,80,80,80,80,80,80,81,82,82,83,90,90,91,92,93,93,93,94,94,95,95,95,96,97,97,97,97,97,97,97,98,98,98,98],"card_choices":[{"not_picked":["Body Slam","Anger"],"picked":"Carnage","floor":1},{"not_picked":["Heavy Blade","Reckless Charge"],"picked":"True Grit","floor":2},{"not_picked":["Twin Strike","Shrug It Off"],"picked":"Cleave","floor":3},{"not_picked":["Seeing Red","Evolve","True Grit"],"picked":"SKIP","floor":4},{"not_picked":["Reckless Charge","Evolve"],"picked":"Pommel Strike","floor":5},{"not_picked":["Corruption","Reaper","Flex"],"picked":"SKIP","floor":7},{"not_picked":["Clash","Warcry"],"picked":"Ghostly Armor","floor":11},{"not_picked":["Seeing Red","Rage"],"picked":"Impervious","floor":13},{"not_picked":["Feel No Pain","True Grit"],"picked":"Clothesline","floor":14},{"not_picked":["Limit Break","Fiend Fire"],"picked":"Demon Form","floor":16},{"not_picked":["Rage","Entrench"],"picked":"Shrug It Off+1","floor":18},{"not_picked":["Metallicize+1","Disarm","True Grit"],"picked":"SKIP","floor":22},{"not_picked":["Sentinel","Body Slam","Headbutt"],"picked":"SKIP","floor":23},{"not_picked":["True Grit","Bloodletting+1"],"picked":"Flame Barrier","floor":25},{"not_picked":["Clash","Cleave","Havoc+1"],"picked":"SKIP","floor":28},{"not_picked":["Clothesline+1","Iron Wave"],"picked":"Armaments+1","floor":29},{"not_picked":["Barricade","Berserk"],"picked":"Limit Break","floor":33},{"not_picked":["Blood for Blood","Sentinel+1"],"picked":"Ghostly Armor+1","floor":35},{"not_picked":["Shrug It Off","Headbutt","Thunderclap+1"],"picked":"SKIP","floor":38},{"not_picked":["Flex","Fire Breathing"],"picked":"Anger","floor":40},{"not_picked":["Perfected Strike","Searing Blow+1","Anger+1"],"picked":"SKIP","floor":46}],"player_experience":237738,"relics_obtained":[{"floor":7,"key":"Anchor"},{"floor":9,"key":"Bronze Scales"},{"floor":13,"key":"Art of War"},{"floor":23,"key":"Matryoshka"},{"floor":26,"key":"Dream Catcher"},{"floor":26,"key":"Strawberry"},{"floor":36,"key":"Juzu Bracelet"},{"floor":36,"key":"Smiling Mask"},{"floor":39,"key":"Gambling Chip"},{"floor":41,"key":"Bottled Flame"},{"floor":43,"key":"Ancient Tea Set"}],"event_choices":[{"damage_healed":0,"gold_gain":0,"player_choice":"Trade","damage_taken":0,"relics_obtained":["FaceOfCleric"],"max_hp_gain":0,"max_hp_loss":0,"event_name":"FaceTrader","floor":19,"gold_loss":0},{"damage_healed":0,"gold_gain":100,"player_choice":"Pray","damage_taken":0,"max_hp_gain":0,"max_hp_loss":0,"event_name":"Golden Shrine","floor":31,"gold_loss":0},{"damage_healed":0,"gold_gain":0,"player_choice":"Ignored","damage_taken":0,"max_hp_gain":0,"max_hp_loss":0,"event_name":"Mysterious Sphere","floor":37,"gold_loss":0},{"damage_healed":0,"gold_gain":0,"player_choice":"Fight","damage_taken":0,"max_hp_gain":0,"max_hp_loss":0,"event_name":"MindBloom","floor":39,"gold_loss":0},{"damage_healed":0,"gold_gain":0,"player_choice":"Embrace Madness","damage_taken":12,"max_hp_gain":0,"max_hp_loss":0,"event_name":"Winding Halls","floor":45,"gold_loss":0,"cards_obtained":["Madness","Madness"]},{"damage_healed":0,"gold_gain":0,"player_choice":"Paid","damage_taken":0,"relics_obtained":["Red Mask"],"max_hp_gain":0,"max_hp_loss":0,"event_name":"Tomb of Lord Red Mask","floor":47,"gold_loss":393}],"is_beta":false,"boss_relics":[{"not_picked":["Mark of Pain","Astrolabe"],"picked":"SlaversCollar"},{"not_picked":["Runic Pyramid","SacredBark"],"picked":"Empty Cage"}],"items_purged_floors":[21],"is_endless":false,"potions_floor_spawned":[3,4,5,7,13,22,23,28,33,35,39],"killed_by":"Writhing Mass","ascension_level":3}}