{"host":"s6t38s6k4widkzbu","time":1609762689,"event":{"mods":["ATMod(°¢èªMod)","Aspiration","BaseMod","Conspire","Downfall","Googly Eyes","Hermit","Highlight Path","Hunter ÁÔÈË","KinomotoSakuraMod(Ä¾Ö®±¾Ó£)","KomeijiMod","Marisa£¨ìFÓê¡¡Ä§ÀíÉ³£©","Minty Spire (QoL Compilation)","Permanent Neow","Prisma Mod","Quick Restart","READ ME - Guardian Mod","Reimu£¨²©ÀöÁéÃÎ£©","Remilia£¨ÀÙÃ×ÀòÑÇ£©","Replay The Spire","RumiaBox-Â¶Ã×æ«µÄÉñÃØºÐ×Ó","StSLib","The Animator","The Bladedancer","The Bug Knight","The Cursed","The Gatherer","The Jungle","The Mystic","The Runesmith","The Servant 0.9.4","Youmu£¨»êÆÇÑýÃÎ£©","Yuyuko","¡¾ÒÅÎï¿¨ÅÆ¡¿REMEMod","óô»ðÖ¸ÄÏ"],"gold_per_floor":[110,146,146,146,160,194,207,207,207,65,65,11,11,41,41,146,146,163,174,174,81,81,81,95,95,95,109,9,9,24,40,40,142,142,160,172,184,196,125,125,140,140,166,179,212,212,231,245,245,245,245,245,19,53,53],"floor_reached":56,"playtime":27000,"items_purged":["Defend_Komeiji","animator:Curse_Greed"],"score":1279,"play_id":"c704f171-4c82-457b-bb97-b3fcf77b0832","local_time":"20210104201809","is_ascension_mode":false,"campfire_choices":[{"data":"AT_ShrugMaster","floor":8.0,"key":"SMITH"},{"data":"Apotheosis","floor":11.0,"key":"SMITH"},{"data":"KinbakuJin+1","floor":13.0,"key":"SWEEP"},{"data":"NarrowSpark","floor":15.0,"key":"SMITH"},{"data":"NingyouChiyari+1","floor":23.0,"key":"SWEEP"},{"floor":32.0,"key":"RECALL"},{"data":"SeekerWire+1","floor":40.0,"key":"SWEEP"},{"floor":49.0,"key":"REST"},{"data":"YoukiSo+1","floor":52.0,"key":"SWEEP"}],"circlet_count":0,"master_deck":["Strike_Komeiji","Strike_Komeiji","Strike_Komeiji","Defend_Komeiji","Defend_Komeiji","Defend_Komeiji","Dash_Komeiji","AT_ShrugMaster+1","Apotheosis+1","NarrowSpark+1","DochyakuKami+1","SeekerDolls","GasuOrimono","SuitokuNoKyoryu","NingyouKisou+1","KinbakuJin+1","NingyouYunhei+1","ShanghaiNingyou","NingyouFukuhei+1","AT_ShrugMaster+1","conspire:Banana","NingyouChiyari+1","HenyouMirume","KokorosuKi+1","VampireKiss+1","Melting+1","NingyouFukuhei+1","HagoromoMizu","MiraiBunraku","NarrowSpark","NingyouShinki+1","NingyouSousou+1","Agarareta+1","HisouNoKen+1","CS_Iku","HagoromoKu","NingyouSP+1","NingyouMusou+1","SeekerWire+1","SelfTokamak","NingyouKasou+1","NingyouMusou+1","HenyouMirume+1","Sabishigari+1","MusouMyousyu","MusuNoYume+1","YoukiSo+1","GasuOrimono","SelfTokamak+1"],"relics":["KomeijisEye","SpellCardsRule","MusicBox","REME_ComplimentaryCards","AT_ATBox","Ice Cream","Mastiff:ReiMu","Odd Mushroom","Replay:Grab Bag","Cursed Key","ChewingGum","RedLine:ReiMu","Ginger","REME_PuzzleBoxRelic","WarpedTongs","Prayer Wheel","Empty Cage","REME_HourglassOfDeath","aspiration:Nostalgia","PrismaMod:PrismaTraceOn","CrystalOfMemory"],"acts_visited":["Exordium","TheCity","TheBeyond","TheEnding"],"potions_floor_usage":[55],"damage_taken":[{"damage":0.0,"enemies":"Small Slimes","floor":1.0,"turns":4.0},{"damage":6.0,"enemies":"2 Louse","floor":5.0,"turns":4.0},{"damage":12.0,"enemies":"Gremlin Nob","floor":6.0,"turns":5.0},{"damage":0.0,"enemies":"Cultist","floor":7.0,"turns":5.0},{"damage":0.0,"enemies":"The Mushroom Lair","floor":14.0,"turns":4.0},{"damage":0.0,"enemies":"The Guardian","floor":16.0,"turns":9.0},{"damage":8.0,"enemies":"2 Thieves","floor":18.0,"turns":4.0},{"damage":1.0,"enemies":"Spheric Guardian","floor":19.0,"turns":3.0},{"damage":0.0,"enemies":"Snake Plant","floor":24.0,"turns":4.0},{"damage":0.0,"enemies":"3 Cultists","floor":27.0,"turns":4.0},{"damage":10.0,"enemies":"Cultist and Chosen","floor":30.0,"turns":3.0},{"damage":1.0,"enemies":"conspire:HollyBat","floor":31.0,"turns":6.0},{"damage":8.0,"enemies":"Champ","floor":33.0,"turns":6.0},{"damage":0.0,"enemies":"3 Darklings","floor":35.0,"turns":4.0},{"damage":20.0,"enemies":"3 Shapes","floor":36.0,"turns":3.0},{"damage":6.0,"enemies":"3 Darklings","floor":37.0,"turns":4.0},{"damage":15.0,"enemies":"Transient","floor":38.0,"turns":5.0},{"damage":8.0,"enemies":"Spire Growth","floor":41.0,"turns":4.0},{"damage":6.0,"enemies":"3 Darklings","floor":44.0,"turns":2.0},{"damage":18.0,"enemies":"Nemesis","floor":45.0,"turns":5.0},{"damage":15.0,"enemies":"Writhing Mass","floor":47.0,"turns":4.0},{"damage":27.0,"enemies":"4 Shapes","floor":48.0,"turns":2.0},{"damage":23.0,"enemies":"Time Eater","floor":50.0,"turns":5.0},{"damage":39,"enemies":"Shield and Spear","floor":54,"turns":5},{"damage":28,"enemies":"The Heart","floor":55,"turns":7}],"seed_played":"-3454163604587093775","potions_obtained":[{"floor":2.0,"key":"LifebloodPotion"},{"floor":2.0,"key":"SteroidPotion"},{"floor":2.0,"key":"conspire:TimeTravelPotion"},{"floor":5.0,"key":"EssenceOfSteel"},{"floor":24.0,"key":"SteroidPotion"},{"floor":31.0,"key":"SkillPotion"},{"floor":35.0,"key":"hexamod:EctoCoolerPotion"},{"floor":37.0,"key":"BlessingOfTheForge"},{"floor":47.0,"key":"SteroidPotion"},{"floor":48.0,"key":"ZuzhouPotion:ReiMu"},{"floor":54,"key":"LiquidBronze"}],"is_trial":false,"path_per_floor":["M","?","?","?","M","E","M","R","T","$","R","$","R","?","R","B",null,"M","M","?","$","T","R","M","?","T","M","$","?","M","M","R","B",null,"M","M","M","M","$","R","M","R","T","M","E","?","M","M","R","B",null,"R","$","E","B",null],"character_chosen":"KomeijiSatori","items_purchased":["SuitokuNoKyoryu","NingyouKisou+1","conspire:Banana","NingyouMusou+1","GasuOrimono","aspiration:Nostalgia"],"campfire_rested":1,"item_purchase_floors":[10,12,21,39,53,53],"current_hp_per_floor":[50,38,31,26,20,20,24,24,24,24,24,24,29,35,35,45,50,42,41,41,41,41,46,48,48,48,50,50,50,44,57,57,56,60,60,40,54,64,64,64,64,64,64,60,66,66,67,42,63,40,70,70,70,38,10],"gold":53,"neow_bonus":"THREE_CARDS","is_daily":false,"chose_seed":false,"campfire_upgraded":3,"win_rate":0.0,"timestamp":1609762689,"path_taken":["M","?","?","?","M","E","?","R","T","$","R","$","R","?","R","BOSS","M","M","?","$","?","R","M","?","T","M","$","?","M","M","R","BOSS","M","?","M","M","$","R","M","R","T","?","E","?","?","M","R","BOSS","R","$","E","BOSS"],"items_purchased_type":["Card","Card","Card","Card","Card","Relic"],"build_version":"2020-12-22","purchased_purges":2,"victory":true,"max_hp_per_floor":[50,50,50,50,50,50,50,50,50,50,50,50,50,50,50,50,50,50,50,50,50,50,50,52,52,52,54,54,54,56,58,58,60,60,60,60,62,64,64,64,64,64,64,66,66,66,68,70,70,70,70,70,70,74,74],"card_choices":[{"not_picked":["OoedoNingyou+1","ShyakuBuku"],"picked":"KinbakuJin+1","floor":0.0},{"not_picked":["Sabishigari+1","KimairaNoYoku"],"picked":"NarrowSpark","floor":1.0},{"not_picked":["HisouNoKen","GroundStardust+1"],"picked":"DochyakuKami+1","floor":2.0},{"not_picked":["Mishyaguji+1","Sabishigari+1"],"picked":"SeekerDolls","floor":5.0},{"not_picked":["SenseofElegance","SeekerWire+1"],"picked":"KeiseiJin+1","floor":6.0},{"not_picked":["KokorosuKi+1","Melting"],"picked":"GasuOrimono","floor":7.0},{"not_picked":["NingyouFukuhei+1","KeiseiJin+1"],"picked":"NingyouYunhei+1","floor":14.0},{"not_picked":["SemiAutomaton","LunaticRedEyes"],"picked":"ShanghaiNingyou","floor":16.0},{"not_picked":["RoshinSou+1","MusuNoYume"],"picked":"NingyouFukuhei+1","floor":18.0},{"not_picked":["InscribeRedSoul","MissingPower+1"],"picked":"NingyouOkisou+1","floor":19.0},{"not_picked":["Mishyaguji+1","SeekerWire+1"],"picked":"HenyouMirume","floor":24.0},{"not_picked":["NingyouOkisou+1","KeiseiJin+1"],"picked":"KokorosuKi+1","floor":27.0},{"not_picked":["InscribeRedSoul","HisouNoKen"],"picked":"VampireKiss+1","floor":30.0},{"not_picked":["VampireKiss","RikonNoKama+1"],"picked":"Melting+1","floor":30.0},{"not_picked":["LunaticRedEyes","SeekerWire+1"],"picked":"NingyouFukuhei+1","floor":31.0},{"not_picked":["DemonLordCradle","DochyakuKami+1"],"picked":"HagoromoMizu","floor":31.0},{"not_picked":["ShanghaiNingyou","MunenMusou"],"picked":"MiraiBunraku","floor":33.0},{"not_picked":["RikonNoKama+1","KeiseiJin+1"],"picked":"NarrowSpark","floor":35.0},{"not_picked":["JyouchiJin+1","KeiseiJin+1"],"picked":"NingyouShinki+1","floor":35.0},{"not_picked":["DochyakuKami+1","RikonNoKama+1"],"picked":"NingyouSousou+1","floor":36.0},{"not_picked":["JyouchiJin+1","NingyouShinki+1"],"picked":"Agarareta+1","floor":36.0},{"not_picked":["KinbakuJin+1","Agarareta+1"],"picked":"HisouNoKen+1","floor":37.0},{"not_picked":["MusuNoYume","SenseofElegance+1"],"picked":"HagoromoKu","floor":37.0},{"not_picked":["JyouchiJin+1","DochyakuKami+1"],"picked":"NingyouSP+1","floor":38.0},{"not_picked":["SeekerDolls","Melting"],"picked":"NingyouShinki+1","floor":38.0},{"not_picked":["SenseofElegance+1","KouPou+1"],"picked":"SelfTokamak","floor":41.0},{"not_picked":["KimairaNoYoku","NingyouSP+1"],"picked":"NingyouKasou+1","floor":41.0},{"not_picked":["NingyouSP+1","NingyouChiyari+1"],"picked":"NingyouMusou+1","floor":44.0},{"not_picked":["OoedoNingyou+1","EnMu+1"],"picked":"HenyouMirume+1","floor":44.0},{"not_picked":["Mishyaguji+1","NingyouShinki+1"],"picked":"EnMu+1","floor":45.0},{"not_picked":["RikonNoKama+1","NingyouSP+1"],"picked":"Sabishigari+1","floor":47.0},{"not_picked":["HagoromoMizu","JyouchiJin+1"],"picked":"MusouMyousyu","floor":47.0},{"not_picked":["SeekerDolls","NingyouFukuhei+1"],"picked":"MusuNoYume+1","floor":48.0},{"not_picked":["GroundStardust+1","SeekerWire+1","ShyakuBuku"],"picked":"SKIP","floor":48.0},{"not_picked":["Agarareta+1","DemonLordCradle"],"picked":"SelfTokamak+1","floor":54}],"player_experience":423096,"relics_obtained":[{"floor":6.0,"key":"Ice Cream"},{"floor":9.0,"key":"Mastiff:ReiMu"},{"floor":14.0,"key":"Odd Mushroom"},{"floor":22.0,"key":"Ginger"},{"floor":26.0,"key":"REME_PuzzleBoxRelic"},{"floor":45.0,"key":"REME_HourglassOfDeath"},{"floor":54,"key":"CrystalOfMemory"}],"event_choices":[{"cards_removed":["Strike_Komeiji"],"damage_healed":0.0,"max_hp_gain":0.0,"max_hp_loss":0.0,"gold_gain":0.0,"event_name":"Golden Wing","player_choice":"Card Removal","floor":3.0,"gold_loss":0.0,"damage_taken":7.0},{"damage_healed":0.0,"max_hp_gain":0.0,"max_hp_loss":0.0,"gold_gain":0.0,"event_name":"Wheel of Change","player_choice":"Damaged","floor":4.0,"gold_loss":0.0,"damage_taken":5.0},{"damage_healed":0.0,"max_hp_gain":0.0,"max_hp_loss":0.0,"gold_gain":0.0,"event_name":"Mushrooms","player_choice":"Fought Mushrooms","floor":14.0,"gold_loss":0.0,"damage_taken":0.0},{"damage_healed":0.0,"max_hp_gain":0.0,"max_hp_loss":0.0,"gold_gain":0.0,"event_name":"Duplicator","player_choice":"Copied","floor":20.0,"gold_loss":0.0,"damage_taken":0.0,"cards_obtained":["AT_ShrugMaster"]},{"damage_healed":0.0,"max_hp_gain":0.0,"max_hp_loss":0.0,"gold_gain":0.0,"event_name":"Accursed Blacksmith","player_choice":"Rummage","floor":29.0,"gold_loss":0.0,"damage_taken":0.0,"relics_obtained":["WarpedTongs"],"cards_obtained":["Pain"]},{"cards_removed":["Doubt"],"damage_healed":0.0,"max_hp_gain":0.0,"max_hp_loss":0.0,"gold_gain":0.0,"event_name":"Purifier","player_choice":"Purged","floor":46.0,"gold_loss":0.0,"damage_taken":0.0}],"is_beta":false,"boss_relics":[{"not_picked":["Runic Pyramid","ReiryokuShyu"],"picked":"Replay:Grab Bag"},{"not_picked":["Fusion Hammer","Runic Dome"],"picked":"Cursed Key"},{"not_picked":["Coffee Dripper","Sozu"],"picked":"ChewingGum"},{"not_picked":["AddBug","Pandora\u0027s Box"],"picked":"RedLine:ReiMu"},{"not_picked":["aspiration:SecretTechniqueScroll","aspiration:IroncladSkillbook"],"picked":"Empty Cage"}],"items_purged_floors":[10,28],"is_endless":false,"potions_floor_spawned":[5,24,31,35,37,47,48,54],"ascension_level":0}}