{"host":"yn1175etg9ni8l0q","time":1609789128,"event":{"mods":["AchievementEnabler","BaseMod","Colored Map","Colored Powertips","DeckTracker","Minty Spire (QoL Compilation)","Rare Cards Sparkle","Relic Stats","SuperFastMode","everything is the same but u backflip on backflip"],"gold_per_floor":[110,110,130,142,142,162,189,189,189,207,207,207,221,240,240,335,335,325,342,342,357,58,58,58,58,58,69,86,86,106,139,139,240,240,254,270,281,300,121,137,137,12,67,67,84,101,101,119,119,119,119,119,14,41,41,41],"floor_reached":55,"playtime":1806,"items_purged":["Strike_B","Hello World","Gash"],"score":647,"play_id":"6f8e15d8-1fdf-4b34-b085-6fa684378148","local_time":"20210105043848","is_ascension_mode":false,"campfire_choices":[{"floor":8.0,"key":"REST"},{"floor":12.0,"key":"REST"},{"data":"Loop","floor":15.0,"key":"SMITH"},{"data":"Glacier","floor":23.0,"key":"SMITH"},{"data":"Thunder Strike","floor":25.0,"key":"SMITH"},{"data":"Buffer","floor":29.0,"key":"SMITH"},{"data":"Seek","floor":32.0,"key":"SMITH"},{"data":"Defragment","floor":41.0,"key":"SMITH"},{"data":"Reboot","floor":44.0,"key":"SMITH"},{"floor":47.0,"key":"REST"},{"data":"Storm","floor":49.0,"key":"SMITH"},{"data":"Coolheaded","floor":52.0,"key":"SMITH"}],"circlet_count":0,"master_deck":["Zap+1","Dualcast","Thunder Strike+1","Conserve Battery","Ball Lightning","Coolheaded+1","Loop+1","Sweeping Beam","Reboot+1","Self Repair","Glacier+1","Seek+1","Sweeping Beam+1","BootSequence+1","Cold Snap","Storm+1","Static Discharge+1","Buffer+1","Amplify","Reboot","Rebound","Redo","FTL","Amplify","Recycle","Ball Lightning+1","Defragment+1","Leap+1","Turbo+1","Hologram+1"],"relics":["Cracked Core","Oddly Smooth Stone","DataDisk","Bag of Preparation","Turnip","Meat on the Bone","Pandora\u0027s Box","Lantern","Blue Candle"],"acts_visited":["Exordium","TheCity","TheBeyond","TheEnding"],"potions_floor_usage":[55,55],"damage_taken":[{"damage":4.0,"enemies":"2 Louse","floor":1.0,"turns":2.0},{"damage":3.0,"enemies":"Small Slimes","floor":3.0,"turns":3.0},{"damage":5.0,"enemies":"Jaw Worm","floor":4.0,"turns":4.0},{"damage":32.0,"enemies":"Gremlin Gang","floor":6.0,"turns":5.0},{"damage":22.0,"enemies":"Gremlin Nob","floor":7.0,"turns":4.0},{"damage":6.0,"enemies":"Blue Slaver","floor":10.0,"turns":3.0},{"damage":0.0,"enemies":"2 Fungi Beasts","floor":13.0,"turns":2.0},{"damage":9.0,"enemies":"Exordium Thugs","floor":14.0,"turns":4.0},{"damage":29.0,"enemies":"Slime Boss","floor":16.0,"turns":10.0},{"damage":3.0,"enemies":"2 Thieves","floor":18.0,"turns":4.0},{"damage":9.0,"enemies":"3 Byrds","floor":19.0,"turns":5.0},{"damage":16.0,"enemies":"3 Cultists","floor":21.0,"turns":6.0},{"damage":0.0,"enemies":"Centurion and Healer","floor":27.0,"turns":10.0},{"damage":7.0,"enemies":"Chosen and Byrds","floor":28.0,"turns":6.0},{"damage":11.0,"enemies":"Shelled Parasite and Fungi","floor":30.0,"turns":13.0},{"damage":25.0,"enemies":"Gremlin Leader","floor":31.0,"turns":5.0},{"damage":18.0,"enemies":"Collector","floor":33.0,"turns":11.0},{"damage":18.0,"enemies":"Orb Walker","floor":35.0,"turns":3.0},{"damage":26.0,"enemies":"3 Darklings","floor":36.0,"turns":2.0},{"damage":21.0,"enemies":"Maw","floor":37.0,"turns":8.0},{"damage":0.0,"enemies":"Jaw Worm Horde","floor":38.0,"turns":5.0},{"damage":0.0,"enemies":"Transient","floor":40.0,"turns":5.0},{"damage":23.0,"enemies":"Spire Growth","floor":45.0,"turns":4.0},{"damage":39.0,"enemies":"Writhing Mass","floor":46.0,"turns":4.0},{"damage":0.0,"enemies":"Maw","floor":48.0,"turns":7.0},{"damage":25.0,"enemies":"Donu and Deca","floor":50.0,"turns":6.0},{"damage":48.0,"enemies":"Shield and Spear","floor":54.0,"turns":3.0},{"damage":52,"enemies":"The Heart","floor":55,"turns":3}],"seed_played":"-1966024415496322570","potions_obtained":[{"floor":4.0,"key":"Ancient Potion"},{"floor":6.0,"key":"SteroidPotion"},{"floor":10.0,"key":"ColorlessPotion"},{"floor":21.0,"key":"Fire Potion"},{"floor":27.0,"key":"GamblersBrew"},{"floor":31.0,"key":"FocusPotion"},{"floor":33.0,"key":"ColorlessPotion"},{"floor":45.0,"key":"PowerPotion"},{"floor":46.0,"key":"DuplicationPotion"}],"is_trial":false,"path_per_floor":["M","?","M","M","?","M","E","R","T","M","?","R","M","M","R","B",null,"M","M","?","M","$","R","?","R","T","M","M","R","M","E","R","B",null,"M","M","M","M","$","M","R","$","T","R","M","M","R","M","R","B",null,"R","$","E","B"],"character_chosen":"DEFECT","items_purchased":["Bag of Preparation","Storm","Defragment","EssenceOfDarkness"],"campfire_rested":3,"item_purchase_floors":[22,22,39,53],"current_hp_per_floor":[71,71,68,63,68,36,14,38,38,32,16,40,40,38,38,16,80,77,75,75,66,66,66,66,66,66,73,73,73,69,51,51,52,80,76,50,48,48,48,48,48,48,48,48,51,24,48,55,55,49,80,80,80,51,0,0],"gold":41,"neow_bonus":"ONE_RANDOM_RARE_CARD","is_daily":false,"chose_seed":false,"campfire_upgraded":9,"win_rate":0.0,"timestamp":1609789128,"path_taken":["M","?","M","M","?","M","E","R","T","M","?","R","M","?","R","BOSS","M","?","?","M","$","R","?","R","T","?","M","R","M","E","R","BOSS","M","M","M","M","$","M","R","$","T","R","M","M","R","M","R","BOSS","R","$","E","BOSS"],"items_purchased_type":["Relic","Card","Card","Potion"],"build_version":"2020-12-22","purchased_purges":3,"victory":false,"max_hp_per_floor":[75,75,75,75,80,80,80,80,80,80,80,80,80,80,80,80,80,80,80,80,80,80,80,80,80,80,80,80,80,80,80,80,80,80,80,80,80,80,80,80,80,80,80,80,80,80,80,80,80,80,80,80,80,80,80,80],"relic_stats":{"counters":[28,145],"Blue Candle":[0],"Pandora\u0027s Box":["Rebound","Redo","Hello World","FTL","Gash","Amplify"],"Turnip":[23],"Bag of Preparation":[32],"obtain_stats":[{"DataDisk":9,"Lantern":43,"Blue Candle":54,"Oddly Smooth Stone":7,"Pandora\u0027s Box":34,"Turnip":26,"Bag of Preparation":22,"Cracked Core":0,"Meat on the Bone":31},{"DataDisk":5,"Lantern":22,"Blue Candle":27,"Oddly Smooth Stone":5,"Pandora\u0027s Box":17,"Turnip":12,"Bag of Preparation":12,"Cracked Core":0,"Meat on the Bone":16},{"DataDisk":18,"Lantern":118,"Blue Candle":142,"Oddly Smooth Stone":18,"Pandora\u0027s Box":95,"Turnip":50,"Bag of Preparation":50,"Cracked Core":0,"Meat on the Bone":84}],"Meat on the Bone":72},"card_choices":[{"not_picked":["Streamline","Chaos"],"picked":"Conserve Battery","floor":1.0},{"not_picked":["Leap","Barrage"],"picked":"Ball Lightning","floor":3.0},{"not_picked":["Gash","Compile Driver"],"picked":"Coolheaded","floor":4.0},{"not_picked":["Conserve Battery","Hologram"],"picked":"Loop","floor":6.0},{"not_picked":["Aggregate","Fusion"],"picked":"Sweeping Beam","floor":7.0},{"not_picked":["Redo","Steam"],"picked":"Reboot","floor":10.0},{"not_picked":["Compile Driver","Static Discharge"],"picked":"Self Repair","floor":13.0},{"not_picked":["Redo","Beam Cell"],"picked":"Glacier","floor":14.0},{"not_picked":["Biased Cognition","Fission"],"picked":"Seek","floor":16.0},{"not_picked":["Compile Driver","Beam Cell"],"picked":"Sweeping Beam+1","floor":18.0},{"not_picked":["Barrage","Blizzard"],"picked":"BootSequence+1","floor":19.0},{"not_picked":["Hologram","Ball Lightning"],"picked":"Cold Snap","floor":21.0},{"not_picked":["Steam+1","Static Discharge+1","Redo"],"picked":"SKIP","floor":27.0},{"not_picked":["Steam+1","Redo"],"picked":"Static Discharge+1","floor":27.0},{"not_picked":["Coolheaded","Skim"],"picked":"Buffer","floor":28.0},{"not_picked":["Barrage","Cold Snap","Coolheaded"],"picked":"SKIP","floor":30.0},{"not_picked":["Gash+1","Cold Snap"],"picked":"Amplify","floor":31.0},{"not_picked":["Thunder Strike","Biased Cognition"],"picked":"Reboot","floor":33.0},{"not_picked":["Gash","Leap+1"],"picked":"Recycle","floor":35.0},{"not_picked":["Darkness","Barrage+1"],"picked":"Ball Lightning+1","floor":36.0},{"not_picked":["Fusion","Streamline","Chill"],"picked":"SKIP","floor":37.0},{"not_picked":["Steam","Reinforced Body+1","Auto Shields"],"picked":"SKIP","floor":38.0},{"not_picked":["Biased Cognition","Gash","Compile Driver"],"picked":"SKIP","floor":40.0},{"not_picked":["Ball Lightning+1","Consume"],"picked":"Leap+1","floor":45.0},{"not_picked":["Blizzard","Lockon+1"],"picked":"Turbo+1","floor":46.0},{"not_picked":["Melter+1","BootSequence"],"picked":"Hologram+1","floor":48.0},{"not_picked":["Sunder","Rebound","Recycle+1"],"picked":"SKIP","floor":54.0}],"player_experience":306330,"relics_obtained":[{"floor":7.0,"key":"Oddly Smooth Stone"},{"floor":9.0,"key":"DataDisk"},{"floor":26.0,"key":"Turnip"},{"floor":31.0,"key":"Meat on the Bone"},{"floor":43.0,"key":"Lantern"},{"floor":54.0,"key":"Blue Candle"}],"event_choices":[{"cards_removed":["Strike_B"],"damage_healed":0.0,"max_hp_gain":0.0,"max_hp_loss":0.0,"gold_gain":0.0,"event_name":"Living Wall","player_choice":"Forget","floor":2.0,"gold_loss":0.0,"damage_taken":0.0},{"damage_healed":0.0,"max_hp_gain":5.0,"max_hp_loss":0.0,"gold_gain":0.0,"event_name":"Big Fish","player_choice":"Donut","floor":5.0,"gold_loss":0.0,"damage_taken":0.0},{"damage_healed":0.0,"max_hp_gain":0.0,"max_hp_loss":0.0,"gold_gain":0.0,"event_name":"Shining Light","player_choice":"Entered Light","floor":11.0,"gold_loss":0.0,"damage_taken":16.0,"cards_upgraded":["Defend_B","Zap"]},{"damage_healed":0.0,"max_hp_gain":0.0,"max_hp_loss":0.0,"gold_gain":0.0,"event_name":"Ghosts","player_choice":"Ignored","floor":20.0,"gold_loss":0.0,"damage_taken":0.0},{"damage_healed":0.0,"max_hp_gain":0.0,"max_hp_loss":0.0,"gold_gain":0.0,"event_name":"The Woman in Blue","player_choice":"Bought 0 Potions","floor":24.0,"gold_loss":0.0,"damage_taken":0.0}],"is_beta":false,"boss_relics":[{"not_picked":["Cursed Key","Coffee Dripper","Runic Dome"]},{"not_picked":["Black Star","Calling Bell"],"picked":"Pandora\u0027s Box"}],"items_purged_floors":[22,39,42],"is_endless":false,"potions_floor_spawned":[4,6,10,21,27,30,31,33,35,38,45,46],"killed_by":"The Heart","ascension_level":0}}