{"host":"sav7uxregyirlf69","time":1609758656,"event":{"mods":["AchievementEnabler","BaseMod","Colored Map","DeckTracker","Keyboard Shortcuts","Minty Spire (QoL Compilation)","READ ME - Guardian Mod","StSLib","SuperFastMode"],"gold_per_floor":[144,189,139,214,259,259,349,394,394,494,494,539,584,674,674,974,974,1019,413,458,503,27,117,117,117,192,291,12,12,12,57,57,366,675,720,270,166,211,265,355,355,355,380,14,41,116,116,170,170,170],"floor_reached":51,"playtime":1136,"items_purged":["Strike_R","Zap","Strike_B","Strike_G","Defend_R"],"score":973,"play_id":"de0fec17-fc8c-4bef-89d6-d4f0e3bf7a1d","local_time":"20210104201056","daily_mods":["Chimera","Diverse","Midas"],"is_ascension_mode":false,"campfire_choices":[{"floor":6,"key":"REST"},{"floor":11,"key":"REST"},{"floor":15,"key":"REST"},{"floor":24,"key":"REST"},{"floor":32,"key":"REST"},{"floor":47,"key":"REST"},{"floor":49,"key":"REST"}],"circlet_count":0,"master_deck":["Survivor","Defend_G","Defend_P","EmptyFist","Disarm","Dagger Throw","Consecrate","Ghostly Armor+1","Pommel Strike","Bouncing Flask+1","Impervious+1","Coolheaded+1","TalkToTheHand","Fusion+1","Madness+1","Metamorphosis+1","Glass Knife","Blood for Blood","Master of Strategy+1","BootSequence+1","Adrenaline+1","CurseOfTheBell","Shrug It Off+1","Die Die Die+1","Slice+1","PiercingWail+1","Chaos+1","Barricade","Flash of Steel+1","Finesse+1","Flash of Steel+1","EmptyMind+1"],"relics":["Cracked Core","Happy Flower","Toxic Egg 2","Thread and Needle","Black Star","Runic Capacitor","Strawberry","Art of War","Membership Card","Orichalcum","Blood Vial","Oddly Smooth Stone","Dream Catcher","Darkstone Periapt","CeramicFish","Matryoshka","Singing Bowl","Calling Bell","Boot","Blue Candle","Old Coin","Meat on the Bone","Ice Cream","Sling","InkBottle","Akabeko","Pen Nib","MawBank","Toy Ornithopter","Molten Egg 2","Bag of Marbles","Sundial"],"acts_visited":["Exordium","TheCity","TheBeyond"],"potions_floor_usage":[31,50,50],"damage_taken":[{"damage":0,"enemies":"Cultist","floor":1,"turns":3},{"damage":0,"enemies":"Small Slimes","floor":2,"turns":4},{"damage":0,"enemies":"2 Louse","floor":5,"turns":2},{"damage":28,"enemies":"Gremlin Nob","floor":7,"turns":4},{"damage":0,"enemies":"2 Fungi Beasts","floor":8,"turns":3},{"damage":0,"enemies":"Blue Slaver","floor":12,"turns":4},{"damage":3,"enemies":"Red Slaver","floor":13,"turns":3},{"damage":23,"enemies":"Lagavulin","floor":14,"turns":6},{"damage":0,"enemies":"The Guardian","floor":16,"turns":9},{"damage":3,"enemies":"Spheric Guardian","floor":18,"turns":4},{"damage":6,"enemies":"2 Thieves","floor":20,"turns":4},{"damage":3,"enemies":"Snecko","floor":21,"turns":5},{"damage":36,"enemies":"Slavers","floor":23,"turns":6},{"damage":0,"enemies":"Book of Stabbing","floor":27,"turns":7},{"damage":0,"enemies":"Cultist and Chosen","floor":31,"turns":6},{"damage":63,"enemies":"Collector","floor":33,"turns":10},{"damage":2,"enemies":"3 Darklings","floor":35,"turns":7},{"damage":1,"enemies":"Orb Walker","floor":38,"turns":3},{"damage":1,"enemies":"3 Darklings","floor":39,"turns":4},{"damage":4,"enemies":"Nemesis","floor":40,"turns":6},{"damage":0,"enemies":"Sphere and 2 Shapes","floor":48,"turns":5},{"damage":1,"enemies":"Time Eater","floor":50,"turns":11}],"seed_played":"-6631355389535803282","potions_obtained":[{"floor":7,"key":"Energy Potion"},{"floor":8,"key":"BlessingOfTheForge"},{"floor":12,"key":"Energy Potion"},{"floor":23,"key":"LiquidMemories"},{"floor":33,"key":"SmokeBomb"}],"is_trial":false,"path_per_floor":["M","M","?","?","M","R","E","M","T","?","R","M","M","E","R","B",null,"M","$","M","M","$","E","R","?","T","E","$","?","?","M","R","B",null,"M","$","?","M","M","E","?","?","T","$","?","T","R","M","R","B",null],"character_chosen":"DEFECT","items_purchased":["TalkToTheHand","Runic Capacitor","Strawberry","Art of War","Membership Card","Orichalcum","Blood Vial","Madness+1","Metamorphosis+1","Master of Strategy+1","Singing Bowl","BootSequence+1","Meat on the Bone","Ice Cream","Sling","PowerPotion","Molten Egg 2","Die Die Die+1","Slice+1","PiercingWail+1","Chaos+1","Barricade"],"campfire_rested":7,"item_purchase_floors":[19,19,19,19,22,22,22,22,22,28,28,28,36,36,36,36,44,44,44,44,44,44],"current_hp_per_floor":[75,75,75,64,64,75,47,47,47,47,69,69,66,43,65,65,75,72,79,73,70,70,36,60,60,60,62,62,62,62,66,86,23,92,92,92,92,95,95,94,94,94,94,94,84,84,100,100,102,102],"gold":170,"neow_bonus":"","is_daily":true,"chose_seed":false,"campfire_upgraded":0,"win_rate":0.0,"timestamp":1609758656,"path_taken":["M","M","?","?","M","R","E","M","T","?","R","M","M","E","R","BOSS","M","$","M","?","$","E","R","?","T","E","$","?","?","M","R","BOSS","M","$","?","?","M","E","?","?","T","$","?","?","R","M","R","BOSS"],"items_purchased_type":["Card","Relic","Relic","Relic","Relic","Relic","Relic","Card","Card","Card","Relic","Card","Relic","Relic","Relic","Potion","Relic","Card","Card","Card","Card","Card"],"build_version":"2020-12-22","purchased_purges":5,"victory":true,"max_hp_per_floor":[75,75,75,75,75,75,75,75,75,75,75,75,75,75,75,75,75,75,82,82,82,82,82,82,82,82,82,82,82,82,84,86,86,92,94,94,94,96,96,98,98,98,98,98,98,98,100,100,102,102],"card_choices":[{"not_picked":["Halt","Feel No Pain"],"picked":"EmptyFist","floor":1},{"not_picked":["Cloak And Dagger","Flying Knee"],"picked":"Disarm","floor":2},{"not_picked":["Rupture","PathToVictory","CutThroughFate"],"picked":"SKIP","floor":5},{"not_picked":["Acrobatics","Iron Wave"],"picked":"Dagger Throw","floor":7},{"not_picked":["Steam","Evaluate"],"picked":"Consecrate","floor":8},{"not_picked":["SandsOfTime","Flying Knee"],"picked":"Ghostly Armor+1","floor":12},{"not_picked":["Battle Trance+1","Rampage"],"picked":"Pommel Strike","floor":13},{"not_picked":["Hologram+1","Dual Wield+1"],"picked":"Bouncing Flask+1","floor":14},{"not_picked":["DevaForm","Meteor Strike"],"picked":"Impervious+1","floor":16},{"not_picked":["Rupture","Metallicize"],"picked":"Coolheaded+1","floor":18},{"not_picked":["Pray+1","Cleave","Sweeping Beam"],"picked":"SKIP","floor":20},{"not_picked":["Capacitor+1","Steam Power+1"],"picked":"Fusion+1","floor":21},{"not_picked":["MentalFortress","Sweeping Beam+1"],"picked":"Glass Knife","floor":23},{"not_picked":["Vengeance+1","EmptyFist"],"picked":"Blood for Blood","floor":27},{"not_picked":["Heavy Blade+1","Clothesline+1","Sucker Punch"],"picked":"Singing Bowl","floor":31},{"not_picked":["Genetic Algorithm+1","Prostrate+1","Quick Slash"],"picked":"Singing Bowl","floor":32},{"not_picked":["Omniscience+1","Scrawl+1"],"picked":"Adrenaline+1","floor":33},{"not_picked":["Calculated Gamble+1","Cloak And Dagger+1","Defragment+1"],"picked":"Singing Bowl","floor":35},{"not_picked":["Redo+1","Chaos+1","Thunderclap"],"picked":"Singing Bowl","floor":38},{"not_picked":["Poisoned Stab","Flex+1"],"picked":"Shrug It Off+1","floor":39},{"not_picked":["SashWhip+1","SandsOfTime+1","Beam Cell+1"],"picked":"Singing Bowl","floor":40},{"not_picked":["Metamorphosis+1","Panache"],"picked":"Flash of Steel+1","floor":45},{"not_picked":["Blind+1","Dark Shackles+1"],"picked":"Finesse+1","floor":45},{"not_picked":["Madness+1","Enlightenment+1"],"picked":"Flash of Steel+1","floor":45},{"not_picked":["Conserve Battery+1","Crescendo+1","Tantrum+1"],"picked":"Singing Bowl","floor":47},{"not_picked":["FearNoEvil+1","Coolheaded+1"],"picked":"EmptyMind+1","floor":48},{"not_picked":["CutThroughFate+1","Pummel+1","Vengeance+1"],"picked":"Singing Bowl","floor":49}],"player_experience":1134145,"relics_obtained":[{"floor":7,"key":"Happy Flower"},{"floor":9,"key":"Toxic Egg 2"},{"floor":14,"key":"Thread and Needle"},{"floor":23,"key":"Oddly Smooth Stone"},{"floor":23,"key":"Dream Catcher"},{"floor":26,"key":"Darkstone Periapt"},{"floor":27,"key":"CeramicFish"},{"floor":27,"key":"Matryoshka"},{"floor":34,"key":"Boot"},{"floor":34,"key":"Blue Candle"},{"floor":34,"key":"Old Coin"},{"floor":40,"key":"Akabeko"},{"floor":40,"key":"Pen Nib"},{"floor":43,"key":"MawBank"},{"floor":43,"key":"Toy Ornithopter"},{"floor":46,"key":"Bag of Marbles"},{"floor":46,"key":"Sundial"}],"event_choices":[{"cards_removed":["Eruption"],"damage_healed":0,"gold_gain":0,"player_choice":"Card Removal","damage_taken":0,"max_hp_gain":0,"max_hp_loss":0,"event_name":"The Cleric","floor":3,"gold_loss":50},{"damage_healed":0,"gold_gain":75,"player_choice":"Gather Gold","damage_taken":11,"max_hp_gain":0,"max_hp_loss":0,"event_name":"World of Goop","floor":4,"gold_loss":0},{"damage_healed":0,"gold_gain":100,"player_choice":"Pray","damage_taken":0,"max_hp_gain":0,"max_hp_loss":0,"event_name":"Golden Shrine","floor":10,"gold_loss":0},{"damage_healed":0,"gold_gain":0,"player_choice":"Ignored","damage_taken":0,"max_hp_gain":0,"max_hp_loss":0,"event_name":"Ghosts","floor":25,"gold_loss":0},{"damage_healed":0,"gold_gain":0,"player_choice":"Ignored","damage_taken":0,"max_hp_gain":0,"max_hp_loss":0,"event_name":"Vampires","floor":29,"gold_loss":0},{"damage_healed":0,"gold_gain":0,"player_choice":"Ignored","damage_taken":0,"max_hp_gain":0,"max_hp_loss":0,"event_name":"Cursed Tome","floor":30,"gold_loss":0},{"damage_healed":0,"gold_gain":0,"player_choice":"Paid Gold","damage_taken":0,"relics_obtained":["InkBottle"],"max_hp_gain":0,"max_hp_loss":0,"event_name":"WeMeetAgain","floor":37,"gold_loss":104},{"damage_healed":0,"gold_gain":0,"player_choice":"Ignored","damage_taken":0,"max_hp_gain":0,"max_hp_loss":0,"event_name":"Tomb of Lord Red Mask","floor":41,"gold_loss":0},{"cards_removed":["Bash"],"damage_healed":0,"gold_gain":0,"player_choice":"Removed Attack","damage_taken":0,"max_hp_gain":0,"max_hp_loss":0,"event_name":"Falling","floor":42,"gold_loss":0},{"damage_healed":0,"gold_gain":0,"player_choice":"Memory 3","damage_taken":10,"max_hp_gain":0,"max_hp_loss":0,"event_name":"SensoryStone","floor":45,"gold_loss":0}],"is_beta":false,"boss_relics":[{"not_picked":["Cursed Key","Inserter"],"picked":"Black Star"},{"not_picked":["Tiny House","Velvet Choker"],"picked":"Calling Bell"}],"items_purged_floors":[19,22,28,36,44],"is_endless":false,"potions_floor_spawned":[7,8,12,13,21,23,27,33,39,40,48],"ascension_level":0}}