{"host":"ta9mufxydm4vkknf","time":1609786018,"event":{"mods":["AchievementEnabler","BaseMod","Minty Spire (QoL Compilation)","Quick Restart"],"gold_per_floor":[110,210,227,243,168,168,196,213,213,539,370,320,348,348,348,450,450,467,392,407,407,407,407,421,448,448,448,448],"floor_reached":27,"playtime":4360,"items_purged":["Defend_G","Strike_G"],"score":261,"play_id":"47e31f63-003d-4fb7-8873-d682dd8faf93","local_time":"20210104194658","is_ascension_mode":true,"campfire_choices":[{"data":"Storm of Steel","floor":6,"key":"SMITH"},{"floor":15,"key":"REST"},{"data":"RitualDagger","floor":23,"key":"SMITH"}],"circlet_count":0,"master_deck":["Strike_G","Strike_G","Strike_G","Defend_G","Defend_G","Survivor","Neutralize","Underhanded Strike","Storm of Steel+1","Backflip","A Thousand Cuts","Prepared","Dagger Throw","Footwork","Dodge and Roll","Malaise","Footwork","Tactician","RitualDagger+1","Slice","Burst"],"relics":["Ring of the Snake","NeowsBlessing","Tiny Chest","Gremlin Horn","Old Coin","Oddly Smooth Stone","HoveringKite","Paper Crane","Nunchaku"],"acts_visited":["Exordium","TheCity"],"potions_floor_usage":[13,24,24,25],"damage_taken":[{"damage":0,"enemies":"Small Slimes","floor":1,"turns":1},{"damage":0,"enemies":"Cultist","floor":3,"turns":1},{"damage":0,"enemies":"2 Louse","floor":4,"turns":1},{"damage":8,"enemies":"Gremlin Nob","floor":7,"turns":4},{"damage":0,"enemies":"Looter","floor":8,"turns":4},{"damage":33,"enemies":"Lagavulin","floor":10,"turns":7},{"damage":14,"enemies":"3 Sentries","floor":13,"turns":12},{"damage":20,"enemies":"Slime Boss","floor":16,"turns":10},{"damage":0,"enemies":"Chosen","floor":18,"turns":4},{"damage":5,"enemies":"3 Byrds","floor":20,"turns":7},{"damage":5,"enemies":"Snake Plant","floor":24,"turns":7},{"damage":20,"enemies":"Gremlin Leader","floor":25,"turns":11},{"damage":39,"enemies":"Slavers","floor":27,"turns":5}],"seed_played":"5564695668458912915","potions_obtained":[{"floor":3,"key":"PowerPotion"},{"floor":4,"key":"Strength Potion"},{"floor":10,"key":"Strength Potion"},{"floor":13,"key":"SkillPotion"},{"floor":20,"key":"PowerPotion"}],"is_trial":false,"path_per_floor":["M","?","M","M","$","R","E","M","T","E","$","?","E","?","R","B",null,"M","?","M","T","?","R","M","E","T","E"],"character_chosen":"THE_SILENT","items_purchased":["Footwork"],"campfire_rested":1,"item_purchase_floors":[11],"current_hp_per_floor":[70,70,70,70,70,70,62,62,62,29,29,29,15,8,29,9,70,70,70,65,65,59,59,54,34,34,0,0],"gold":448,"neow_bonus":"THREE_ENEMY_KILL","is_daily":false,"chose_seed":false,"campfire_upgraded":2,"win_rate":0.0,"timestamp":1609786018,"path_taken":["M","?","?","M","?","R","E","M","T","E","$","?","E","?","R","BOSS","M","?","M","?","?","R","M","E","T","E"],"items_purchased_type":["Card"],"build_version":"2020-12-22","purchased_purges":2,"victory":false,"max_hp_per_floor":[70,70,70,70,70,70,70,70,70,70,70,70,70,70,70,70,70,70,70,70,70,70,70,70,70,70,70,70],"card_choices":[{"not_picked":["Blade Dance","Backstab"],"picked":"Underhanded Strike","floor":1},{"not_picked":["Bane","Backstab"],"picked":"Storm of Steel","floor":3},{"not_picked":["Blade Dance","Slice"],"picked":"Backflip","floor":4},{"not_picked":["Finisher","Flying Knee"],"picked":"A Thousand Cuts","floor":7},{"not_picked":["Blade Dance","Endless Agony"],"picked":"Prepared","floor":8},{"not_picked":["Bane","Choke"],"picked":"Dagger Throw","floor":10},{"not_picked":["Setup","Backstab"],"picked":"Dodge and Roll","floor":13},{"not_picked":["Glass Knife","Wraith Form v2"],"picked":"Malaise","floor":16},{"not_picked":["Backflip","Dagger Spray"],"picked":"Footwork","floor":18},{"not_picked":["Outmaneuver","Terror"],"picked":"Tactician","floor":20},{"not_picked":["Underhanded Strike","Footwork"],"picked":"Slice","floor":24},{"not_picked":["Tactician","Deflect"],"picked":"Burst","floor":25}],"player_experience":191186,"relics_obtained":[{"floor":7,"key":"Tiny Chest"},{"floor":9,"key":"Gremlin Horn"},{"floor":10,"key":"Old Coin"},{"floor":13,"key":"Oddly Smooth Stone"},{"floor":25,"key":"Paper Crane"},{"floor":26,"key":"Nunchaku"}],"event_choices":[{"damage_healed":0,"gold_gain":100,"player_choice":"Pray","damage_taken":0,"max_hp_gain":0,"max_hp_loss":0,"event_name":"Golden Shrine","floor":2,"gold_loss":0},{"cards_removed":["Strike_G"],"damage_healed":0,"gold_gain":0,"player_choice":"Card Removal","damage_taken":0,"max_hp_gain":0,"max_hp_loss":0,"event_name":"The Cleric","floor":12,"gold_loss":50},{"cards_removed":["Defend_G"],"damage_healed":0,"gold_gain":0,"player_choice":"Card Removal","damage_taken":7,"max_hp_gain":0,"max_hp_loss":0,"event_name":"Golden Wing","floor":14,"gold_loss":0},{"cards_removed":["Defend_G"],"damage_healed":0,"gold_gain":0,"player_choice":"Gave Gold","damage_taken":0,"max_hp_gain":0,"max_hp_loss":0,"event_name":"Beggar","floor":19,"gold_loss":75},{"damage_healed":0,"gold_gain":0,"player_choice":"Joined the Cult","damage_taken":6,"max_hp_gain":0,"max_hp_loss":0,"event_name":"Nest","floor":22,"gold_loss":0,"cards_obtained":["RitualDagger"]}],"is_beta":false,"boss_relics":[{"not_picked":["Velvet Choker","Calling Bell"],"picked":"HoveringKite"}],"items_purged_floors":[5,11],"is_endless":false,"potions_floor_spawned":[3,4,10,13,20],"killed_by":"Slavers","ascension_level":1}}