{"host":"69rply1jf2d1wbmp","time":1609754124,"event":{"mods":["BaseMod","Minty Spire (QoL Compilation)","Quick Restart"],"gold_per_floor":[114,114,134,134,154,184,194,194,267,302,325,340,340,359,359,461,461,475,500,510,510,64,96,96,123,162,190,202,232,261,299,311,421,433,456,479,491,553,565,610,622,660,672,157,167,167,201,76,76,76,76,76,26,57,57,57],"floor_reached":55,"playtime":1885,"items_purged":["Strike_G","Strike_G","Strike_G"],"score":923,"play_id":"eaac5701-93da-4b2c-a562-25863050304e","local_time":"20210104045524","is_ascension_mode":false,"campfire_choices":[{"data":"Bouncing Flask","floor":8,"key":"SMITH"},{"floor":15,"key":"REST"},{"floor":24,"key":"RECALL"},{"data":"Noxious Fumes","floor":28,"key":"SMITH"},{"floor":32,"key":"REST"},{"data":"A Thousand Cuts","floor":41,"key":"SMITH"},{"floor":46,"key":"REST"},{"data":"Adrenaline","floor":49,"key":"SMITH"},{"data":"Deflect","floor":52,"key":"SMITH"}],"circlet_count":0,"master_deck":["Strike_G","Strike_G+1","Defend_G","Defend_G","Defend_G","Defend_G","Defend_G","Survivor+1","Neutralize+1","Deflect+1","Dagger Spray+1","Bouncing Flask+1","Infinite Blades","Deflect","Corpse Explosion","A Thousand Cuts+1","Blade Dance+1","Noxious Fumes+1","Blade Dance","Backstab+1","Adrenaline+1","Backflip+1","Deflect+1","Noxious Fumes+1","Blur+1","Catalyst+1"],"relics":["Ring of the Snake","NeowsBlessing","TungstenRod","Pen Nib","Vajra","SlaversCollar","Happy Flower","Anchor","Regal Pillow","Kunai","MawBank","Bag of Preparation","Blood Vial","Black Star","Incense Burner","PreservedInsect","Art of War","Paper Crane","Ginger","Gremlin Horn","TwistedFunnel","Oddly Smooth Stone","Frozen Egg 2","MealTicket","Whetstone","Mercury Hourglass"],"acts_visited":["Exordium","TheCity","TheBeyond","TheEnding"],"potions_floor_usage":[6,23,31,35,40,40,50,50,55],"damage_taken":[{"damage":0,"enemies":"2 Louse","floor":1,"turns":1},{"damage":0,"enemies":"Jaw Worm","floor":3,"turns":1},{"damage":0,"enemies":"Cultist","floor":5,"turns":1},{"damage":6,"enemies":"Lagavulin","floor":6,"turns":5},{"damage":3,"enemies":"Gremlin Gang","floor":7,"turns":3},{"damage":32,"enemies":"Gremlin Nob","floor":10,"turns":5},{"damage":0,"enemies":"Exordium Wildlife","floor":12,"turns":4},{"damage":7,"enemies":"3 Louse","floor":14,"turns":3},{"damage":15,"enemies":"Slime Boss","floor":16,"turns":9},{"damage":1,"enemies":"Shell Parasite","floor":18,"turns":6},{"damage":0,"enemies":"Chosen","floor":20,"turns":4},{"damage":3,"enemies":"Gremlin Leader","floor":23,"turns":6},{"damage":19,"enemies":"Slavers","floor":25,"turns":4},{"damage":0,"enemies":"3 Cultists","floor":27,"turns":3},{"damage":10,"enemies":"Snecko","floor":29,"turns":5},{"damage":9,"enemies":"Sentry and Sphere","floor":30,"turns":5},{"damage":0,"enemies":"Book of Stabbing","floor":31,"turns":4},{"damage":26,"enemies":"Collector","floor":33,"turns":7},{"damage":1,"enemies":"3 Darklings","floor":35,"turns":2},{"damage":0,"enemies":"3 Shapes","floor":36,"turns":2},{"damage":1,"enemies":"Mind Bloom Boss Battle","floor":38,"turns":5},{"damage":17,"enemies":"Giant Head","floor":40,"turns":9},{"damage":9,"enemies":"Nemesis","floor":42,"turns":5},{"damage":0,"enemies":"Transient","floor":45,"turns":5},{"damage":0,"enemies":"Reptomancer","floor":47,"turns":3},{"damage":43,"enemies":"Time Eater","floor":50,"turns":10},{"damage":35,"enemies":"Shield and Spear","floor":54,"turns":5},{"damage":46,"enemies":"The Heart","floor":55,"turns":2}],"seed_played":"-1018960709734498955","potions_obtained":[{"floor":3,"key":"Energy Potion"},{"floor":5,"key":"GamblersBrew"},{"floor":16,"key":"Block Potion"},{"floor":18,"key":"SteroidPotion"},{"floor":29,"key":"EssenceOfSteel"},{"floor":31,"key":"Explosive Potion"},{"floor":33,"key":"DuplicationPotion"},{"floor":35,"key":"PowerPotion"},{"floor":38,"key":"Fire Potion"}],"is_trial":false,"path_per_floor":["M","?","M","?","M","E","M","R","T","E","T","M","?","M","R","B",null,"M","T","M","?","$","E","R","E","T","M","R","M","M","E","R","B",null,"M","M","?","?","?","E","R","E","T","$","M","R","E","$","R","B",null,"R","$","E","B"],"character_chosen":"THE_SILENT","items_purchased":["Noxious Fumes","Anchor","Regal Pillow","TwistedFunnel","Oddly Smooth Stone","BlessingOfTheForge","CunningPotion","Strength Potion"],"campfire_rested":3,"item_purchase_floors":[22,22,22,44,44,44,44,53],"current_hp_per_floor":[70,56,56,56,56,50,47,47,47,15,15,15,15,8,29,14,70,69,69,69,67,67,64,64,45,45,45,45,35,26,26,61,37,67,66,67,67,66,66,50,50,43,43,43,45,67,67,67,67,24,67,67,67,32,0,0],"gold":57,"neow_bonus":"THREE_ENEMY_KILL","is_daily":false,"chose_seed":false,"campfire_upgraded":5,"win_rate":0.0,"timestamp":1609754124,"path_taken":["M","?","M","?","?","E","?","R","T","E","?","M","?","M","R","BOSS","M","?","M","?","$","E","R","E","T","M","R","M","M","E","R","BOSS","M","M","?","?","?","E","R","E","T","$","M","R","E","$","R","BOSS","R","$","E","BOSS"],"items_purchased_type":["Card","Relic","Relic","Relic","Relic","Potion","Potion","Potion"],"build_version":"2020-12-22","purchased_purges":3,"victory":false,"max_hp_per_floor":[70,70,70,70,70,70,70,70,70,70,70,70,70,70,70,70,70,70,70,70,67,67,67,67,67,67,67,67,67,67,67,67,67,67,67,67,67,67,67,67,67,67,67,67,67,67,67,67,67,67,67,67,67,67,67,67],"card_choices":[{"not_picked":["Dagger Throw","Skewer"],"picked":"Deflect","floor":1},{"not_picked":["Escape Plan","Cloak And Dagger"],"picked":"Dagger Spray","floor":3},{"not_picked":["Glass Knife","Caltrops"],"picked":"Bouncing Flask","floor":5},{"not_picked":["Poisoned Stab","Setup","Well Laid Plans"],"picked":"SKIP","floor":6},{"not_picked":["Expertise","PiercingWail","Dodge and Roll"],"picked":"SKIP","floor":7},{"not_picked":["Cloak And Dagger","A Thousand Cuts"],"picked":"Infinite Blades","floor":10},{"not_picked":["Caltrops","Distraction"],"picked":"Deflect","floor":12},{"not_picked":["Sucker Punch","Prepared","Quick Slash"],"picked":"SKIP","floor":14},{"not_picked":["Storm of Steel","Glass Knife"],"picked":"A Thousand Cuts","floor":16},{"not_picked":["Bane+1","Dagger Spray"],"picked":"Blade Dance+1","floor":18},{"not_picked":["Dagger Throw","Quick Slash","Outmaneuver"],"picked":"SKIP","floor":20},{"not_picked":["Setup","Terror"],"picked":"Blade Dance","floor":23},{"not_picked":["Tactician","Poisoned Stab","Acrobatics"],"picked":"SKIP","floor":25},{"not_picked":["Flechettes","Distraction+1","Slice"],"picked":"SKIP","floor":27},{"not_picked":["Cloak And Dagger+1","Heel Hook"],"picked":"Backstab","floor":29},{"not_picked":["Leg Sweep","Bullet Time","Cloak And Dagger"],"picked":"SKIP","floor":30},{"not_picked":["Unload","Finisher","Cloak And Dagger"],"picked":"SKIP","floor":31},{"not_picked":["Bullet Time","Venomology"],"picked":"Adrenaline","floor":33},{"not_picked":["Quick Slash+1","Prepared+1"],"picked":"Backflip+1","floor":35},{"not_picked":["Dagger Spray+1","Sucker Punch+1"],"picked":"Deflect+1","floor":36},{"not_picked":["Bullet Time","Eviscerate+1"],"picked":"Blur+1","floor":40},{"not_picked":["Backflip","Blade Dance+1"],"picked":"Catalyst+1","floor":42},{"not_picked":["Noxious Fumes+1","Finisher","Tactician+1"],"picked":"SKIP","floor":45},{"not_picked":["Setup+1","Cloak And Dagger","Outmaneuver"],"picked":"SKIP","floor":47},{"not_picked":["Outmaneuver+1","Storm of Steel","Flechettes+1"],"picked":"SKIP","floor":54}],"player_experience":416751,"relics_obtained":[{"floor":6,"key":"TungstenRod"},{"floor":10,"key":"Pen Nib"},{"floor":11,"key":"Vajra"},{"floor":19,"key":"Happy Flower"},{"floor":23,"key":"Kunai"},{"floor":25,"key":"MawBank"},{"floor":26,"key":"Bag of Preparation"},{"floor":31,"key":"Blood Vial"},{"floor":38,"key":"Incense Burner"},{"floor":40,"key":"PreservedInsect"},{"floor":40,"key":"Art of War"},{"floor":42,"key":"Paper Crane"},{"floor":42,"key":"Ginger"},{"floor":43,"key":"Gremlin Horn"},{"floor":47,"key":"Frozen Egg 2"},{"floor":47,"key":"MealTicket"},{"floor":54,"key":"Whetstone"},{"floor":54,"key":"Mercury Hourglass"}],"event_choices":[{"damage_healed":0,"gold_gain":0,"player_choice":"Entered Light","damage_taken":14,"max_hp_gain":0,"max_hp_loss":0,"event_name":"Shining Light","floor":2,"gold_loss":0,"cards_upgraded":["Neutralize","Survivor"]},{"damage_healed":0,"gold_gain":0,"player_choice":"Forge","damage_taken":0,"max_hp_gain":0,"max_hp_loss":0,"event_name":"Accursed Blacksmith","floor":4,"gold_loss":0,"cards_upgraded":["Dagger Spray"]},{"damage_healed":0,"gold_gain":0,"player_choice":"2 cards matched","damage_taken":0,"max_hp_gain":0,"max_hp_loss":0,"event_name":"Match and Keep!","floor":13,"gold_loss":0,"cards_obtained":["Parasite","Corpse Explosion"]},{"cards_removed":["Parasite"],"damage_healed":0,"gold_gain":0,"player_choice":"Removed Curses","damage_taken":0,"max_hp_gain":0,"max_hp_loss":0,"event_name":"Fountain of Cleansing","floor":21,"gold_loss":0},{"damage_healed":0,"gold_gain":0,"player_choice":"Ignored","damage_taken":0,"max_hp_gain":0,"max_hp_loss":0,"event_name":"Tomb of Lord Red Mask","floor":37,"gold_loss":0},{"damage_healed":0,"gold_gain":0,"player_choice":"Fight","damage_taken":0,"max_hp_gain":0,"max_hp_loss":0,"event_name":"MindBloom","floor":38,"gold_loss":0},{"damage_healed":0,"gold_gain":0,"player_choice":"Copied","damage_taken":0,"max_hp_gain":0,"max_hp_loss":0,"event_name":"Duplicator","floor":39,"gold_loss":0,"cards_obtained":["Noxious Fumes"]}],"is_beta":false,"boss_relics":[{"not_picked":["Fusion Hammer","Ectoplasm"],"picked":"SlaversCollar"},{"not_picked":["Pandora\u0027s Box","Runic Dome"],"picked":"Black Star"}],"items_purged_floors":[22,44,48],"is_endless":false,"potions_floor_spawned":[3,5,16,18,29,30,31,33,35,38,45],"killed_by":"The Heart","ascension_level":0}}