{"host":"gzsdmyo07u314vug","time":1609728945,"event":{"mods":["2.2 Compatiblity","BaseMod","Downfall","GifTheSpireLib","Minty Spire (QoL Compilation)","Quick Restart","Rare Cards Sparkle","Relic Stats","Replay The Spire","Shop Mod","StSLib","The Bug Knight","The Construct","The Elementalist","The IronCluck","The Servant 0.9.4","Unceasing Turn Reminder","everything is the same but u backflip on backflip","slay the spire mod where everything is the same but ironclad has a cowboy hat","vexMod"],"gold_per_floor":[116,128,128,142,67,67,98,118,118,118,143,157,182,182,182,182,182],"floor_reached":16,"playtime":648,"items_purged":["Strike_B"],"score":176,"play_id":"7ba8f4cd-3c2c-4c06-827e-9000e630b2b0","local_time":"20210103235545","is_ascension_mode":true,"campfire_choices":[{"floor":6,"key":"REST"},{"data":"ReplayTheSpireMod:Omega Cannon","floor":10,"key":"SMITH"},{"floor":15,"key":"REST"}],"circlet_count":0,"master_deck":["AscendersBane","Strike_B","Strike_B","Defend_B+1","Defend_B+1","Defend_B","Zap","Dualcast","FTL","Defragment","ReplayTheSpireMod:Omega Cannon+1","Hologram","Hologram"],"relics":["Cracked Core","vexMod:InvisibilityCloak","Kunai","Replay:Baseball","Symbiotic Virus","CultistMask"],"acts_visited":["Exordium"],"potions_floor_usage":[],"damage_taken":[{"damage":7,"enemies":"Jaw Worm","floor":1,"turns":2},{"damage":2,"enemies":"2 Louse","floor":2,"turns":2},{"damage":0,"enemies":"Cultist","floor":4,"turns":3},{"damage":4,"enemies":"3 Sentries","floor":7,"turns":4},{"damage":2,"enemies":"Looter","floor":8,"turns":2},{"damage":0,"enemies":"Exordium Wildlife","floor":12,"turns":2},{"damage":30,"enemies":"Lagavulin","floor":13,"turns":5},{"damage":37,"enemies":"Hexaghost","floor":16,"turns":9}],"seed_played":"-5004932261112031643","potions_obtained":[{"floor":12,"key":"PotionOfCapacity"},{"floor":13,"key":"Milkshake"}],"is_trial":false,"path_per_floor":["M","M","?","M","$","R","E","M","T","R","T","M","E","?","R","B"],"character_chosen":"DEFECT","items_purchased":[],"campfire_rested":2,"item_purchase_floors":[],"current_hp_per_floor":[43,41,26,26,26,48,44,42,42,42,42,42,12,12,34,0,0],"gold":182,"neow_bonus":"REMOVE_TWO","is_daily":false,"chose_seed":false,"campfire_upgraded":1,"win_rate":0.0,"timestamp":1609728945,"path_taken":["M","M","?","M","$","R","E","M","T","R","?","M","E","?","R","BOSS"],"items_purchased_type":[],"build_version":"2020-12-22","purchased_purges":1,"victory":false,"max_hp_per_floor":[75,75,75,75,75,75,75,75,75,75,75,75,75,75,75,75,75],"relic_stats":{"counters":[8,29],"Kunai":[2],"obtain_stats":[{"vexMod:InvisibilityCloak":7,"Replay:Baseball":11,"CultistMask":14,"Kunai":9,"Cracked Core":0,"Symbiotic Virus":13},{"vexMod:InvisibilityCloak":4,"Replay:Baseball":5,"CultistMask":7,"Kunai":5,"Cracked Core":0,"Symbiotic Virus":7},{"vexMod:InvisibilityCloak":11,"Replay:Baseball":13,"CultistMask":20,"Kunai":13,"Cracked Core":0,"Symbiotic Virus":20}]},"card_choices":[{"not_picked":["Conserve Battery","Redo"],"picked":"FTL","floor":1},{"not_picked":["Panic Button","Barrage"],"picked":"Defragment","floor":2},{"not_picked":["Compile Driver","Rebound"],"picked":"ReplayTheSpireMod:Omega Cannon","floor":4},{"not_picked":["Turbo","ReplayTheSpireMod:Repulse","Crystallizer"],"picked":"SKIP","floor":7},{"not_picked":["Turbo","Genetic Algorithm"],"picked":"Hologram","floor":8},{"not_picked":["Stack","Compile Driver","Streamline"],"picked":"SKIP","floor":12},{"not_picked":["Stack","Barrage"],"picked":"Hologram","floor":13}],"player_experience":643450,"relics_obtained":[{"floor":7,"key":"vexMod:InvisibilityCloak"},{"floor":9,"key":"Kunai"},{"floor":11,"key":"Replay:Baseball"},{"floor":13,"key":"Symbiotic Virus"}],"event_choices":[{"damage_healed":0,"gold_gain":0,"player_choice":"Entered Light","damage_taken":15,"max_hp_gain":0,"max_hp_loss":0,"event_name":"Shining Light","floor":3,"gold_loss":0,"cards_upgraded":["Defend_B","Defend_B"]},{"damage_healed":0,"gold_gain":0,"player_choice":"Trade","damage_taken":0,"relics_obtained":["CultistMask"],"max_hp_gain":0,"max_hp_loss":0,"event_name":"FaceTrader","floor":14,"gold_loss":0}],"is_beta":false,"boss_relics":[],"items_purged_floors":[5],"is_endless":false,"potions_floor_spawned":[12,13],"killed_by":"Hexaghost","ascension_level":12}}