{"host":"g5zc4ej6zn2at89o","time":1609772154,"event":{"mods":["2.2 Compatiblity","AchievementEnabler","BaseMod","Colored Map","DeckTracker","Highlight Path","KOR Keyword Fix","Keyboard Shortcuts","Minty Spire (QoL Compilation)","Permanent Neow","Quick Restart","Say the Spire","StSLib","SuperFastMode","everything is the same but u backflip on backflip"],"gold_per_floor":[116,116,129,129,304,304,321,321,346,65,65,96,96,96,96,199,199,216,236,246,246,161,194,194,37,37,52,65,85,85,104,104,205,205,217,234,249,82,82,82,131,131,131,131,142,142,154,168,168,168],"floor_reached":51,"playtime":2826,"items_purged":["Doubt"],"score":767,"play_id":"7dde1af7-e0a4-4088-bc13-4bf4520c73d8","local_time":"20210104235554","is_ascension_mode":false,"campfire_choices":[{"data":"Pummel","floor":6.0,"key":"SMITH"},{"data":"Flame Barrier","floor":8.0,"key":"SMITH"},{"data":"Corruption","floor":11.0,"key":"SMITH"},{"data":"Heavy Blade","floor":15.0,"key":"SMITH"},{"floor":24,"key":"REST"},{"data":"Sword Boomerang","floor":32,"key":"SMITH"},{"data":"Heavy Blade","floor":40,"key":"SMITH"},{"floor":42,"key":"REST"},{"data":"Inflame","floor":44,"key":"SMITH"},{"data":"Berserk","floor":49,"key":"SMITH"}],"circlet_count":0,"master_deck":["Strike_R+1","Defend_R","Defend_R","Defend_R+1","Bash","Pummel+1","Flame Barrier+1","Spot Weakness","Corruption+1","Heavy Blade+1","Intimidate","Carnage","Limit Break","Sword Boomerang+1","Seeing Red","Shrug It Off","Necronomicurse","Havoc+1","Impervious+1","Carnage+1","Feel No Pain","Ghostly","Ghostly","Ghostly","Ghostly","Limit Break","Hemokinesis+1","Body Slam+1","Sadistic Nature+1","Flame Barrier+1","Heavy Blade+1","Body Slam+1","Inflame+1","Spot Weakness+1","Berserk+1","Spot Weakness"],"relics":["Burning Blood","Bag of Preparation","Juzu Bracelet","Black Star","Necronomicon","Orichalcum","Dead Branch","Dream Catcher","Lantern","Mummified Hand","Astrolabe","Shovel"],"acts_visited":["Exordium","TheCity","TheBeyond"],"potions_floor_usage":[23,23,33,50],"damage_taken":[{"damage":1.0,"enemies":"Jaw Worm","floor":1.0,"turns":4.0},{"damage":1.0,"enemies":"Cultist","floor":3.0,"turns":3.0},{"damage":2.0,"enemies":"2 Louse","floor":7.0,"turns":2.0},{"damage":16.0,"enemies":"Lagavulin","floor":12.0,"turns":6.0},{"damage":19.0,"enemies":"Hexaghost","floor":16.0,"turns":6.0},{"damage":7.0,"enemies":"Spheric Guardian","floor":18.0,"turns":4.0},{"damage":11.0,"enemies":"Shell Parasite","floor":19.0,"turns":4.0},{"damage":28.0,"enemies":"Sentry and Sphere","floor":20.0,"turns":5.0},{"damage":25,"enemies":"Book of Stabbing","floor":23,"turns":4},{"damage":0,"enemies":"Centurion and Healer","floor":27,"turns":4},{"damage":0,"enemies":"Chosen and Byrds","floor":28,"turns":2},{"damage":0,"enemies":"Shelled Parasite and Fungi","floor":29,"turns":3},{"damage":5,"enemies":"Snake Plant","floor":31,"turns":2},{"damage":3,"enemies":"Champ","floor":33,"turns":13},{"damage":2,"enemies":"3 Darklings","floor":35,"turns":5},{"damage":0,"enemies":"3 Shapes","floor":36,"turns":2},{"damage":0,"enemies":"Spire Growth","floor":37,"turns":4},{"damage":31,"enemies":"2 Orb Walkers","floor":41,"turns":7},{"damage":1,"enemies":"Sphere and 2 Shapes","floor":45,"turns":4},{"damage":0,"enemies":"Maw","floor":47,"turns":3},{"damage":0,"enemies":"Jaw Worm Horde","floor":48,"turns":3},{"damage":31,"enemies":"Donu and Deca","floor":50,"turns":6}],"seed_played":"-2616410046896535272","potions_obtained":[{"floor":7.0,"key":"Strength Potion"},{"floor":16.0,"key":"SpeedPotion"},{"floor":18.0,"key":"Explosive Potion"},{"floor":20.0,"key":"SkillPotion"},{"floor":23,"key":"Energy Potion"},{"floor":31,"key":"BloodPotion"},{"floor":33,"key":"PowerPotion"},{"floor":47,"key":"DistilledChaos"}],"is_trial":false,"path_per_floor":["M","?","M","?","?","R","M","R","T","$","R","E","?","$","R","B",null,"M","M","M","?","?","E","R","$","T","M","M","M","?","M","R","B",null,"M","M","M","$","?","R","?","R","T","R","M","?","M","M","R","B",null],"character_chosen":"IRONCLAD","items_purchased":["Corruption","Heavy Blade","Lantern","Inflame","EntropicBrew"],"campfire_rested":2,"item_purchase_floors":[10,10,25,38,38],"current_hp_per_floor":[80,80,80,64,64,64,68,68,68,68,68,58,58,58,58,45,80,79,74,52,36,36,17,41,41,41,47,53,59,40,40,40,40,40,40,40,40,40,40,40,15,27,27,27,32,32,38,40,40,15],"gold":168,"neow_bonus":"TRANSFORM_CARD","is_daily":false,"chose_seed":false,"campfire_upgraded":8,"win_rate":0.0,"timestamp":1609772154,"path_taken":["M","?","?","?","?","R","M","R","T","$","R","E","?","?","R","BOSS","M","M","M","?","?","E","R","?","T","M","M","M","?","M","R","BOSS","M","M","M","$","?","R","?","R","T","R","M","?","M","M","R","BOSS"],"items_purchased_type":["Card","Card","Relic","Card","Potion"],"build_version":"2020-12-22","purchased_purges":1,"victory":true,"max_hp_per_floor":[80,80,80,80,80,80,80,80,80,80,80,80,80,80,80,80,80,80,80,80,80,80,80,80,80,80,80,80,80,40,40,40,40,40,40,40,40,40,40,40,40,40,40,40,40,40,40,40,40,40],"card_choices":[{"not_picked":["Clothesline","Armaments"],"picked":"Flame Barrier","floor":1.0},{"not_picked":["Reckless Charge","Rampage","Perfected Strike"],"picked":"SKIP","floor":3.0},{"not_picked":["Headbutt","Clothesline"],"picked":"Spot Weakness","floor":7.0},{"not_picked":["Rampage","Iron Wave"],"picked":"Intimidate","floor":12.0},{"not_picked":["Fiend Fire","Brutality"],"picked":"Limit Break","floor":16.0},{"not_picked":["Thunderclap","Clothesline"],"picked":"Sword Boomerang","floor":18.0},{"not_picked":["Combust","Rampage"],"picked":"Seeing Red","floor":19.0},{"not_picked":["Twin Strike","Wild Strike"],"picked":"Shrug It Off","floor":20.0},{"not_picked":["Heavy Blade","Dual Wield"],"picked":"Havoc+1","floor":23},{"not_picked":["Sword Boomerang+1","Body Slam"],"picked":"Impervious","floor":24},{"not_picked":["Dropkick","Perfected Strike"],"picked":"Carnage+1","floor":27},{"not_picked":["Wild Strike","Heavy Blade","Dropkick"],"picked":"SKIP","floor":28},{"not_picked":["Clothesline","Cleave"],"picked":"Feel No Pain","floor":29},{"not_picked":["Sever Soul","Sword Boomerang+1","Dropkick"],"picked":"SKIP","floor":31},{"not_picked":["Barricade","Fiend Fire"],"picked":"Limit Break","floor":33},{"not_picked":["Clothesline","Pommel Strike+1"],"picked":"Flame Barrier+1","floor":35},{"not_picked":["Warcry+1","Dropkick+1"],"picked":"Heavy Blade","floor":36},{"not_picked":["Wild Strike+1","Iron Wave"],"picked":"Body Slam+1","floor":37},{"not_picked":["Sword Boomerang+1","Seeing Red+1"],"picked":"Spot Weakness+1","floor":41},{"not_picked":["Warcry+1","Havoc","Rupture+1"],"picked":"SKIP","floor":45},{"not_picked":["Twin Strike","Headbutt"],"picked":"Berserk","floor":47},{"not_picked":["Anger","Feel No Pain+1"],"picked":"Spot Weakness","floor":48}],"player_experience":97641,"relics_obtained":[{"floor":9.0,"key":"Bag of Preparation"},{"floor":12.0,"key":"Juzu Bracelet"},{"floor":21.0,"key":"Necronomicon"},{"floor":23,"key":"Dead Branch"},{"floor":23,"key":"Dream Catcher"},{"floor":26,"key":"Mummified Hand"},{"floor":41,"key":"Shovel"}],"event_choices":[{"cards_removed":["Strike_R"],"damage_healed":0.0,"max_hp_gain":0.0,"max_hp_loss":0.0,"gold_gain":0.0,"event_name":"Bonfire Elementals","player_choice":"Offered Basic","floor":2.0,"gold_loss":0.0,"damage_taken":0.0},{"damage_healed":0.0,"max_hp_gain":0.0,"max_hp_loss":0.0,"gold_gain":0.0,"event_name":"Shining Light","player_choice":"Entered Light","floor":4.0,"gold_loss":0.0,"damage_taken":16.0,"cards_upgraded":["Strike_R","Defend_R"]},{"damage_healed":0.0,"max_hp_gain":0.0,"max_hp_loss":0.0,"gold_gain":175.0,"event_name":"Liars Game","player_choice":"AGREE","floor":5.0,"gold_loss":0.0,"damage_taken":0.0,"cards_obtained":["Doubt"]},{"damage_healed":0.0,"max_hp_gain":0.0,"max_hp_loss":0.0,"gold_gain":0.0,"cards_transformed":["Defend_R"],"event_name":"Living Wall","player_choice":"Change","floor":13.0,"gold_loss":0.0,"damage_taken":0.0,"cards_obtained":["Carnage"]},{"damage_healed":0.0,"max_hp_gain":0.0,"max_hp_loss":0.0,"gold_gain":0.0,"event_name":"Cursed Tome","player_choice":"Obtained Book","floor":21.0,"gold_loss":0.0,"damage_taken":16.0},{"damage_healed":0.0,"max_hp_gain":0.0,"max_hp_loss":0.0,"gold_gain":0.0,"event_name":"Addict","player_choice":"Obtained Relic","floor":22.0,"gold_loss":85.0,"damage_taken":0.0,"relics_obtained":["Orichalcum"]},{"damage_healed":0,"gold_gain":0,"player_choice":"Became a Ghost","damage_taken":0,"max_hp_gain":0,"max_hp_loss":40,"event_name":"Ghosts","floor":30,"gold_loss":0,"cards_obtained":["Ghostly","Ghostly","Ghostly","Ghostly","Ghostly"]},{"damage_healed":0,"gold_gain":0,"player_choice":"Ignored","damage_taken":0,"max_hp_gain":0,"max_hp_loss":0,"event_name":"NoteForYourself","floor":39,"gold_loss":0},{"damage_healed":0,"gold_gain":0,"player_choice":"Fight","damage_taken":0,"max_hp_gain":0,"max_hp_loss":0,"event_name":"Mysterious Sphere","floor":41,"gold_loss":0},{"damage_healed":0,"gold_gain":0,"player_choice":"Forge","damage_taken":0,"max_hp_gain":0,"max_hp_loss":0,"event_name":"Accursed Blacksmith","floor":46,"gold_loss":0,"cards_upgraded":["Impervious"]}],"is_beta":false,"boss_relics":[{"not_picked":["Mark of Pain","Velvet Choker"],"picked":"Black Star"},{"not_picked":["Snecko Eye","Pandora\u0027s Box"],"picked":"Astrolabe"}],"items_purged_floors":[10],"is_endless":false,"potions_floor_spawned":[7,16,18,20,23,31,33,47,48],"ascension_level":0}}