{"host":"i09pxcjttd31eh4q","time":1609755837,"event":{"mods":["AchievementEnabler","BaseMod","Colored Map","Keyboard Shortcuts","Minty Spire (QoL Compilation)","StSLib","SuperFastMode"],"gold_per_floor":[109,109,10,24,24,24,51,51,75,110,128,145,177,193,193,267,267,278,293,293,343,343,356,382,382,382,382,394,394,411,148,148,225,225,241,116,116,141,152,184,184,194,194,214,238,257,287,9,9,9,9,9],"floor_reached":51,"playtime":1844,"items_purged":["Strike_G","Defend_G","Strike_G"],"score":1490,"play_id":"25c5eec7-1f34-459d-89dd-149801ab331b","local_time":"20210104192357","is_ascension_mode":true,"campfire_choices":[{"data":"Backstab","floor":6,"key":"SMITH"},{"data":"Corpse Explosion","floor":8,"key":"SMITH"},{"data":"Poisoned Stab","floor":15,"key":"SMITH"},{"data":"Envenom","floor":25,"key":"SMITH"},{"floor":27,"key":"REST"},{"data":"Infinite Blades","floor":29,"key":"SMITH"},{"data":"Neutralize","floor":32,"key":"SMITH"},{"floor":41,"key":"REST"},{"floor":49,"key":"RECALL"}],"circlet_count":0,"master_deck":["AscendersBane","Defend_G","Defend_G","Defend_G","Defend_G","Survivor","Neutralize+1","Backstab+1","Backflip","Crippling Poison+1","Corpse Explosion+1","Poisoned Stab+1","Prepared+1","Dodge and Roll+1","Envenom+1","Tools of the Trade+1","PiercingWail+1","Acrobatics+1","Infinite Blades+1","After Image","Blur+1","Backflip+1","PiercingWail+1","Calculated Gamble+1","Cloak And Dagger+1","Acrobatics+1","Cloak And Dagger+1","Footwork","Cloak And Dagger+1"],"relics":["Ring of the Snake","NeowsBlessing","Matryoshka","Mummified Hand","Art of War","Snake Skull","Toxic Egg 2","Astrolabe","Toy Ornithopter","Bag of Preparation","TungstenRod","TheAbacus","SlaversCollar","Dead Branch","Shuriken","Juzu Bracelet","Gremlin Horn","ClockworkSouvenir"],"acts_visited":["Exordium","TheCity","TheBeyond"],"potions_floor_usage":[10,13,16,18,24,33,50,50],"damage_taken":[{"damage":0,"enemies":"Small Slimes","floor":1,"turns":1},{"damage":0,"enemies":"Cultist","floor":4,"turns":1},{"damage":0,"enemies":"Lagavulin","floor":7,"turns":1},{"damage":9,"enemies":"3 Sentries","floor":10,"turns":3},{"damage":0,"enemies":"2 Louse","floor":11,"turns":1},{"damage":8,"enemies":"Gremlin Gang","floor":12,"turns":3},{"damage":8,"enemies":"Gremlin Nob","floor":13,"turns":3},{"damage":3,"enemies":"Blue Slaver","floor":14,"turns":4},{"damage":1,"enemies":"The Guardian","floor":16,"turns":6},{"damage":10,"enemies":"Chosen","floor":18,"turns":4},{"damage":6,"enemies":"Shell Parasite","floor":19,"turns":6},{"damage":7,"enemies":"Cultist and Chosen","floor":23,"turns":5},{"damage":20,"enemies":"Book of Stabbing","floor":24,"turns":6},{"damage":6,"enemies":"Centurion and Healer","floor":28,"turns":4},{"damage":3,"enemies":"Snake Plant","floor":30,"turns":3},{"damage":25,"enemies":"Automaton","floor":33,"turns":10},{"damage":24,"enemies":"3 Darklings","floor":35,"turns":3},{"damage":0,"enemies":"Mind Bloom Boss Battle","floor":38,"turns":5},{"damage":0,"enemies":"3 Shapes","floor":39,"turns":3},{"damage":10,"enemies":"Nemesis","floor":40,"turns":7},{"damage":8,"enemies":"Writhing Mass","floor":42,"turns":8},{"damage":0,"enemies":"Jaw Worm Horde","floor":44,"turns":3},{"damage":0,"enemies":"Transient","floor":46,"turns":6},{"damage":0,"enemies":"Giant Head","floor":47,"turns":6},{"damage":33,"enemies":"Time Eater","floor":50,"turns":10},{"damage":11,"enemies":"Awakened One","floor":51,"turns":1}],"seed_played":"-7342512408430525096","potions_obtained":[{"floor":2,"key":"ColorlessPotion"},{"floor":2,"key":"DuplicationPotion"},{"floor":7,"key":"CunningPotion"},{"floor":11,"key":"AttackPotion"},{"floor":12,"key":"Block Potion"},{"floor":14,"key":"SkillPotion"},{"floor":23,"key":"DuplicationPotion"},{"floor":28,"key":"AttackPotion"},{"floor":33,"key":"SteroidPotion"},{"floor":38,"key":"Swift Potion"},{"floor":39,"key":"SkillPotion"},{"floor":40,"key":"EntropicBrew"},{"floor":44,"key":"GhostInAJar"}],"is_trial":false,"path_per_floor":["M","?","$","M","?","R","E","R","T","E","M","M","E","M","R","B",null,"M","M","?","?","?","M","E","R","T","R","M","R","M","$","R","B",null,"M","$","?","?","M","E","R","M","T","M","T","M","E","$","R","B","B"],"character_chosen":"THE_SILENT","items_purchased":["Backflip","TheAbacus","ClockworkSouvenir","Footwork","Cloak And Dagger+1"],"campfire_rested":2,"item_purchase_floors":[3,31,48,48,48],"current_hp_per_floor":[59,59,59,59,59,59,59,59,59,50,50,42,34,31,31,30,57,47,41,41,41,41,34,14,14,14,33,27,27,24,24,24,4,51,27,27,27,27,27,17,36,28,28,28,28,28,28,28,28,5,0,0],"gold":9,"neow_bonus":"THREE_ENEMY_KILL","is_daily":false,"chose_seed":false,"campfire_upgraded":6,"win_rate":0.0,"timestamp":1609755837,"path_taken":["M","?","?","M","?","R","E","R","T","E","M","?","E","M","R","BOSS","M","M","?","?","?","M","E","R","T","R","M","R","M","$","R","BOSS","M","$","?","?","M","E","R","M","T","M","?","M","E","$","R","BOSS","BOSS"],"items_purchased_type":["Card","Relic","Relic","Card","Card"],"build_version":"2020-12-22","purchased_purges":3,"victory":false,"max_hp_per_floor":[66,66,66,66,66,66,66,66,66,66,66,66,66,66,66,66,66,66,66,66,66,66,66,66,66,66,66,66,66,66,66,66,66,66,66,66,66,66,66,66,66,66,66,66,66,66,66,66,66,66,66,66],"card_choices":[{"not_picked":["Quick Slash","Backflip"],"picked":"Backstab","floor":1},{"not_picked":["Calculated Gamble","Blur"],"picked":"Crippling Poison","floor":4},{"not_picked":["Deflect","Catalyst"],"picked":"Corpse Explosion","floor":7},{"not_picked":["Flying Knee","Setup"],"picked":"Poisoned Stab","floor":10},{"not_picked":["Sucker Punch","Predator","Endless Agony"],"picked":"SKIP","floor":11},{"not_picked":["Concentrate","PiercingWail","Distraction"],"picked":"SKIP","floor":12},{"not_picked":["Outmaneuver+1","Envenom"],"picked":"Prepared+1","floor":13},{"not_picked":["Prepared+1","Blade Dance+1"],"picked":"Dodge and Roll+1","floor":14},{"not_picked":["Phantasmal Killer+1","Bullet Time+1"],"picked":"Envenom","floor":16},{"not_picked":["Outmaneuver+1","Dodge and Roll+1","Finisher"],"picked":"SKIP","floor":18},{"not_picked":["Endless Agony","Poisoned Stab"],"picked":"Acrobatics+1","floor":19},{"not_picked":["Dodge and Roll+1","PiercingWail+1","Outmaneuver+1"],"picked":"SKIP","floor":23},{"not_picked":["Underhanded Strike","Outmaneuver+1"],"picked":"Infinite Blades","floor":24},{"not_picked":["Endless Agony","PiercingWail+1","Eviscerate"],"picked":"SKIP","floor":28},{"not_picked":["Flying Knee","Poisoned Stab+1","Underhanded Strike"],"picked":"SKIP","floor":30},{"not_picked":["Malaise+1","Wraith Form v2"],"picked":"After Image","floor":33},{"not_picked":["Dagger Spray+1","Setup+1"],"picked":"Blur+1","floor":35},{"not_picked":["PiercingWail+1","Outmaneuver+1"],"picked":"Backflip+1","floor":38},{"not_picked":["Quick Slash","Flying Knee"],"picked":"PiercingWail+1","floor":39},{"not_picked":["Flying Knee","Concentrate+1"],"picked":"Calculated Gamble+1","floor":40},{"not_picked":["Flying Knee","Poisoned Stab"],"picked":"Cloak And Dagger+1","floor":42},{"not_picked":["Dodge and Roll+1","Sucker Punch+1","Die Die Die"],"picked":"SKIP","floor":44},{"not_picked":["Sucker Punch","Dash"],"picked":"Acrobatics+1","floor":46},{"not_picked":["Choke+1","Bane+1"],"picked":"Cloak And Dagger+1","floor":47}],"player_experience":824858,"relics_obtained":[{"floor":7,"key":"Matryoshka"},{"floor":9,"key":"Mummified Hand"},{"floor":9,"key":"Art of War"},{"floor":10,"key":"Snake Skull"},{"floor":13,"key":"Toxic Egg 2"},{"floor":24,"key":"Toy Ornithopter"},{"floor":26,"key":"Bag of Preparation"},{"floor":26,"key":"TungstenRod"},{"floor":38,"key":"Dead Branch"},{"floor":40,"key":"Shuriken"},{"floor":45,"key":"Juzu Bracelet"},{"floor":47,"key":"Gremlin Horn"}],"event_choices":[{"damage_healed":0,"gold_gain":0,"player_choice":"Got Potions","damage_taken":0,"max_hp_gain":0,"max_hp_loss":0,"event_name":"Lab","floor":2,"gold_loss":0},{"damage_healed":0,"gold_gain":0,"player_choice":"Upgraded","damage_taken":0,"max_hp_gain":0,"max_hp_loss":0,"event_name":"Upgrade Shrine","floor":5,"gold_loss":0,"cards_upgraded":["Crippling Poison"]},{"damage_healed":0,"gold_gain":0,"player_choice":"Ignored","damage_taken":0,"max_hp_gain":0,"max_hp_loss":0,"event_name":"Vampires","floor":20,"gold_loss":0},{"damage_healed":0,"gold_gain":50,"player_choice":"Stole From Cult","damage_taken":0,"max_hp_gain":0,"max_hp_loss":0,"event_name":"Nest","floor":21,"gold_loss":0},{"cards_removed":["Finisher"],"damage_healed":0,"gold_gain":0,"player_choice":"Elegance","damage_taken":0,"max_hp_gain":0,"max_hp_loss":0,"event_name":"Back to Basics","floor":22,"gold_loss":0},{"damage_healed":0,"gold_gain":0,"player_choice":"Ignored","damage_taken":0,"max_hp_gain":0,"max_hp_loss":0,"event_name":"Mysterious Sphere","floor":37,"gold_loss":0},{"damage_healed":0,"gold_gain":0,"player_choice":"Fight","damage_taken":0,"max_hp_gain":0,"max_hp_loss":0,"event_name":"MindBloom","floor":38,"gold_loss":0}],"is_beta":false,"boss_relics":[{"not_picked":["Calling Bell","Coffee Dripper"],"picked":"Astrolabe"},{"not_picked":["Philosopher\u0027s Stone","Cursed Key"],"picked":"SlaversCollar"}],"items_purged_floors":[3,31,36],"is_endless":false,"potions_floor_spawned":[7,11,12,14,23,28,33,38,39,40,44],"killed_by":"Awakened One","ascension_level":20}}