{"host":"56ghxnzsglgdq727","time":1609758875,"event":{"mods":["AchievementEnabler","BaseMod","Downfall","Minty Spire (QoL Compilation)","StSLib"],"gold_per_floor":[99,99,113,131,161,161,161,161,192,211,240,39,39,59,71,168,168,93,103,120,30,30,62,62,75,90,123,123,141,141,26,41,139,139,64,78,78,78,93,125,125,125,151,164,89,101,47,60,74,74,74,109,41,41,41],"floor_reached":56,"playtime":3859,"items_purged":["Guardian:Defend_Guardian","Guardian:Defend_Guardian","Guardian:Strike_Guardian"],"score":1361,"play_id":"523207f6-6d2d-4410-bfa5-2f6ad248ce7c","local_time":"20210104061435","is_ascension_mode":true,"campfire_choices":[{"data":"Guardian:AncientConstruct","floor":1,"key":"SMITH"},{"data":"Guardian:WalkerClaw","floor":6,"key":"SMITH"},{"floor":8,"key":"REST"},{"data":"expansioncontent:QuickStudy","floor":18,"key":"SMITH"},{"floor":28,"key":"RECALL"},{"data":"Guardian:FierceBash","floor":35,"key":"SMITH"},{"data":"Guardian:SphericShield","floor":45,"key":"SMITH"},{"data":"expansioncontent:CaCaw","floor":54,"key":"SMITH"}],"circlet_count":0,"master_deck":["Guardian:Strike_Guardian","Guardian:Defend_Guardian","Guardian:CurlUp+1","Guardian:TwinSlam","Guardian:AncientConstruct+1","Guardian:WalkerClaw+1","Guardian:StasisField","Guardian:DecasProtection+1","Guardian:BronzeOrb","Guardian:SphericShield+1","expansioncontent:QuickStudy+1","Guardian:TimeSifter","Guardian:StasisField","Guardian:Clone","expansioncontent:QuickStudy+1","Guardian:DecasProtection","Guardian:BronzeOrb","Guardian:FierceBash+1","Guardian:SpikerProtocol+1","expansioncontent:DecasProtection","expansioncontent:DecasProtection","expansioncontent:CaCaw+1","Guardian:ArmoredProtocol","Guardian:PrismaticBeam+1","Guardian:ChargeCore+1","Guardian:PrimingBeam","Guardian:DecasProtection+1","Guardian:Gem_Orange","Guardian:Gem_White"],"relics":["Guardian:ModeShifterPlus","Akabeko","Ancient Tea Set","Matryoshka","War Paint","Bottled Tornado","Bag of Marbles","downfall:HeartBlessingGreen","Centennial Puzzle","Anchor","Omamori","Ornamental Fan","Calling Bell","Pen Nib","Kunai","Guardian:SackOfGems","downfall:HeartBlessingRed","Guardian:StasisEgg","Oddly Smooth Stone","Du-Vu Doll","downfall:HeartBlessingBlue","Orichalcum","Boot"],"acts_visited":["Exordium","TheCity","TheBeyond","TheEnding"],"potions_floor_usage":[11,12,21,21,26,27,27,29,43,46,47,48,49,50],"damage_taken":[{"damage":12,"enemies":"2 Louse","floor":3,"turns":3},{"damage":6,"enemies":"Cultist","floor":4,"turns":4},{"damage":32,"enemies":"Gremlin Nob","floor":9,"turns":5},{"damage":1,"enemies":"Small Slimes","floor":10,"turns":2},{"damage":12,"enemies":"3 Sentries","floor":11,"turns":6},{"damage":0,"enemies":"downfall:FleeingMerchant","floor":12,"turns":4},{"damage":2,"enemies":"Exordium Thugs","floor":14,"turns":3},{"damage":0,"enemies":"Exordium Wildlife","floor":15,"turns":2},{"damage":3,"enemies":"downfall:Watcher","floor":16,"turns":12},{"damage":0,"enemies":"Chosen","floor":19,"turns":4},{"damage":0,"enemies":"Shell Parasite","floor":20,"turns":5},{"damage":0,"enemies":"downfall:FleeingMerchant","floor":21,"turns":4},{"damage":29,"enemies":"Slavers","floor":23,"turns":6},{"damage":0,"enemies":"Snecko","floor":25,"turns":6},{"damage":0,"enemies":"Centurion and Healer","floor":26,"turns":9},{"damage":2,"enemies":"Gremlin Leader","floor":27,"turns":8},{"damage":3,"enemies":"Sentry and Sphere","floor":29,"turns":5},{"damage":0,"enemies":"downfall:FleeingMerchant","floor":31,"turns":4},{"damage":13,"enemies":"Snake Plant","floor":32,"turns":3},{"damage":14,"enemies":"downfall:Silent","floor":33,"turns":8},{"damage":0,"enemies":"3 Shapes","floor":36,"turns":2},{"damage":8,"enemies":"3 Darklings","floor":39,"turns":5},{"damage":0,"enemies":"Nemesis","floor":40,"turns":7},{"damage":23,"enemies":"Reptomancer","floor":43,"turns":7},{"damage":9,"enemies":"Spire Growth","floor":44,"turns":5},{"damage":0,"enemies":"Sphere and 2 Shapes","floor":46,"turns":1},{"damage":1,"enemies":"downfall:FleeingMerchant","floor":47,"turns":3},{"damage":52,"enemies":"Transient","floor":48,"turns":5},{"damage":0,"enemies":"Maw","floor":49,"turns":6},{"damage":0,"enemies":"downfall:Defect","floor":50,"turns":8},{"damage":40,"enemies":"downfall:CharBossMerchant","floor":52,"turns":9},{"damage":34,"enemies":"downfall:NeowBoss","floor":55,"turns":19}],"seed_played":"5271297671403919564","potions_obtained":[{"floor":9,"key":"hexamod:EctoCoolerPotion"},{"floor":11,"key":"Slimebound:ThreeZeroPotion"},{"floor":14,"key":"SpeedPotion"},{"floor":15,"key":"Explosive Potion"},{"floor":16,"key":"Block Potion"},{"floor":20,"key":"LiquidMemories"},{"floor":23,"key":"BlessingOfTheForge"},{"floor":26,"key":"LiquidMemories"},{"floor":27,"key":"Guardian:DefensiveModePotion"},{"floor":33,"key":"FearPotion"},{"floor":36,"key":"Dexterity Potion"},{"floor":40,"key":"AttackPotion"},{"floor":42,"key":"Swift Potion"},{"floor":44,"key":"Swift Potion"},{"floor":49,"key":"Guardian:DefensiveModePotion"}],"is_trial":false,"path_per_floor":["R","?","M","M","?","R","T","R","E","M","E","$","T","M","M","B",null,"R","M","M","$","?","E","T","M","M","E","R","M","?","$","M","B",null,"R","M","?","?","M","E","T","?","E","M","R","M","$","M","M","B",null,"E","$","R","B",null],"character_chosen":"GUARDIAN","items_purchased":["expansioncontent:QuickStudy","Guardian:PrimingBeam","Orichalcum","Regen Potion","Guardian:Gem_White"],"campfire_rested":1,"item_purchase_floors":[12,47,47,47,53],"current_hp_per_floor":[56,56,44,38,38,38,38,62,30,29,17,17,17,15,15,12,80,80,80,80,80,80,51,51,51,51,49,49,46,46,46,33,19,80,80,80,70,70,62,62,62,62,39,30,40,40,39,10,22,22,90,50,50,50,16],"gold":41,"neow_bonus":"THREE_RARE_CARDS","is_daily":false,"chose_seed":false,"campfire_upgraded":6,"win_rate":0.0,"timestamp":1609758875,"path_taken":["R","?","?","M","?","R","T","R","E","M","E","$","?","M","M","BOSS","R","M","M","$","?","E","T","M","M","E","R","?","?","$","M","BOSS","R","M","?","?","M","E","T","?","E","M","R","M","$","?","M","BOSS","E","$","R","BOSS"],"items_purchased_type":["Card","Card","Relic","Potion","Card"],"build_version":"2020-12-22","purchased_purges":3,"victory":true,"max_hp_per_floor":[80,80,80,80,80,80,80,80,80,80,80,80,80,80,80,80,80,80,80,80,80,80,80,80,80,80,80,80,80,80,80,80,80,80,80,80,80,80,80,80,80,80,80,80,90,90,90,90,90,90,90,90,90,90,90],"card_choices":[{"not_picked":["Guardian:BaubleBeam","Guardian:RevengeProtocol"],"picked":"Guardian:AncientConstruct","floor":0},{"not_picked":["Guardian:Reroute","Guardian:Gem_Red","Guardian:CrystalBeam"],"picked":"SKIP","floor":3},{"not_picked":["Guardian:Emergency","Guardian:Gem_Green"],"picked":"Guardian:WalkerClaw","floor":4},{"not_picked":["Guardian:Gem_Cyan","Guardian:Incinerate"],"picked":"Guardian:StasisField","floor":9},{"not_picked":["Guardian:Planning","Guardian:Gem_Green"],"picked":"Guardian:DecasProtection","floor":10},{"not_picked":["Guardian:Gem_Purple","Guardian:PolyBeam"],"picked":"Guardian:BronzeOrb","floor":11},{"not_picked":["Guardian:PiercingHide","Guardian:CrystalBeam"],"picked":"Guardian:SphericShield","floor":12},{"not_picked":["Guardian:Gem_Cyan","Guardian:Recover","Guardian:RollAttack"],"picked":"SKIP","floor":14},{"not_picked":["Guardian:DecasProtection","Guardian:TemporalStrike"],"picked":"Guardian:TimeSifter","floor":15},{"not_picked":["Guardian:Gem_Synthetic","Guardian:TimeSifter"],"picked":"Guardian:StasisField","floor":16},{"not_picked":["Guardian:Incinerate","Guardian:TemporalShield"],"picked":"Guardian:Gem_White","floor":19},{"not_picked":["Guardian:PolyBeam","Guardian:Gem_Cyan"],"picked":"Guardian:Gem_Fragmented","floor":20},{"not_picked":["Guardian:WalkerClaw","Guardian:Reroute"],"picked":"Guardian:Clone","floor":21},{"not_picked":["Guardian:Suspension","Guardian:TemporalStrike","Guardian:PiercingHide"],"picked":"SKIP","floor":23},{"not_picked":["Guardian:Gem_Green","Guardian:SentryBeam+1","Guardian:ChargeUp"],"picked":"SKIP","floor":25},{"not_picked":["Guardian:Planning+1","Guardian:TemporalShield","Guardian:PiercingHide"],"picked":"SKIP","floor":26},{"not_picked":["Guardian:RefractedBeam","Guardian:BronzeArmor","Guardian:Gem_Fragmented"],"picked":"SKIP","floor":27},{"not_picked":["Guardian:SpikerProtocol","Guardian:RollAttack"],"picked":"Guardian:Gem_Synthetic","floor":29},{"not_picked":["Guardian:FloatingOrbs+1","Guardian:PrismaticBeam","Guardian:CrystalBeam"],"picked":"SKIP","floor":31},{"not_picked":["Guardian:CrystalBeam","Guardian:Suspension+1","Guardian:Clone+1"],"picked":"SKIP","floor":32},{"not_picked":["Guardian:ExploitGems","Guardian:AncientConstruct"],"picked":"Guardian:FierceBash","floor":33},{"not_picked":["Guardian:Reroute+1","Guardian:TemporalShield"],"picked":"Guardian:SpikerProtocol+1","floor":36},{"not_picked":["expansioncontent:PrepareCrush","expansioncontent:SlimeTackle"],"picked":"expansioncontent:DecasProtection","floor":37},{"not_picked":["expansioncontent:HyperBeam","expansioncontent:DefensiveStance"],"picked":"expansioncontent:DecasProtection","floor":37},{"not_picked":["expansioncontent:PrepareCrush","expansioncontent:BronzeBeam"],"picked":"expansioncontent:CaCaw","floor":37},{"not_picked":["Guardian:Suspension+1","Guardian:VentSteam"],"picked":"Guardian:ArmoredProtocol","floor":39},{"not_picked":["Guardian:Harden","Guardian:ShieldCharger"],"picked":"Guardian:PrismaticBeam+1","floor":40},{"not_picked":["Guardian:Repulse","Guardian:TimeBomb+1"],"picked":"Guardian:Gem_Purple","floor":43},{"not_picked":["Guardian:Clone+1","Guardian:PiercingHide","Guardian:Incinerate+1"],"picked":"SKIP","floor":44},{"not_picked":["Guardian:Incinerate","Guardian:SentryBeam+1","Guardian:ShieldSpikes"],"picked":"SKIP","floor":46},{"not_picked":["Guardian:Gem_Cyan","Guardian:StasisField"],"picked":"Guardian:ChargeCore+1","floor":47},{"not_picked":["Guardian:Repulse","Guardian:Gem_Blue","Guardian:Gem_Purple"],"picked":"SKIP","floor":48},{"not_picked":["Guardian:PiercingHide+1","Guardian:PrismaticBeam+1"],"picked":"Guardian:DecasProtection+1","floor":49},{"not_picked":["Guardian:PiercingHide","Guardian:Repulse"],"picked":"Guardian:Gem_Orange","floor":52}],"player_experience":129057,"relics_obtained":[{"floor":7,"key":"Ancient Tea Set"},{"floor":9,"key":"Matryoshka"},{"floor":11,"key":"War Paint"},{"floor":13,"key":"Bottled Tornado"},{"floor":13,"key":"Bag of Marbles"},{"floor":23,"key":"Centennial Puzzle"},{"floor":24,"key":"Anchor"},{"floor":24,"key":"Omamori"},{"floor":27,"key":"Ornamental Fan"},{"floor":34,"key":"Pen Nib"},{"floor":34,"key":"Kunai"},{"floor":34,"key":"Guardian:SackOfGems"},{"floor":40,"key":"Oddly Smooth Stone"},{"floor":43,"key":"Du-Vu Doll"},{"floor":52,"key":"Boot"}],"event_choices":[{"cards_removed":["Guardian:Strike_Guardian"],"damage_healed":0,"gold_gain":0,"player_choice":"Offered Basic","damage_taken":0,"max_hp_gain":0,"max_hp_loss":0,"event_name":"Bonfire Elementals","floor":2,"gold_loss":0},{"damage_healed":0,"gold_gain":0,"player_choice":"Copied","damage_taken":0,"max_hp_gain":0,"max_hp_loss":0,"event_name":"Duplicator","floor":22,"gold_loss":0,"cards_obtained":["expansioncontent:QuickStudy"]},{"damage_healed":0,"gold_gain":0,"cards_transformed":["Guardian:Strike_Guardian","Guardian:Defend_Guardian"],"player_choice":"Became Test Subject","damage_taken":0,"max_hp_gain":0,"max_hp_loss":0,"event_name":"Drug Dealer","floor":30,"gold_loss":0,"cards_obtained":["Guardian:DecasProtection","Guardian:BronzeOrb"]},{"damage_healed":0,"gold_gain":0,"player_choice":"Got Potions","damage_taken":0,"max_hp_gain":0,"max_hp_loss":0,"event_name":"Lab","floor":42,"gold_loss":0}],"is_beta":false,"boss_relics":[{"not_picked":["Snecko Eye","Busted Crown"],"picked":"Guardian:ModeShifterPlus"},{"not_picked":["SlaversCollar","Pandora\u0027s Box"],"picked":"Calling Bell"}],"items_purged_floors":[21,31,47],"is_endless":false,"potions_floor_spawned":[9,11,14,15,16,20,23,26,27,33,36,40,44,49],"ascension_level":1}}