{"host":"kmigwsj5rrfnig2m","time":1609728250,"event":{"mods":["BaseMod","Downfall","Minty Spire (QoL Compilation)","StSLib"],"gold_per_floor":[99,115,115,290,35,54,79,122,153,265,47,121,8,35,48,48,48],"floor_reached":16,"playtime":920,"items_purged":["Regret"],"score":140,"play_id":"1e8057b6-fb9a-4ab6-b860-c7868db36ee6","local_time":"20210103214410","is_ascension_mode":true,"campfire_choices":[{"data":"expansioncontent:DashGenerateEvil","floor":1,"key":"SMITH"}],"circlet_count":0,"master_deck":["sneckomod:Strike","sneckomod:Strike","sneckomod:Defend","sneckomod:Defend+1","sneckomod:Defend","sneckomod:TailWhip+1","sneckomod:SnekBite","sneckomod:Unknown","sneckomod:Unknown","expansioncontent:DashGenerateEvil+1","sneckomod:UnknownVulnerable+1","sneckomod:QuickBite+1","sneckomod:Mudshield","sneckomod:Unknown1Cost","sneckomod:SlitherStrike","sneckomod:Unknown2Cost+1","sneckomod:UnknownStrength+1","sneckomod:UnknownCommonSkill+1","sneckomod:UnlimitedRolls","sneckomod:ImprovisedAttack","sneckomod:UnknownUncommonPower+1","sneckomod:UnknownRareAttack+1","sneckomod:UnknownClassRED+1","sneckomod:WideSting","sneckomod:UnknownBlock+1","sneckomod:UnknownCommonAttack+1","sneckomod:UnknownUncommonPower+1","sneckomod:Nope"],"relics":["sneckomod:SneckoSoul","MawBank","sneckomod:UnknownEgg","Gremlin Horn","Art of War"],"acts_visited":["Exordium"],"potions_floor_usage":[14,16],"damage_taken":[{"damage":0,"enemies":"Cultist","floor":2,"turns":3},{"damage":6,"enemies":"downfall:FleeingMerchant","floor":5,"turns":4},{"damage":9,"enemies":"Small Slimes","floor":6,"turns":2},{"damage":13,"enemies":"3 Sentries","floor":8,"turns":8},{"damage":6,"enemies":"2 Louse","floor":9,"turns":2},{"damage":12,"enemies":"downfall:Heads","floor":10,"turns":5},{"damage":7,"enemies":"downfall:FleeingMerchant","floor":11,"turns":4},{"damage":12,"enemies":"downfall:FleeingMerchant","floor":13,"turns":4},{"damage":0,"enemies":"Gremlin Nob","floor":14,"turns":2},{"damage":0,"enemies":"Blue Slaver","floor":15,"turns":2},{"damage":33,"enemies":"downfall:Silent","floor":16,"turns":4}],"seed_played":"-7243703345567334287","potions_obtained":[{"floor":2,"key":"DuplicationPotion"},{"floor":8,"key":"CultistPotion"},{"floor":14,"key":"sneckomod:DiceRollPotion"}],"is_trial":false,"path_per_floor":["R","M","?","?","$","M","T","E","M","?","$","T","$","E","M","B"],"character_chosen":"THE_SNECKO","items_purchased":["sneckomod:Mudshield","sneckomod:Unknown1Cost","sneckomod:UnknownUncommonPower+1","sneckomod:UnknownRareAttack+1","sneckomod:UnknownClassRED+1","sneckomod:UnknownBlock+1","sneckomod:UnknownCommonAttack+1"],"campfire_rested":0,"item_purchase_floors":[5,5,11,11,11,13,13],"current_hp_per_floor":[81,82,82,82,77,70,70,58,53,42,38,38,28,29,29,0,0],"gold":48,"neow_bonus":"RANDOM_COLORLESS_2","is_daily":false,"chose_seed":false,"campfire_upgraded":1,"win_rate":0.0,"timestamp":1609728250,"path_taken":["R","M","?","?","$","M","T","E","M","?","$","?","?","E","M","BOSS"],"items_purchased_type":["Card","Card","Card","Card","Card","Card","Card"],"build_version":"2020-12-22","purchased_purges":1,"victory":false,"max_hp_per_floor":[81,82,82,82,83,83,83,84,85,86,89,89,91,92,92,92,92],"card_choices":[{"not_picked":["Mayhem","Violence"],"picked":"expansioncontent:DashGenerateEvil","floor":0},{"not_picked":["sneckomod:DiceBlock","sneckomod:UnknownCommonAttack"],"picked":"sneckomod:UnknownVulnerable","floor":2},{"not_picked":["sneckomod:DiceBlock","sneckomod:UnknownBlock"],"picked":"sneckomod:QuickBite","floor":5},{"not_picked":["sneckomod:UnknownUncommonSkill","sneckomod:UnknownBlock"],"picked":"sneckomod:SlitherStrike","floor":6},{"not_picked":["sneckomod:SnakeSap","sneckomod:SerpentIdol"],"picked":"sneckomod:Unknown2Cost+1","floor":8},{"not_picked":["sneckomod:Nope","sneckomod:SnakeSap"],"picked":"sneckomod:UnknownStrength+1","floor":9},{"not_picked":["sneckomod:UnknownClassBLUE+1","sneckomod:UnknownCommonAttack+1"],"picked":"sneckomod:UnknownCommonSkill+1","floor":10},{"not_picked":["sneckomod:UnknownVulnerable+1","sneckomod:SoulRoll"],"picked":"sneckomod:ImprovisedAttack","floor":11},{"not_picked":["sneckomod:QuickBite","sneckomod:DefensiveFlair"],"picked":"sneckomod:WideSting","floor":13},{"not_picked":["sneckomod:Rotation","sneckomod:Cheat"],"picked":"sneckomod:UnknownUncommonPower+1","floor":14},{"not_picked":["sneckomod:QuickMove","sneckomod:IronFang"],"picked":"sneckomod:Nope","floor":15}],"player_experience":188490,"relics_obtained":[{"floor":7,"key":"MawBank"},{"floor":8,"key":"sneckomod:UnknownEgg"},{"floor":12,"key":"Gremlin Horn"},{"floor":14,"key":"Art of War"}],"event_choices":[],"is_beta":false,"boss_relics":[],"items_purged_floors":[5],"is_endless":false,"potions_floor_spawned":[2,8,14],"killed_by":"downfall:Silent","ascension_level":1}}