{"host":"g01l53quoe6lrer0","time":1609792377,"event":{"mods":["2.2 Compatiblity","AchievementEnabler","BaseMod","Colored Map","Highlight Path","Keyboard Shortcuts","Minty Spire (QoL Compilation)","Permanent Neow","Quick Restart","StSLib","SuperFastMode","everything is the same but u backflip on backflip"],"gold_per_floor":[18,28,39,114,114,140,140,172,197,197,225,75,75,150,150,250,250,270,270,195,7,24,52,52,78,105,105,58,58,72,72,72,169,169,184,204,79,79,97,97,97,15,15,29,29,29,29,40,40,40,40,40,40,40,40],"floor_reached":54,"playtime":2426,"items_purged":["Defend_P","Strike_P","Eruption"],"score":746,"play_id":"f8d6f5e1-f074-4d31-8a1f-85e62c412753","local_time":"20210105053257","is_ascension_mode":true,"campfire_choices":[{"data":"SignatureMove","floor":7.0,"key":"SMITH"},{"data":"PathToVictory","floor":10.0,"key":"SMITH"},{"data":"Wireheading","floor":15.0,"key":"SMITH"},{"data":"Forethought","floor":24.0,"key":"SMITH"},{"floor":29.0,"key":"REST"},{"data":"Worship","floor":32.0,"key":"SMITH"},{"data":"Enlightenment","floor":40.0,"key":"SMITH"},{"floor":45.0,"key":"RECALL"},{"floor":47.0,"key":"REST"},{"data":"Impatience","floor":49.0,"key":"SMITH"},{"data":"Prostrate","floor":52,"key":"SMITH"}],"circlet_count":0,"master_deck":["Strike_P","Strike_P","Defend_P","Defend_P","Defend_P","Vigilance+1","Blasphemy+1","SignatureMove+1","Sanctity","PathToVictory+1","Protect","Wireheading+1","Scrawl+1","Prostrate+1","Forethought+1","Ragnarok+1","Worship+1","PathToVictory","Fasting2+1","DevaForm","Enlightenment+1","Impatience+1"],"relics":["PureWater","Akabeko","Boot","Bag of Preparation","Blue Candle","Bottled Tornado","Sozu","Blood Vial","CaptainsWheel","War Paint","Nilry\u0027s Codex","SlaversCollar"],"acts_visited":["Exordium","TheCity","TheBeyond","TheEnding"],"potions_floor_usage":[],"damage_taken":[{"damage":0.0,"enemies":"Cultist","floor":1.0,"turns":2.0},{"damage":1.0,"enemies":"Jaw Worm","floor":2.0,"turns":3.0},{"damage":1.0,"enemies":"Small Slimes","floor":3.0,"turns":3.0},{"damage":6.0,"enemies":"Lagavulin","floor":6.0,"turns":4.0},{"damage":0.0,"enemies":"Gremlin Nob","floor":8.0,"turns":2.0},{"damage":16.0,"enemies":"3 Sentries","floor":11.0,"turns":4.0},{"damage":51.0,"enemies":"Hexaghost","floor":16.0,"turns":10.0},{"damage":0.0,"enemies":"2 Thieves","floor":18.0,"turns":3.0},{"damage":12.0,"enemies":"3 Byrds","floor":22.0,"turns":5.0},{"damage":10.0,"enemies":"Slavers","floor":23.0,"turns":5.0},{"damage":8.0,"enemies":"Gremlin Leader","floor":25.0,"turns":4.0},{"damage":0.0,"enemies":"Cultist and Chosen","floor":30.0,"turns":1.0},{"damage":40.0,"enemies":"Automaton","floor":33.0,"turns":8.0},{"damage":0.0,"enemies":"3 Darklings","floor":35.0,"turns":2.0},{"damage":0.0,"enemies":"Orb Walker","floor":36.0,"turns":1.0},{"damage":9.0,"enemies":"Writhing Mass","floor":39.0,"turns":4.0},{"damage":2.0,"enemies":"3 Darklings","floor":44.0,"turns":5.0},{"damage":0.0,"enemies":"Jaw Worm Horde","floor":48.0,"turns":1.0},{"damage":23,"enemies":"Time Eater","floor":50,"turns":7},{"damage":100002,"enemies":"Shield and Spear","floor":54,"turns":3}],"seed_played":"-4149479244662260816","potions_obtained":[{"floor":1.0,"key":"AttackPotion"},{"floor":3.0,"key":"SkillPotion"},{"floor":6.0,"key":"DistilledChaos"}],"is_trial":false,"path_per_floor":["M","M","M","?","?","E","R","E","T","R","E","$","?","T","R","B",null,"M","?","?","$","M","E","R","E","T","?","$","R","M","?","R","B",null,"M","M","$","?","M","R","$","$","T","M","R","?","R","M","R","B",null,"R","$","E"],"character_chosen":"WATCHER","items_purchased":["Wireheading","Forethought","PathToVictory","Impatience"],"campfire_rested":2,"item_purchase_floors":[12,21,28,42],"current_hp_per_floor":[72,71,70,59,59,53,53,53,53,53,37,37,61,61,61,10,72,72,72,72,72,60,50,50,44,44,28,28,49,51,51,51,13,72,72,72,72,72,63,63,63,63,63,63,63,63,72,72,72,49,72,72,72,0,0],"gold":40,"neow_bonus":"THREE_RARE_CARDS","is_daily":false,"chose_seed":false,"campfire_upgraded":8,"win_rate":0.0,"timestamp":1609792377,"path_taken":["M","M","M","?","?","E","R","E","T","R","E","$","?","?","R","BOSS","M","?","?","$","M","E","R","E","T","?","?","R","?","?","R","BOSS","M","M","?","?","M","R","?","$","T","?","R","?","R","M","R","BOSS","R","$","E"],"items_purchased_type":["Card","Card","Card","Card"],"build_version":"2020-12-22","purchased_purges":3,"victory":false,"max_hp_per_floor":[72,72,72,72,72,72,72,72,72,72,72,72,72,72,72,72,72,72,72,72,72,72,72,72,72,72,72,72,72,72,72,72,72,72,72,72,72,72,72,72,72,72,72,72,72,72,72,72,72,72,72,72,72,72,72],"card_choices":[{"not_picked":["Scrawl","SpiritShield"],"picked":"Blasphemy","floor":0.0},{"not_picked":["Perseverance","CutThroughFate"],"picked":"SignatureMove","floor":1.0},{"not_picked":["Consecrate","Weave","SashWhip"],"picked":"SKIP","floor":2.0},{"not_picked":["Evaluate","FlyingSleeves"],"picked":"Sanctity","floor":3.0},{"not_picked":["CutThroughFate","Vengeance"],"picked":"PathToVictory","floor":6.0},{"not_picked":["BowlingBash","Nirvana","ForeignInfluence"],"picked":"SKIP","floor":8.0},{"not_picked":["CarveReality","Indignation"],"picked":"Protect","floor":11.0},{"not_picked":["Blasphemy","SpiritShield"],"picked":"Scrawl","floor":16.0},{"not_picked":["Evaluate","Consecrate","Prostrate"],"picked":"SKIP","floor":18.0},{"not_picked":["Evaluate","Consecrate"],"picked":"Prostrate","floor":18.0},{"not_picked":["BowlingBash","EmptyBody"],"picked":"JustLucky","floor":22.0},{"not_picked":["ReachHeaven+1","FlyingSleeves"],"picked":"Ragnarok","floor":23.0},{"not_picked":["Collect","JustLucky"],"picked":"Worship","floor":25.0},{"not_picked":["ForeignInfluence","EmptyFist"],"picked":"Fasting2+1","floor":30.0},{"not_picked":["Judgement","Omniscience"],"picked":"DevaForm","floor":33.0},{"not_picked":["EmptyFist+1","BowlingBash+1","SandsOfTime+1"],"picked":"SKIP","floor":35.0},{"not_picked":["Halt","ClearTheMind","Sanctity+1"],"picked":"SKIP","floor":36.0},{"not_picked":["Dark Shackles","Purity"],"picked":"Enlightenment","floor":38.0},{"not_picked":["EmptyBody","Collect+1","Crescendo"],"picked":"SKIP","floor":39.0},{"not_picked":["Crescendo+1","FlyingSleeves+1","SashWhip+1"],"picked":"SKIP","floor":44.0},{"not_picked":["LikeWater","Prostrate+1","Blasphemy"],"picked":"SKIP","floor":48.0}],"player_experience":65261,"relics_obtained":[{"floor":6.0,"key":"Akabeko"},{"floor":8.0,"key":"Boot"},{"floor":9.0,"key":"Bag of Preparation"},{"floor":11.0,"key":"Blue Candle"},{"floor":14.0,"key":"Bottled Tornado"},{"floor":23.0,"key":"Blood Vial"},{"floor":25.0,"key":"CaptainsWheel"},{"floor":26.0,"key":"War Paint"},{"floor":27.0,"key":"Nilry\u0027s Codex"}],"event_choices":[{"damage_healed":0.0,"max_hp_gain":0.0,"max_hp_loss":0.0,"gold_gain":75.0,"event_name":"World of Goop","player_choice":"Gather Gold","floor":4.0,"gold_loss":0.0,"damage_taken":11.0},{"damage_healed":0.0,"max_hp_gain":0.0,"max_hp_loss":0.0,"gold_gain":0.0,"event_name":"Living Wall","player_choice":"Grow","floor":5.0,"gold_loss":0.0,"damage_taken":0.0,"cards_upgraded":["Blasphemy"]},{"damage_healed":24.0,"max_hp_gain":0.0,"max_hp_loss":0.0,"gold_gain":0.0,"event_name":"Big Fish","player_choice":"Banana","floor":13.0,"gold_loss":0.0,"damage_taken":0.0},{"damage_healed":0.0,"max_hp_gain":0.0,"max_hp_loss":0.0,"gold_gain":0.0,"event_name":"The Mausoleum","player_choice":"Ignored","floor":19.0,"gold_loss":0.0,"damage_taken":0.0},{"cards_removed":["Strike_P"],"damage_healed":0.0,"max_hp_gain":0.0,"max_hp_loss":0.0,"gold_gain":0.0,"event_name":"Beggar","player_choice":"Gave Gold","floor":20.0,"gold_loss":75.0,"damage_taken":0.0},{"damage_healed":0.0,"max_hp_gain":0.0,"max_hp_loss":0.0,"gold_gain":0.0,"event_name":"Cursed Tome","player_choice":"Obtained Book","floor":27.0,"gold_loss":0.0,"damage_taken":16.0},{"damage_healed":0.0,"max_hp_gain":0.0,"max_hp_loss":0.0,"gold_gain":0.0,"event_name":"Upgrade Shrine","player_choice":"Upgraded","floor":31.0,"gold_loss":0.0,"damage_taken":0.0,"cards_upgraded":["Ragnarok"]},{"damage_healed":0.0,"max_hp_gain":0.0,"max_hp_loss":0.0,"gold_gain":0.0,"event_name":"SensoryStone","player_choice":"Memory 1","floor":38.0,"gold_loss":0.0,"damage_taken":0.0},{"cards_removed":["JustLucky"],"damage_healed":0.0,"max_hp_gain":0.0,"max_hp_loss":0.0,"gold_gain":0.0,"event_name":"Falling","player_choice":"Removed Attack","floor":46.0,"gold_loss":0.0,"damage_taken":0.0}],"is_beta":false,"boss_relics":[{"not_picked":["Astrolabe","Ectoplasm"],"picked":"Sozu"},{"not_picked":["SacredBark","Cursed Key"],"picked":"SlaversCollar"}],"items_purged_floors":[12,21,37],"is_endless":false,"potions_floor_spawned":[1,3,6,22,23,25,35],"killed_by":"Shield and Spear","ascension_level":1}}