{"host":"fdwdu2a1askd6ffo","time":1609735994,"event":{"mods":["Astrologer","Bard","BaseMod","Current Relic Mod","Decade(王小明)","Friendly Minions","Hero for Fun","HornydragonMod","Hunter 猎人","Minty Spire (QoL Compilation)","READ ME - Guardian Mod","Remove Card Discount Mod","Somnambulant","StSLib","The Bladedancer","The Cursed","[IsaacMod]以撒尖塔"],"gold_per_floor":[113,132,149,167,22,51,51,79,79,79,79,109,109,128,128,228,228,244,334,138,151,151,151,181,181,181,8,34,50,50,63,63,168,168,186,186,186,198,212,246,246,272,298,350,350,350,350,369,369,369,369],"floor_reached":50,"playtime":2226,"items_purged":[],"score":661,"play_id":"c4ddce7a-b114-4884-a4b5-c8bc0d2d3a0c","local_time":"20210104125314","is_ascension_mode":false,"campfire_choices":[{"data":"Demon Form","floor":7,"key":"SMITH"},{"floor":13,"key":"REST"},{"data":"Limit Break","floor":15,"key":"SMITH"},{"data":"Immolate","floor":23,"key":"SMITH"},{"floor":25,"key":"REST"},{"floor":32,"key":"REST"},{"floor":41,"key":"REST"},{"data":"Double Tap","floor":46,"key":"SMITH"},{"floor":49,"key":"RECALL"}],"circlet_count":0,"master_deck":["Strike_R","Strike_R+1","Strike_R","Strike_R","Strike_R","Defend_R","Defend_R","Defend_R","Defend_R+1","Bash","SuicideKing","Perfected Strike","Demon Form+1","Cleave","Spot Weakness+1","Feed","Limit Break+1","Rupture","Wild Strike","Uppercut","Immolate+1","Thunderclap","Deep Breath","Fire Breathing","Flex+1","Infernal Blade","Blind","Corruption","Seeing Red","Necronomicurse","Warcry","Double Tap+1","Clothesline+1","Writhe","HandOfGreed","Impatience","Spot Weakness+1","Warcry","Sword Boomerang+1","Uppercut+1","Heavy Blade","Sword Boomerang"],"relics":["Burning Blood","HushsDoor","YumHeart","Bag of Marbles","Unceasing Top","GuppysHead","Runic Cube","SteamSale","HowToJump","AnarchistCookbook","TheBible","Lantern","Necronomicon","Bag of Preparation","Potion Belt","Red Skull","Eternal Feather"],"acts_visited":["Exordium","TheCity","TheBeyond"],"potions_floor_usage":[8,12,14,24,25,33,39,50],"damage_taken":[{"damage":6,"enemies":"Jaw Worm","floor":1,"turns":3},{"damage":0,"enemies":"Small Slimes","floor":2,"turns":3},{"damage":6,"enemies":"Cultist","floor":3,"turns":3},{"damage":32,"enemies":"Exordium Thugs","floor":4,"turns":5},{"damage":31,"enemies":"Lagavulin","floor":6,"turns":5},{"damage":16,"enemies":"Gremlin Nob","floor":8,"turns":3},{"damage":26,"enemies":"3 Sentries","floor":12,"turns":5},{"damage":0,"enemies":"Blue Slaver","floor":14,"turns":1},{"damage":32,"enemies":"The Guardian","floor":16,"turns":9},{"damage":0,"enemies":"2 Thieves","floor":18,"turns":1},{"damage":10,"enemies":"Spheric Guardian","floor":21,"turns":3},{"damage":55,"enemies":"Slavers","floor":24,"turns":4},{"damage":22,"enemies":"Gremlin Leader","floor":28,"turns":3},{"damage":30,"enemies":"Centurion and Healer","floor":29,"turns":3},{"damage":10,"enemies":"Sentry and Sphere","floor":31,"turns":3},{"damage":16,"enemies":"Champ","floor":33,"turns":3},{"damage":12,"enemies":"3 Shapes","floor":35,"turns":1},{"damage":21,"enemies":"3 Darklings","floor":38,"turns":3},{"damage":19,"enemies":"4 Shapes","floor":39,"turns":2},{"damage":35,"enemies":"Reptomancer","floor":40,"turns":3},{"damage":18,"enemies":"Giant Head","floor":42,"turns":5},{"damage":17,"enemies":"Nemesis","floor":44,"turns":3},{"damage":16,"enemies":"Sphere and 2 Shapes","floor":48,"turns":2},{"damage":127,"enemies":"Awakened One","floor":50,"turns":7}],"seed_played":"-1246455031518932581","potions_obtained":[{"floor":2,"key":"SneckoOil"},{"floor":6,"key":"LiquidMemories"},{"floor":8,"key":"Energy Potion"},{"floor":12,"key":"Fire Potion"},{"floor":21,"key":"AttackPotion"},{"floor":24,"key":"Fruit Juice"},{"floor":31,"key":"ColorlessPotion"},{"floor":35,"key":"Ancient Potion"},{"floor":40,"key":"EssenceOfSteel"},{"floor":44,"key":"GamblersBrew"},{"floor":48,"key":"SteroidPotion"}],"is_trial":false,"path_per_floor":["M","M","M","M","$","E","R","E","T","?","?","E","R","M","R","B",null,"M","?","$","M","?","R","E","R","T","$","E","M","?","M","R","B",null,"M","?","?","M","M","E","R","E","T","E","?","R","?","M","R","B"],"character_chosen":"IRONCLAD","items_purchased":["Feed","SteamSale","Fire Breathing","TheBible","Blind"],"campfire_rested":4,"item_purchase_floors":[5,20,20,27,27],"current_hp_per_floor":[88,88,88,87,87,65,65,55,55,55,37,17,44,53,53,27,94,94,76,76,72,72,72,48,81,81,81,65,41,25,21,50,40,93,87,93,88,73,63,59,87,75,75,64,64,88,88,81,99,0,0],"gold":369,"neow_bonus":"TEN_PERCENT_HP_BONUS","is_daily":false,"chose_seed":false,"campfire_upgraded":4,"win_rate":0.0,"timestamp":1609735994,"path_taken":["M","M","M","M","$","E","R","E","T","?","?","E","R","M","R","BOSS","M","?","$","M","?","R","E","R","T","?","E","M","?","M","R","BOSS","M","?","?","M","?","E","R","E","T","E","?","R","?","M","R","BOSS"],"items_purchased_type":["Card","Relic","Card","Relic","Card"],"build_version":"2020-12-22","purchased_purges":0,"victory":false,"max_hp_per_floor":[88,88,88,88,88,91,91,91,91,91,91,91,91,94,94,94,94,94,94,94,94,94,94,94,99,99,99,99,99,99,99,99,93,93,93,93,93,93,96,96,96,96,96,96,96,96,96,99,99,99,99],"card_choices":[{"not_picked":[],"picked":"SuicideKing","floor":0},{"not_picked":["Pommel Strike","Headbutt"],"picked":"Perfected Strike","floor":1},{"not_picked":["Anger","Flex"],"picked":"Demon Form","floor":2},{"not_picked":["Twin Strike","Shrug It Off"],"picked":"Cleave","floor":3},{"not_picked":["Sword Boomerang","Armaments"],"picked":"Spot Weakness","floor":4},{"not_picked":["Havoc","Warcry"],"picked":"Limit Break","floor":6},{"not_picked":["Burning Pact","Ghostly Armor"],"picked":"Rupture","floor":8},{"not_picked":["Cleave","Second Wind"],"picked":"Wild Strike","floor":12},{"not_picked":["Reaper","Iron Wave"],"picked":"Uppercut","floor":14},{"not_picked":["Corruption","Exhume"],"picked":"Immolate","floor":16},{"not_picked":["Evolve","Carnage"],"picked":"Thunderclap","floor":18},{"not_picked":["Blood for Blood","Thunderclap+1"],"picked":"Flex+1","floor":21},{"not_picked":["Combust","Anger"],"picked":"Infernal Blade","floor":24},{"not_picked":["Twin Strike","Entrench"],"picked":"Corruption","floor":28},{"not_picked":["Sentinel","Rampage"],"picked":"Seeing Red","floor":29},{"not_picked":["Body Slam","Clash"],"picked":"Warcry","floor":31},{"not_picked":["Corruption","Reaper"],"picked":"Double Tap","floor":33},{"not_picked":["Cleave+1","Wild Strike"],"picked":"Clothesline+1","floor":35},{"not_picked":["Bandage Up","Swift Strike"],"picked":"HandOfGreed","floor":37},{"not_picked":["HandOfGreed","Blind"],"picked":"Impatience","floor":37},{"not_picked":["Entrench","True Grit+1"],"picked":"Spot Weakness+1","floor":38},{"not_picked":["Ghostly Armor","Headbutt"],"picked":"Warcry","floor":39},{"not_picked":["Rampage","Dropkick"],"picked":"Sword Boomerang+1","floor":40},{"not_picked":["Cleave+1","Havoc+1"],"picked":"Uppercut+1","floor":42},{"not_picked":["Clothesline+1","Body Slam+1"],"picked":"Heavy Blade","floor":44},{"not_picked":["Combust","Immolate"],"picked":"Sword Boomerang","floor":48}],"player_experience":373390,"relics_obtained":[{"floor":6,"key":"Bag of Marbles"},{"floor":8,"key":"Unceasing Top"},{"floor":12,"key":"GuppysHead"},{"floor":24,"key":"HowToJump"},{"floor":26,"key":"AnarchistCookbook"},{"floor":28,"key":"Lantern"},{"floor":30,"key":"Necronomicon"},{"floor":40,"key":"Bag of Preparation"},{"floor":42,"key":"Potion Belt"},{"floor":43,"key":"Red Skull"},{"floor":44,"key":"Eternal Feather"}],"event_choices":[{"damage_healed":0,"gold_gain":0,"player_choice":"Grow","damage_taken":0,"max_hp_gain":0,"max_hp_loss":0,"event_name":"Living Wall","floor":10,"gold_loss":0,"cards_upgraded":["Spot Weakness"]},{"damage_healed":0,"gold_gain":0,"player_choice":"Entered Light","damage_taken":18,"max_hp_gain":0,"max_hp_loss":0,"event_name":"Shining Light","floor":11,"gold_loss":0,"cards_upgraded":["Strike_R","Defend_R"]},{"damage_healed":0,"gold_gain":90,"player_choice":"GOLD CARD ","damage_taken":18,"max_hp_gain":0,"max_hp_loss":0,"event_name":"Knowing Skull","floor":19,"potions_obtained":[],"gold_loss":0,"cards_obtained":["Deep Breath"]},{"damage_healed":0,"gold_gain":0,"player_choice":"Obtained Book","damage_taken":16,"max_hp_gain":0,"max_hp_loss":0,"event_name":"Cursed Tome","floor":30,"gold_loss":0},{"damage_healed":23,"gold_gain":0,"player_choice":"Writhe","damage_taken":0,"max_hp_gain":0,"max_hp_loss":0,"event_name":"Winding Halls","floor":36,"gold_loss":0,"cards_obtained":["Writhe"]},{"damage_healed":0,"gold_gain":0,"player_choice":"Memory 2","damage_taken":5,"max_hp_gain":0,"max_hp_loss":0,"event_name":"SensoryStone","floor":37,"gold_loss":0},{"damage_healed":0,"gold_gain":0,"player_choice":"Ignored","damage_taken":0,"max_hp_gain":0,"max_hp_loss":0,"event_name":"Tomb of Lord Red Mask","floor":45,"gold_loss":0}],"is_beta":false,"boss_relics":[{"not_picked":["Black Star","SlaversCollar"],"picked":"Runic Cube"},{"not_picked":[]},{"not_picked":["Velvet Choker","Fusion Hammer","Sozu"]}],"items_purged_floors":[],"is_endless":false,"potions_floor_spawned":[2,6,8,12,21,24,31,35,40,44,48],"killed_by":"Awakened One","ascension_level":0}}