{"host":"Bilverbakes","time":1609754286,"event":{"mods":["2.2 Compatiblity","AchievementEnabler","BaseMod","Bestiary","Colored Map","Minty Spire (QoL Compilation)","Relic Stats","StSLib","ojb\u0027s Info Mod"],"gold_per_floor":[114,127,137,157,157,157,173,183,254,254,254,254],"floor_reached":11,"playtime":401,"items_purged":[],"score":131,"play_id":"d5a9f44d-afa9-4aa2-a70f-6458a4970d34","local_time":"20210104035806","is_ascension_mode":true,"campfire_choices":[{"data":"Compile Driver","floor":6,"key":"SMITH"},{"data":"Compile Driver","floor":10,"key":"SMITH"}],"circlet_count":0,"master_deck":["AscendersBane","Strike_B","Strike_B","Strike_B","Strike_B","Defend_B","Defend_B","Defend_B","Defend_B","Zap","Dualcast","Compile Driver+1","Conserve Battery","Chill","Compile Driver+1"],"relics":["Nuclear Battery","Blue Candle"],"acts_visited":["Exordium"],"potions_floor_usage":[11],"damage_taken":[{"damage":14,"enemies":"Jaw Worm","floor":1,"turns":4},{"damage":6,"enemies":"2 Louse","floor":2,"turns":3},{"damage":11,"enemies":"Small Slimes","floor":3,"turns":4},{"damage":7,"enemies":"2 Fungi Beasts","floor":4,"turns":4},{"damage":1,"enemies":"Blue Slaver","floor":7,"turns":5},{"damage":8,"enemies":"Looter","floor":8,"turns":3},{"damage":24,"enemies":"Gremlin Nob","floor":11,"turns":4}],"seed_played":"-1888329366369248097","potions_obtained":[{"floor":1,"key":"FocusPotion"},{"floor":8,"key":"FocusPotion"}],"is_trial":false,"path_per_floor":["M","M","M","M","?","R","M","M","T","R","E"],"character_chosen":"DEFECT","items_purchased":[],"campfire_rested":0,"item_purchase_floors":[],"current_hp_per_floor":[50,44,33,26,49,49,48,40,40,40,16,16],"gold":254,"neow_bonus":"BOSS_RELIC","is_daily":false,"chose_seed":false,"campfire_upgraded":2,"win_rate":0.0,"timestamp":1609754286,"path_taken":["M","M","M","M","?","R","M","M","T","R","E"],"items_purchased_type":[],"build_version":"2020-12-18","purchased_purges":0,"victory":false,"max_hp_per_floor":[71,71,71,71,71,71,71,71,71,71,71,71],"relic_stats":{"counters":[7,27],"Blue Candle":[0],"obtain_stats":[{"Blue Candle":9,"Cracked Core":0,"Nuclear Battery":0},{"Blue Candle":6,"Cracked Core":0,"Nuclear Battery":0},{"Blue Candle":23,"Cracked Core":0,"Nuclear Battery":0}]},"card_choices":[{"not_picked":["Fusion","Steam","Redo"],"picked":"SKIP","floor":1},{"not_picked":["Turbo","Defragment"],"picked":"Compile Driver","floor":2},{"not_picked":["Gash","Consume"],"picked":"Conserve Battery","floor":3},{"not_picked":["Storm","Gash","Stack"],"picked":"SKIP","floor":4},{"not_picked":["Gash","Conserve Battery"],"picked":"Chill","floor":7},{"not_picked":["Chill","White Noise"],"picked":"Compile Driver","floor":8}],"player_experience":574176,"relics_obtained":[{"floor":9,"key":"Blue Candle"}],"event_choices":[{"damage_healed":23,"gold_gain":0,"player_choice":"Banana","damage_taken":0,"max_hp_gain":0,"max_hp_loss":0,"event_name":"Big Fish","floor":5,"gold_loss":0}],"is_beta":true,"boss_relics":[],"items_purged_floors":[],"is_endless":false,"potions_floor_spawned":[1,8],"killed_by":"Gremlin Nob","ascension_level":19}}