{"host":"qgrlfjrqk9z96gfi","time":1609721246,"event":{"mods":["BaseMod","Block Reminder","Colored Map","DeckTracker","Minty Spire (QoL Compilation)"],"gold_per_floor":[110,126,126,47,47,79,44,85,131,156,156,172,192,231,231,231,231],"floor_reached":16,"playtime":334,"items_purged":[],"score":290,"play_id":"77aa3dc9-80a1-4707-8bcb-63be0d2ac4f6","local_time":"20210103144726","is_ascension_mode":true,"campfire_choices":[{"data":"A Thousand Cuts","floor":11,"key":"SMITH"},{"data":"Corpse Explosion","floor":15,"key":"SMITH"}],"circlet_count":0,"master_deck":["AscendersBane","Strike_G","Strike_G","Strike_G","Strike_G","Strike_G","Defend_G","Defend_G","Defend_G","Defend_G","Defend_G","Survivor","Neutralize","Cloak And Dagger","Slice","Noxious Fumes+1","A Thousand Cuts+1","Well Laid Plans","Blade Dance","Blade Dance","Corpse Explosion+1"],"relics":["Ring of the Snake","NeowsBlessing","Dream Catcher","Tiny Chest","CeramicFish","Orichalcum","Unceasing Top"],"acts_visited":["Exordium"],"potions_floor_usage":[8,11,14],"damage_taken":[{"damage":0,"enemies":"Cultist","floor":1,"turns":1},{"damage":0,"enemies":"Small Slimes","floor":2,"turns":1},{"damage":0,"enemies":"Lagavulin","floor":6,"turns":1},{"damage":23,"enemies":"3 Sentries","floor":8,"turns":6},{"damage":2,"enemies":"Jaw Worm","floor":10,"turns":4},{"damage":0,"enemies":"2 Fungi Beasts","floor":12,"turns":2},{"damage":3,"enemies":"Exordium Wildlife","floor":13,"turns":3},{"damage":2,"enemies":"Gremlin Nob","floor":14,"turns":3},{"damage":40,"enemies":"The Guardian","floor":16,"turns":6}],"seed_played":"7305566979890554535","potions_obtained":[{"floor":2,"key":"CultistPotion"},{"floor":8,"key":"Fruit Juice"},{"floor":12,"key":"Strength Potion"}],"is_trial":false,"path_per_floor":["M","M","?","$","?","E","?","E","T","M","R","M","M","E","R","B"],"character_chosen":"THE_SILENT","items_purchased":["Noxious Fumes"],"campfire_rested":0,"item_purchase_floors":[4],"current_hp_per_floor":[59,59,48,48,48,48,64,41,41,39,44,44,41,39,39,0,0],"gold":231,"neow_bonus":"THREE_ENEMY_KILL","is_daily":false,"chose_seed":false,"campfire_upgraded":2,"win_rate":0.0,"timestamp":1609721246,"path_taken":["M","?","?","$","?","E","?","E","T","M","R","M","M","E","R","BOSS"],"items_purchased_type":["Card"],"build_version":"2020-12-22","purchased_purges":0,"victory":false,"max_hp_per_floor":[66,66,66,66,66,66,66,66,66,66,71,71,71,71,71,71,71],"card_choices":[{"not_picked":["PiercingWail","Underhanded Strike"],"picked":"Cloak And Dagger","floor":1},{"not_picked":["Flying Knee","Tactician"],"picked":"Slice","floor":2},{"not_picked":["Acrobatics","Backstab"],"picked":"A Thousand Cuts","floor":6},{"not_picked":["Dodge and Roll","Bane"],"picked":"Well Laid Plans","floor":8},{"not_picked":["Catalyst","Setup"],"picked":"Blade Dance","floor":10},{"not_picked":["Underhanded Strike","Sucker Punch","Quick Slash"],"picked":"SKIP","floor":12},{"not_picked":["Outmaneuver","Eviscerate"],"picked":"Blade Dance","floor":13},{"not_picked":["Heel Hook","Predator"],"picked":"Corpse Explosion","floor":14}],"player_experience":964551,"relics_obtained":[{"floor":6,"key":"Tiny Chest"},{"floor":8,"key":"CeramicFish"},{"floor":9,"key":"Orichalcum"},{"floor":14,"key":"Unceasing Top"}],"event_choices":[{"damage_healed":0,"gold_gain":0,"player_choice":"Success","damage_taken":11,"relics_obtained":["Dream Catcher"],"max_hp_gain":0,"max_hp_loss":0,"event_name":"Scrap Ooze","floor":3,"gold_loss":0},{"damage_healed":0,"gold_gain":0,"player_choice":"Grow","damage_taken":0,"max_hp_gain":0,"max_hp_loss":0,"event_name":"Living Wall","floor":5,"gold_loss":0,"cards_upgraded":["Noxious Fumes"]},{"damage_healed":16,"gold_gain":0,"player_choice":"Healed","damage_taken":0,"max_hp_gain":0,"max_hp_loss":0,"event_name":"The Cleric","floor":7,"gold_loss":35}],"is_beta":false,"boss_relics":[],"items_purged_floors":[],"is_endless":false,"potions_floor_spawned":[2,8,12],"killed_by":"The Guardian","ascension_level":20}}