{"host":"760a56s19xsdubqb","time":1609726377,"event":{"mods":["BaseMod","Minty Spire (QoL Compilation)","Quick Restart","Remove Card Discount Mod","StSLib"],"gold_per_floor":[114,129,129,119,134,134,164,264,264,279,294,309,324,339,339,439,439,454,123,138,153,168,168,198,213,238,238,253,268,283,298,298,398,398,413,74,89,104,51,66,66,96,96,126,126,126,141,156,156,156],"floor_reached":51,"playtime":10001,"items_purged":["PanicButton","Defend_R","Defend_R","Defend_R","Defend_R","Bash"],"score":891,"play_id":"f7af3c51-e0be-4ba3-9f3b-d590024dd04b","local_time":"20210103211257","daily_mods":["Allstar","Hoarder","Terminal"],"is_ascension_mode":false,"campfire_choices":[{"data":"Perfected Strike","floor":6.0,"key":"SMITH"},{"data":"Perfected Strike","floor":15.0,"key":"SMITH"},{"data":"Perfected Strike","floor":23,"key":"SMITH"},{"data":"Perfected Strike","floor":32,"key":"SMITH"},{"floor":41,"key":"REST"},{"data":"Perfected Strike","floor":49,"key":"SMITH"}],"circlet_count":0,"master_deck":["Strike_R","Strike_R","Strike_R","Strike_R","Strike_R","Thinking Ahead","Thinking Ahead","Thinking Ahead","The Bomb","The Bomb","The Bomb","PanicButton","PanicButton","Secret Weapon","Secret Weapon","Secret Weapon","Good Instincts","Good Instincts","Good Instincts","Perfected Strike+1","Perfected Strike+1","Perfected Strike+1","Rage","Rage","Rage","Perfected Strike+1","Perfected Strike+1","Perfected Strike","Wild Strike","Wild Strike","Wild Strike","Pommel Strike","Pommel Strike","Pommel Strike","Limit Break","Limit Break","Limit Break","Wild Strike","Wild Strike","Wild Strike","Inflame","Inflame","Inflame","Inflame","Inflame","Inflame","J.A.X.","J.A.X.","J.A.X.","Apotheosis","Apotheosis","Apotheosis","Perfected Strike","Perfected Strike","Perfected Strike","Twin Strike","Twin Strike","Twin Strike","Violence","Violence","Violence","Wild Strike","Wild Strike","Wild Strike"],"relics":["Burning Blood","Thread and Needle","Anchor","Busted Crown","Pear","Kunai","Omamori","Black Star","Red Skull","Strawberry","Mercury Hourglass","Peace Pipe","Dead Branch","Pen Nib"],"acts_visited":["Exordium","TheCity","TheBeyond"],"potions_floor_usage":[33,33,44,50],"damage_taken":[{"damage":0.0,"enemies":"Small Slimes","floor":1.0,"turns":3.0},{"damage":1.0,"enemies":"2 Louse","floor":2.0,"turns":2.0},{"damage":0.0,"enemies":"Cultist","floor":5.0,"turns":2.0},{"damage":4.0,"enemies":"3 Sentries","floor":7.0,"turns":5.0},{"damage":0.0,"enemies":"Gremlin Gang","floor":10.0,"turns":4.0},{"damage":0.0,"enemies":"2 Fungi Beasts","floor":11.0,"turns":2.0},{"damage":0.0,"enemies":"Exordium Wildlife","floor":12.0,"turns":3.0},{"damage":0.0,"enemies":"3 Louse","floor":13.0,"turns":3.0},{"damage":0.0,"enemies":"Red Slaver","floor":14.0,"turns":1.0},{"damage":33.0,"enemies":"Hexaghost","floor":16.0,"turns":5.0},{"damage":0.0,"enemies":"3 Byrds","floor":18.0,"turns":4.0},{"damage":0.0,"enemies":"Spheric Guardian","floor":20.0,"turns":1.0},{"damage":0,"enemies":"Shelled Parasite and Fungi","floor":21,"turns":2},{"damage":0,"enemies":"3 Cultists","floor":22,"turns":3},{"damage":0,"enemies":"Slavers","floor":24,"turns":4},{"damage":0,"enemies":"Snecko","floor":25,"turns":1},{"damage":0,"enemies":"Chosen and Byrds","floor":28,"turns":2},{"damage":0,"enemies":"Snake Plant","floor":29,"turns":2},{"damage":7,"enemies":"Sentry and Sphere","floor":30,"turns":4},{"damage":3,"enemies":"Shelled Parasite and Fungi","floor":31,"turns":3},{"damage":17,"enemies":"Collector","floor":33,"turns":5},{"damage":24,"enemies":"3 Shapes","floor":35,"turns":5},{"damage":0,"enemies":"Orb Walker","floor":37,"turns":3},{"damage":17,"enemies":"Spire Growth","floor":38,"turns":3},{"damage":1,"enemies":"Sphere and 2 Shapes","floor":40,"turns":3},{"damage":12,"enemies":"Nemesis","floor":42,"turns":3},{"damage":3,"enemies":"Reptomancer","floor":44,"turns":2},{"damage":2,"enemies":"Transient","floor":47,"turns":5},{"damage":0,"enemies":"Spire Growth","floor":48,"turns":1},{"damage":28,"enemies":"Donu and Deca","floor":50,"turns":5}],"seed_played":"4251252283042701915","potions_obtained":[{"floor":1.0,"key":"GamblersBrew"},{"floor":5.0,"key":"DistilledChaos"},{"floor":7.0,"key":"SkillPotion"},{"floor":12.0,"key":"Explosive Potion"},{"floor":18.0,"key":"AttackPotion"},{"floor":33,"key":"Ancient Potion"},{"floor":35,"key":"ElixirPotion"},{"floor":40,"key":"EntropicBrew"},{"floor":44,"key":"Regen Potion"}],"is_trial":false,"path_per_floor":["M","M","?","$","M","R","E","?","T","M","M","M","M","M","R","B",null,"M","$","M","M","M","R","E","M","T","?","M","M","M","M","R","B",null,"M","$","M","M","$","M","R","E","T","E","?","?","M","M","R","B",null],"character_chosen":"IRONCLAD","items_purchased":["Inflame","Pear","Apotheosis","Perfected Strike","Red Skull","Twin Strike"],"campfire_rested":1,"item_purchase_floors":[19,19,36,36,36,39],"current_hp_per_floor":[78,77,76,75,74,73,72,71,70,69,68,67,66,65,64,37,62,61,70,69,68,67,66,65,64,63,62,61,60,59,58,57,46,55,37,37,43,32,32,37,48,49,49,52,48,43,46,45,44,22],"gold":156,"neow_bonus":"","is_daily":true,"chose_seed":false,"campfire_upgraded":5,"win_rate":0.0,"timestamp":1609726377,"path_taken":["M","M","?","$","M","R","E","?","T","?","M","M","M","M","R","BOSS","M","$","M","M","M","R","E","?","T","?","M","M","M","M","R","BOSS","M","$","M","M","$","M","R","E","T","E","?","?","M","M","R","BOSS"],"items_purchased_type":["Card","Relic","Card","Card","Relic","Card"],"build_version":"2020-12-22","purchased_purges":6,"victory":true,"max_hp_per_floor":[78,77,76,75,74,73,72,71,70,69,68,67,66,65,64,63,62,61,70,69,68,67,66,65,64,63,62,61,60,59,58,57,56,55,54,53,52,51,50,49,48,54,53,52,48,47,46,45,44,43],"card_choices":[{"not_picked":["Hemokinesis","Iron Wave","Twin Strike"],"picked":"SKIP","floor":1.0},{"not_picked":["Armaments","Anger"],"picked":"Perfected Strike","floor":2.0},{"not_picked":["Clothesline","Burning Pact"],"picked":"Rage","floor":5.0},{"not_picked":["Clash","Warcry"],"picked":"Perfected Strike","floor":7.0},{"not_picked":["Flex","Cleave"],"picked":"Wild Strike","floor":10.0},{"not_picked":["Flame Barrier","Twin Strike"],"picked":"Pommel Strike","floor":11.0},{"not_picked":["Havoc","Sever Soul","Whirlwind"],"picked":"SKIP","floor":12.0},{"not_picked":["Warcry","Sword Boomerang","Rupture"],"picked":"SKIP","floor":13.0},{"not_picked":["Corruption","Burning Pact","True Grit"],"picked":"SKIP","floor":14.0},{"not_picked":["Brutality","Berserk"],"picked":"Limit Break","floor":16.0},{"not_picked":[],"picked":"Wild Strike","floor":18.0},{"not_picked":["Iron Wave"],"picked":"SKIP","floor":20.0},{"not_picked":["Anger+1"],"picked":"SKIP","floor":21},{"not_picked":["True Grit+1"],"picked":"SKIP","floor":22},{"not_picked":["Shrug It Off"],"picked":"SKIP","floor":24},{"not_picked":[],"picked":"Inflame","floor":25},{"not_picked":["Berserk"],"picked":"SKIP","floor":28},{"not_picked":["Iron Wave"],"picked":"SKIP","floor":29},{"not_picked":["Clash"],"picked":"SKIP","floor":30},{"not_picked":["Clothesline"],"picked":"SKIP","floor":31},{"not_picked":["Battle Trance"],"picked":"SKIP","floor":35},{"not_picked":["Body Slam+1"],"picked":"SKIP","floor":37},{"not_picked":["Anger+1"],"picked":"SKIP","floor":38},{"not_picked":["Reckless Charge+1"],"picked":"SKIP","floor":40},{"not_picked":["Battle Trance+1"],"picked":"SKIP","floor":42},{"not_picked":["Cleave+1"],"picked":"SKIP","floor":44},{"not_picked":[],"picked":"Violence","floor":46},{"not_picked":["Warcry"],"picked":"SKIP","floor":47},{"not_picked":[],"picked":"Wild Strike","floor":48}],"player_experience":930360,"relics_obtained":[{"floor":7.0,"key":"Thread and Needle"},{"floor":9.0,"key":"Anchor"},{"floor":24,"key":"Kunai"},{"floor":26,"key":"Omamori"},{"floor":42,"key":"Strawberry"},{"floor":42,"key":"Mercury Hourglass"},{"floor":43,"key":"Peace Pipe"},{"floor":44,"key":"Dead Branch"},{"floor":44,"key":"Pen Nib"}],"event_choices":[{"damage_healed":0.0,"max_hp_gain":0.0,"max_hp_loss":0.0,"gold_gain":0.0,"event_name":"The Cleric","player_choice":"Leave","floor":3.0,"gold_loss":0.0,"damage_taken":0.0},{"damage_healed":0.0,"max_hp_gain":0.0,"max_hp_loss":0.0,"gold_gain":100.0,"event_name":"Golden Shrine","player_choice":"Pray","floor":8.0,"gold_loss":0.0,"damage_taken":0.0},{"damage_healed":0,"gold_gain":0,"player_choice":"Obtain J.A.X.","damage_taken":0,"max_hp_gain":0,"max_hp_loss":0,"event_name":"Drug Dealer","floor":27,"gold_loss":0,"cards_obtained":["J.A.X."]},{"damage_healed":0,"gold_gain":0,"player_choice":"Max HP","damage_taken":0,"max_hp_gain":0,"max_hp_loss":3,"event_name":"Winding Halls","floor":45,"gold_loss":0},{"damage_healed":0,"gold_gain":0,"player_choice":"Memory 2","damage_taken":5,"max_hp_gain":0,"max_hp_loss":0,"event_name":"SensoryStone","floor":46,"gold_loss":0}],"is_beta":false,"boss_relics":[{"not_picked":["Fusion Hammer","SacredBark"],"picked":"Busted Crown"},{"not_picked":["Sozu","Tiny House"],"picked":"Black Star"}],"items_purged_floors":[4,4,4,4,4,19],"is_endless":false,"potions_floor_spawned":[1,5,7,12,16,18,20,30,33,35,40,44,48],"ascension_level":0}}