{"host":"esx1hwjnbftf3eqj","time":1609725203,"event":{"mods":["BaseMod","Colored Map","Minty Spire (QoL Compilation)","StSLib","The Jungle"],"gold_per_floor":[217,69,81,94,107,107,124,142,142,176,176,176,191,235,235,235,235],"floor_reached":16,"playtime":1118,"items_purged":[],"score":209,"play_id":"cab5d02a-06dd-4622-95f6-3eb9b8485cc4","local_time":"20210103175323","is_ascension_mode":true,"campfire_choices":[{"data":"Battle Trance","floor":6,"key":"SMITH"},{"data":"Intimidate","floor":12,"key":"SMITH"},{"data":"Whirlwind","floor":15,"key":"SMITH"}],"circlet_count":0,"master_deck":["AscendersBane","Strike_R","Strike_R","Strike_R","Strike_R","Strike_R","Defend_R","Defend_R","Defend_R","Defend_R","Bash","Intimidate+1","Battle Trance+1","Pummel","Thunderclap","Dark Embrace","Whirlwind+1","Pommel Strike"],"relics":["Burning Blood","PreservedInsect","Mummified Hand","Bag of Marbles","Golden Idol","Ornamental Fan"],"acts_visited":["Exordium"],"potions_floor_usage":[10,14,14,14],"damage_taken":[{"damage":11,"enemies":"Cultist","floor":1,"turns":4},{"damage":1,"enemies":"2 Louse","floor":3,"turns":4},{"damage":8,"enemies":"Small Slimes","floor":4,"turns":4},{"damage":5,"enemies":"2 Fungi Beasts","floor":5,"turns":6},{"damage":20,"enemies":"3 Louse","floor":7,"turns":4},{"damage":22,"enemies":"Large Slime","floor":8,"turns":6},{"damage":20,"enemies":"Lagavulin","floor":10,"turns":8},{"damage":4,"enemies":"Exordium Wildlife","floor":13,"turns":3},{"damage":6,"enemies":"3 Sentries","floor":14,"turns":3},{"damage":31,"enemies":"Slime Boss","floor":16,"turns":7}],"seed_played":"4475630556074731888","potions_obtained":[{"floor":3,"key":"SkillPotion"},{"floor":5,"key":"AttackPotion"},{"floor":8,"key":"FearPotion"},{"floor":13,"key":"SkillPotion"}],"is_trial":false,"path_per_floor":["M","$","M","M","M","R","M","M","T","E","?","R","M","E","R","B"],"character_chosen":"IRONCLAD","items_purchased":["PreservedInsect"],"campfire_rested":0,"item_purchase_floors":[2],"current_hp_per_floor":[67,67,72,70,71,71,57,41,41,27,27,27,29,29,29,0,0],"gold":235,"neow_bonus":"HUNDRED_GOLD","is_daily":false,"chose_seed":false,"campfire_upgraded":3,"win_rate":0.0,"timestamp":1609725203,"path_taken":["M","$","M","M","M","R","M","M","T","E","?","R","M","E","R","BOSS"],"items_purchased_type":["Relic"],"build_version":"2020-12-22","purchased_purges":0,"victory":false,"max_hp_per_floor":[80,80,80,80,80,80,80,80,80,80,74,74,74,74,74,74,74],"card_choices":[{"not_picked":["Havoc","Shrug It Off"],"picked":"Intimidate","floor":1},{"not_picked":["Hemokinesis","Spot Weakness","Dark Embrace"],"picked":"SKIP","floor":3},{"not_picked":["Clash","Twin Strike"],"picked":"Battle Trance","floor":4},{"not_picked":["Body Slam","Twin Strike","Wild Strike"],"picked":"SKIP","floor":5},{"not_picked":["Perfected Strike","Dark Embrace"],"picked":"Pummel","floor":7},{"not_picked":["Sentinel","Dark Embrace"],"picked":"Thunderclap","floor":8},{"not_picked":["Anger","Fire Breathing"],"picked":"Dark Embrace","floor":10},{"not_picked":["Twin Strike","Metallicize"],"picked":"Whirlwind","floor":13},{"not_picked":["Clothesline","Searing Blow"],"picked":"Pommel Strike","floor":14}],"player_experience":634667,"relics_obtained":[{"floor":9,"key":"Mummified Hand"},{"floor":10,"key":"Bag of Marbles"},{"floor":14,"key":"Ornamental Fan"}],"event_choices":[{"damage_healed":0,"gold_gain":0,"player_choice":"Lose Max HP","damage_taken":0,"relics_obtained":["Golden Idol"],"max_hp_gain":0,"max_hp_loss":6,"event_name":"Golden Idol","floor":11,"gold_loss":0}],"is_beta":false,"boss_relics":[],"items_purged_floors":[],"is_endless":false,"potions_floor_spawned":[3,5,8,13],"killed_by":"Slime Boss","ascension_level":10}}