{"host":"tw7a6rmo9h75ssrt","time":1609744337,"event":{"mods":["AchievementEnabler","Act Like it!","BaseMod","Colored Map","Highlight Path","Minty Spire (QoL Compilation)","Permanent Neow","Quick Restart","Relic Stats","SuperFastMode"],"gold_per_floor":[118,134,59,9,9,41,41,54,102,102,115,130,130,147,147,251,251,251,206,206,206,131,131,31,31,31,31,31,31,31,31,31,31,31,31,31,31,31,31,31,31,31,31,31,31,31,31,31,31,31],"floor_reached":51,"playtime":3327,"items_purged":["Strike_R","Strike_R"],"score":1398,"play_id":"6ab782ae-54ac-416c-b27a-efa2af07e7e2","local_time":"20210104151217","is_ascension_mode":true,"campfire_choices":[{"data":"Ghostly Armor","floor":7.0,"key":"SMITH"},{"data":"Searing Blow","floor":10.0,"key":"SMITH"},{"data":"Searing Blow+1","floor":13.0,"key":"SMITH"},{"data":"Bludgeon","floor":15.0,"key":"SMITH"},{"data":"Searing Blow+2","floor":23.0,"key":"SMITH"},{"data":"Searing Blow+3","floor":27.0,"key":"SMITH"},{"data":"Double Tap","floor":32.0,"key":"SMITH"},{"data":"Searing Blow+4","floor":40.0,"key":"SMITH"},{"data":"Searing Blow+5","floor":42.0,"key":"SMITH"},{"data":"Searing Blow+6","floor":44.0,"key":"SMITH"},{"data":"Searing Blow+7","floor":49,"key":"SMITH"}],"circlet_count":0,"master_deck":["AscendersBane","Strike_R","Defend_R","Defend_R+1","Defend_R+1","Bash","Ghostly Armor+1","Searing Blow+8","Bludgeon+1","Barricade","Shrug It Off+1","Double Tap+1","Impervious","Carnage","Impervious"],"relics":["Snecko Eye","MealTicket","War Paint","Ectoplasm","Pantograph","Red Mask","Strawberry","Runic Cube","Self Forming Clay","Bird Faced Urn","Omamori","Thread and Needle","Oddly Smooth Stone"],"acts_visited":["Exordium","TheCity","TheBeyond"],"potions_floor_usage":[],"damage_taken":[{"damage":7.0,"enemies":"Small Slimes","floor":1.0,"turns":3.0},{"damage":7.0,"enemies":"Jaw Worm","floor":2.0,"turns":3.0},{"damage":28.0,"enemies":"Gremlin Nob","floor":6.0,"turns":4.0},{"damage":1.0,"enemies":"Cultist","floor":8.0,"turns":3.0},{"damage":0.0,"enemies":"Blue Slaver","floor":11.0,"turns":2.0},{"damage":9.0,"enemies":"Exordium Wildlife","floor":12.0,"turns":3.0},{"damage":0.0,"enemies":"2 Fungi Beasts","floor":14.0,"turns":2.0},{"damage":11.0,"enemies":"Hexaghost","floor":16.0,"turns":4.0},{"damage":0.0,"enemies":"Chosen","floor":18.0,"turns":3.0},{"damage":4.0,"enemies":"2 Thieves","floor":19.0,"turns":3.0},{"damage":6.0,"enemies":"Centurion and Healer","floor":21.0,"turns":5.0},{"damage":0.0,"enemies":"Cultist and Chosen","floor":28.0,"turns":3.0},{"damage":5.0,"enemies":"Masked Bandits","floor":29.0,"turns":4.0},{"damage":0.0,"enemies":"Snake Plant","floor":31.0,"turns":2.0},{"damage":0.0,"enemies":"Collector","floor":33.0,"turns":5.0},{"damage":10.0,"enemies":"3 Darklings","floor":35.0,"turns":6.0},{"damage":8.0,"enemies":"3 Shapes","floor":36.0,"turns":4.0},{"damage":0.0,"enemies":"Writhing Mass","floor":38.0,"turns":6.0},{"damage":5.0,"enemies":"Giant Head","floor":41.0,"turns":5.0},{"damage":0,"enemies":"Nemesis","floor":45,"turns":7},{"damage":3,"enemies":"Mind Bloom Boss Battle","floor":46,"turns":3},{"damage":0,"enemies":"Giant Head","floor":47,"turns":3},{"damage":0,"enemies":"Awakened One","floor":50,"turns":5}],"seed_played":"-7687126447193099415","potions_obtained":[{"floor":6.0,"key":"CultistPotion"},{"floor":8.0,"key":"Dexterity Potion"},{"floor":16.0,"key":"PowerPotion"},{"floor":19.0,"key":"Block Potion"},{"floor":28.0,"key":"SpeedPotion"},{"floor":31.0,"key":"SpeedPotion"},{"floor":36.0,"key":"Weak Potion"}],"is_trial":false,"path_per_floor":["M","M","$","?","?","E","R","M","T","R","M","M","R","M","R","B",null,"M","M","?","M","?","R","$","$","T","R","M","?","T","M","R","B",null,"M","M","?","M","$","R","E","R","T","R","E","?","E","?","R","B",null],"character_chosen":"IRONCLAD","items_purchased":[],"campfire_rested":0,"item_purchase_floors":[],"current_hp_per_floor":[65,58,58,58,80,52,52,51,51,51,51,42,42,42,42,31,68,68,64,64,58,58,58,73,80,80,80,80,75,82,82,82,87,87,77,69,69,69,84,84,79,79,79,79,81,84,86,86,86,87],"gold":31,"neow_bonus":"BOSS_RELIC","is_daily":false,"chose_seed":false,"campfire_upgraded":11,"win_rate":0.0,"timestamp":1609744337,"path_taken":["M","M","$","?","?","E","R","M","T","R","M","?","R","M","R","BOSS","M","M","?","?","?","R","?","$","T","R","M","?","?","M","R","BOSS","M","M","?","M","$","R","E","R","T","R","E","?","E","?","R","BOSS"],"items_purchased_type":[],"build_version":"2020-12-22","purchased_purges":2,"victory":true,"max_hp_per_floor":[80,80,80,80,80,80,80,80,80,80,80,80,80,80,80,80,80,80,80,80,80,80,80,80,80,80,80,80,80,87,87,87,87,87,87,87,87,87,87,87,87,87,87,87,87,87,87,87,87,87],"relic_stats":{"counters":[23,88],"Self Forming Clay":[0],"Pantograph":12,"Bird Faced Urn":[4],"Snecko Eye":[173,162,132,134],"MealTicket":37,"Ectoplasm":634,"War Paint":["Defend_R","Defend_R"],"obtain_stats":[{"Self Forming Clay":41,"Oddly Smooth Stone":47,"Thread and Needle":46,"Omamori":45,"War Paint":9,"Burning Blood":0,"Pantograph":26,"Strawberry":30,"Bird Faced Urn":43,"Snecko Eye":0,"MealTicket":6,"Ectoplasm":17,"Red Mask":29,"Runic Cube":34},{"Self Forming Clay":19,"Oddly Smooth Stone":22,"Thread and Needle":21,"Omamori":20,"War Paint":4,"Burning Blood":0,"Pantograph":11,"Strawberry":13,"Bird Faced Urn":19,"Snecko Eye":0,"MealTicket":3,"Ectoplasm":8,"Red Mask":13,"Runic Cube":15},{"Self Forming Clay":70,"Oddly Smooth Stone":83,"Thread and Needle":80,"Omamori":77,"War Paint":13,"Burning Blood":0,"Pantograph":35,"Strawberry":42,"Bird Faced Urn":70,"Snecko Eye":0,"MealTicket":10,"Ectoplasm":24,"Red Mask":42,"Runic Cube":49}],"Runic Cube":[5]},"card_choices":[{"not_picked":["Clothesline","Infernal Blade","Warcry"],"picked":"SKIP","floor":1.0},{"not_picked":["Pommel Strike","Cleave","Flex"],"picked":"SKIP","floor":2.0},{"not_picked":["Body Slam","Dark Embrace"],"picked":"Ghostly Armor","floor":6.0},{"not_picked":["Spot Weakness","True Grit"],"picked":"Searing Blow","floor":8.0},{"not_picked":["Iron Wave","Disarm","Combust"],"picked":"SKIP","floor":11.0},{"not_picked":["Heavy Blade","Rampage","Bloodletting"],"picked":"SKIP","floor":12.0},{"not_picked":["Blood for Blood","Anger"],"picked":"Bludgeon","floor":14.0},{"not_picked":["Impervious","Corruption"],"picked":"Barricade","floor":16.0},{"not_picked":["Twin Strike","Havoc","Sword Boomerang"],"picked":"SKIP","floor":18.0},{"not_picked":["Rage","Twin Strike","Clash"],"picked":"SKIP","floor":19.0},{"not_picked":["Pommel Strike","Armaments","Sword Boomerang+1"],"picked":"SKIP","floor":21.0},{"not_picked":["Dark Embrace+1","Sword Boomerang","Combust"],"picked":"SKIP","floor":28.0},{"not_picked":["Disarm","True Grit"],"picked":"Shrug It Off+1","floor":29.0},{"not_picked":["Hemokinesis","Clothesline"],"picked":"Double Tap","floor":31.0},{"not_picked":["Brutality","Demon Form"],"picked":"Impervious","floor":33.0},{"not_picked":["Power Through","Rampage+1"],"picked":"Carnage","floor":35.0},{"not_picked":["Armaments","Sword Boomerang+1","True Grit"],"picked":"SKIP","floor":36.0},{"not_picked":["Body Slam","Armaments","Whirlwind+1"],"picked":"SKIP","floor":38.0},{"not_picked":["Reckless Charge","Clash"],"picked":"Impervious","floor":41.0},{"not_picked":["Rage","Burning Pact","Anger"],"picked":"SKIP","floor":45},{"not_picked":["Rupture","Clothesline","Armaments"],"picked":"SKIP","floor":47}],"player_experience":100045,"relics_obtained":[{"floor":6.0,"key":"MealTicket"},{"floor":9.0,"key":"War Paint"},{"floor":26.0,"key":"Pantograph"},{"floor":29.0,"key":"Red Mask"},{"floor":30.0,"key":"Strawberry"},{"floor":41.0,"key":"Self Forming Clay"},{"floor":43.0,"key":"Bird Faced Urn"},{"floor":45,"key":"Omamori"},{"floor":46,"key":"Thread and Needle"},{"floor":47,"key":"Oddly Smooth Stone"}],"event_choices":[{"cards_removed":["Strike_R"],"damage_healed":0.0,"max_hp_gain":0.0,"max_hp_loss":0.0,"gold_gain":0.0,"event_name":"The Cleric","player_choice":"Card Removal","floor":4.0,"gold_loss":50.0,"damage_taken":0.0},{"damage_healed":26.0,"max_hp_gain":0.0,"max_hp_loss":0.0,"gold_gain":0.0,"event_name":"Big Fish","player_choice":"Banana","floor":5.0,"gold_loss":0.0,"damage_taken":0.0},{"damage_healed":0.0,"max_hp_gain":0.0,"max_hp_loss":0.0,"gold_gain":0.0,"event_name":"Golden Shrine","player_choice":"Ignored","floor":20.0,"gold_loss":0.0,"damage_taken":0.0},{"cards_removed":["Strike_R"],"damage_healed":0.0,"max_hp_gain":0.0,"max_hp_loss":0.0,"gold_gain":0.0,"event_name":"Beggar","player_choice":"Gave Gold","floor":22.0,"gold_loss":75.0,"damage_taken":0.0},{"damage_healed":0.0,"max_hp_gain":0.0,"max_hp_loss":0.0,"gold_gain":0.0,"event_name":"Masked Bandits","player_choice":"Fought Bandits","floor":29.0,"gold_loss":0.0,"damage_taken":0.0},{"damage_healed":0.0,"max_hp_gain":0.0,"max_hp_loss":0.0,"gold_gain":222.0,"event_name":"Tomb of Lord Red Mask","player_choice":"Wore Mask","floor":37.0,"gold_loss":0.0,"damage_taken":0.0},{"damage_healed":0,"gold_gain":0,"player_choice":"Fight","damage_taken":0,"max_hp_gain":0,"max_hp_loss":0,"event_name":"MindBloom","floor":46,"gold_loss":0},{"cards_removed":["Defend_R"],"damage_healed":0,"gold_gain":0,"player_choice":"Removed Skill","damage_taken":0,"max_hp_gain":0,"max_hp_loss":0,"event_name":"Falling","floor":48,"gold_loss":0}],"is_beta":false,"boss_relics":[{"not_picked":["Runic Pyramid","Runic Dome"],"picked":"Ectoplasm"},{"not_picked":["Tiny House","Coffee Dripper"],"picked":"Runic Cube"}],"items_purged_floors":[3,24],"is_endless":false,"potions_floor_spawned":[6,8,16,19,28,31,36,41,45],"ascension_level":12}}