{"host":"7gewg82ormp6yt4e","time":1609764471,"event":{"mods":["BaseMod","Block Reminder","Colored Map","Colored Powertips","DeckTracker","Highlight Path","Minty Spire (QoL Compilation)","Relic Stats","StSLib","ojb\u0027s Info Mod"],"gold_per_floor":[113,63,76,88,100,100,143,143,170,90,90,90,158,158,158,241,241,264,179,179,207,207,207],"floor_reached":22,"playtime":691,"items_purged":[],"score":364,"play_id":"7f09264e-5411-45ba-b3a3-11792c275bd4","local_time":"20210104214751","is_ascension_mode":true,"campfire_choices":[{"data":"Streamline","floor":6,"key":"SMITH"},{"data":"Barrage","floor":8,"key":"SMITH"},{"data":"Rainbow","floor":12,"key":"SMITH"},{"data":"Conserve Battery","floor":15,"key":"SMITH"}],"circlet_count":0,"master_deck":["AscendersBane","Strike_B","Strike_B","Strike_B","Strike_B","Defend_B","Defend_B","Defend_B","Defend_B","Zap","Dualcast","Rainbow+1","Conserve Battery+1","Streamline+1","Ball Lightning","Barrage+1","Capacitor","Capacitor","Multi-Cast","Defragment","Aggregate"],"relics":["Cracked Core","CeramicFish","Oddly Smooth Stone","Strawberry","Velvet Choker","HornCleat"],"acts_visited":["Exordium","TheCity"],"potions_floor_usage":[7,7,7,16,16,16,18,21],"damage_taken":[{"damage":1,"enemies":"Cultist","floor":1,"turns":4},{"damage":3,"enemies":"2 Louse","floor":3,"turns":2},{"damage":0,"enemies":"Small Slimes","floor":4,"turns":3},{"damage":9,"enemies":"Blue Slaver","floor":5,"turns":3},{"damage":20,"enemies":"Lagavulin","floor":7,"turns":6},{"damage":10,"enemies":"The Guardian","floor":16,"turns":8},{"damage":30,"enemies":"Shell Parasite","floor":18,"turns":5},{"damage":6,"enemies":"3 Byrds","floor":21,"turns":4},{"damage":21,"enemies":"Shelled Parasite and Fungi","floor":22,"turns":1}],"seed_played":"7403958062641804394","potions_obtained":[{"floor":4,"key":"Regen Potion"},{"floor":5,"key":"EntropicBrew"},{"floor":7,"key":"EntropicBrew"},{"floor":18,"key":"LiquidBronze"}],"is_trial":false,"path_per_floor":["M","$","M","M","M","R","E","R","T","$","?","R","?","?","R","B",null,"M","?","?","M","M"],"character_chosen":"DEFECT","items_purchased":["Streamline","Capacitor"],"campfire_rested":0,"item_purchase_floors":[2,10],"current_hp_per_floor":[63,63,60,60,51,51,46,46,46,46,35,35,35,35,35,25,65,35,35,13,7,0,0],"gold":207,"neow_bonus":"ONE_RANDOM_RARE_CARD","is_daily":false,"chose_seed":false,"campfire_upgraded":4,"win_rate":0.0,"timestamp":1609764471,"path_taken":["M","$","?","M","?","R","E","R","T","$","?","R","?","?","R","BOSS","M","?","?","M","M"],"items_purchased_type":["Card","Card"],"build_version":"2020-12-22","purchased_purges":0,"victory":false,"max_hp_per_floor":[71,71,71,71,71,71,71,71,71,71,78,78,78,78,78,78,78,78,78,83,83,83,83],"relic_stats":{"counters":[9,36],"CeramicFish":45,"obtain_stats":[{"HornCleat":19,"CeramicFish":7,"Strawberry":11,"Oddly Smooth Stone":9,"Velvet Choker":17,"Cracked Core":0},{"HornCleat":7,"CeramicFish":5,"Strawberry":5,"Oddly Smooth Stone":5,"Velvet Choker":6,"Cracked Core":0},{"HornCleat":31,"CeramicFish":18,"Strawberry":18,"Oddly Smooth Stone":18,"Velvet Choker":26,"Cracked Core":0}]},"card_choices":[{"not_picked":["Beam Cell","White Noise"],"picked":"Conserve Battery","floor":1},{"not_picked":["Redo","Fusion","Streamline"],"picked":"SKIP","floor":3},{"not_picked":["Capacitor","Leap"],"picked":"Ball Lightning","floor":4},{"not_picked":["Loop","Auto Shields"],"picked":"Barrage","floor":5},{"not_picked":["White Noise","Go for the Eyes"],"picked":"Capacitor","floor":7},{"not_picked":["Rainbow","All For One"],"picked":"Multi-Cast","floor":16},{"not_picked":["Sweeping Beam","Leap"],"picked":"Defragment","floor":18},{"not_picked":["Go for the Eyes","Conserve Battery"],"picked":"Aggregate","floor":21}],"player_experience":2458029,"relics_obtained":[{"floor":7,"key":"CeramicFish"},{"floor":9,"key":"Oddly Smooth Stone"}],"event_choices":[{"damage_healed":0,"gold_gain":0,"player_choice":"Success","damage_taken":18,"relics_obtained":["Strawberry"],"max_hp_gain":0,"max_hp_loss":0,"event_name":"Scrap Ooze","floor":11,"gold_loss":0},{"damage_healed":0,"gold_gain":68,"player_choice":"Gained Gold","damage_taken":0,"max_hp_gain":0,"max_hp_loss":0,"event_name":"Golden Wing","floor":13,"gold_loss":0},{"damage_healed":0,"gold_gain":0,"player_choice":"Ignored","damage_taken":0,"max_hp_gain":0,"max_hp_loss":0,"event_name":"Liars Game","floor":14,"gold_loss":0},{"damage_healed":0,"gold_gain":0,"player_choice":"Obtained Relic","damage_taken":0,"relics_obtained":["HornCleat"],"max_hp_gain":0,"max_hp_loss":0,"event_name":"Addict","floor":19,"gold_loss":85},{"damage_healed":0,"gold_gain":0,"player_choice":"Shed Blood","damage_taken":27,"max_hp_gain":5,"max_hp_loss":0,"event_name":"Forgotten Altar","floor":20,"gold_loss":0}],"is_beta":false,"boss_relics":[{"not_picked":["Busted Crown","Coffee Dripper"],"picked":"Velvet Choker"}],"items_purged_floors":[],"is_endless":false,"potions_floor_spawned":[4,5,7,18],"killed_by":"Shelled Parasite and Fungi","ascension_level":20}}