{"host":"soyfmymeou4emntr","time":1609742972,"event":{"mods":["BaseMod","Minty Spire (QoL Compilation)","Relic Sorter","Relic Stats","StSLib"],"gold_per_floor":[114,124,140,140,65,65,96,21,21,21,21],"floor_reached":10,"playtime":626,"items_purged":["Strike_P"],"score":132,"play_id":"73dcb5b6-33c8-4187-ae7e-09a0b78ae428","local_time":"20210103234932","is_ascension_mode":true,"campfire_choices":[{"data":"Vigilance","floor":6,"key":"SMITH"}],"circlet_count":0,"master_deck":["AscendersBane","Strike_P","Strike_P","Defend_P","Defend_P","Defend_P","Eruption","Vigilance+1","BowlingBash","EmptyFist","ThirdEye","MasterReality"],"relics":["Snecko Eye","Sundial","Blue Candle"],"acts_visited":["Exordium"],"potions_floor_usage":[7],"damage_taken":[{"damage":2,"enemies":"Jaw Worm","floor":1,"turns":3},{"damage":6,"enemies":"2 Louse","floor":2,"turns":2},{"damage":7,"enemies":"Small Slimes","floor":3,"turns":4},{"damage":13,"enemies":"Lagavulin","floor":7,"turns":7},{"damage":29,"enemies":"Gremlin Nob","floor":10,"turns":3}],"seed_played":"-5714082650101702804","potions_obtained":[{"floor":3,"key":"Energy Potion"}],"is_trial":false,"path_per_floor":["M","M","M","?","?","R","E","$","T","E"],"character_chosen":"WATCHER","items_purchased":[],"campfire_rested":0,"item_purchase_floors":[],"current_hp_per_floor":[59,53,46,39,39,39,26,26,26,0,0],"gold":21,"neow_bonus":"BOSS_RELIC","is_daily":false,"chose_seed":false,"campfire_upgraded":1,"win_rate":0.0,"timestamp":1609742972,"path_taken":["M","M","M","?","?","R","E","?","T","E"],"items_purchased_type":[],"build_version":"2020-12-22","purchased_purges":1,"victory":false,"max_hp_per_floor":[68,68,68,68,68,68,68,68,68,68,68],"relic_stats":{"counters":[5,19],"Sundial":[0],"Blue Candle":[0],"Snecko Eye":[32,27,36,33],"obtain_stats":[{"Sundial":7,"Blue Candle":9,"Snecko Eye":0,"PureWater":0},{"Sundial":4,"Blue Candle":4,"Snecko Eye":0,"PureWater":0},{"Sundial":16,"Blue Candle":16,"Snecko Eye":0,"PureWater":0}]},"card_choices":[{"not_picked":["EmptyBody","Collect"],"picked":"BowlingBash","floor":1},{"not_picked":["Halt","BowlingBash"],"picked":"EmptyFist","floor":2},{"not_picked":["CutThroughFate","Collect"],"picked":"ThirdEye","floor":3},{"not_picked":["PathToVictory","Prostrate"],"picked":"MasterReality","floor":7}],"player_experience":2795246,"relics_obtained":[{"floor":7,"key":"Sundial"},{"floor":9,"key":"Blue Candle"}],"event_choices":[{"cards_removed":["Strike_P"],"damage_healed":0,"gold_gain":0,"player_choice":"Card Removal","damage_taken":7,"max_hp_gain":0,"max_hp_loss":0,"event_name":"Golden Wing","floor":4,"gold_loss":0},{"cards_removed":["Defend_P"],"damage_healed":0,"gold_gain":0,"player_choice":"Card Removal","damage_taken":0,"max_hp_gain":0,"max_hp_loss":0,"event_name":"The Cleric","floor":5,"gold_loss":75}],"is_beta":false,"boss_relics":[],"items_purged_floors":[8],"is_endless":false,"potions_floor_spawned":[3],"killed_by":"Gremlin Nob","ascension_level":20}}