{"host":"27tk4xseidcli2mr","time":1609782748,"event":{"mods":["2.2 Compatiblity","AchievementEnabler","Aspiration","BaseMod","Better Third Choice","Conspire","Custom Start","Downfall","Hubris","Infinite Spire","Jorbs\u0027s Wanderer Trilogy","Minty Spire (QoL Compilation)","Replay The Spire","StSLib","SuperFastMode","[IsaacMod]????"],"gold_per_floor":[117,140,158,158,191,191,241,241,293,329,329,346,346,694,694,804,804,841,883,883],"floor_reached":19,"playtime":638,"items_purged":[],"score":224,"play_id":"c554e589-ac68-4583-93f1-8f95d08789e7","local_time":"20210104185228","is_ascension_mode":true,"campfire_choices":[{"data":"hexamod:Incineration","floor":6.0,"key":"SMITH"},{"floor":8.0,"key":"REST"},{"floor":11.0,"key":"REST"},{"floor":15.0,"key":"REST"}],"circlet_count":0,"master_deck":["Strike_P","Strike_P","Strike_P","Strike_P","Defend_P","Defend_P","Defend_P","Defend_P","Eruption","Prostrate","hexamod:RainOfEmbers","hexamod:Incineration+1","Bash","Swivel","Omniscience","DevaForm","Replay:BluntJabs"],"relics":["HushsDoor","SalivaCoin","aspiration:Nostalgia","m_HexaRing","Replay:M_SmolderingBlood","Bag of Marbles","hubris:OldNail","BloodDonationMachine","Old Coin","conspire:SpecialSausage"],"acts_visited":["Exordium","TheCity"],"potions_floor_usage":[],"damage_taken":[{"damage":14.0,"enemies":"Small Slimes","floor":1.0,"turns":3.0},{"damage":2.0,"enemies":"Jaw Worm","floor":2.0,"turns":4.0},{"damage":0.0,"enemies":"Cultist","floor":3.0,"turns":3.0},{"damage":16.0,"enemies":"3 Louse","floor":5.0,"turns":4.0},{"damage":33.0,"enemies":"Lagavulin","floor":7.0,"turns":6.0},{"damage":8.0,"enemies":"Gremlin Nob","floor":10.0,"turns":3.0},{"damage":9.0,"enemies":"Red Slaver","floor":12.0,"turns":4.0},{"damage":13.0,"enemies":"Lagavulin","floor":14.0,"turns":4.0},{"damage":10.0,"enemies":"Slime Boss","floor":16.0,"turns":5.0},{"damage":27.0,"enemies":"Spheric Guardian","floor":18.0,"turns":5.0},{"damage":65,"enemies":"Masked Bandits","floor":19,"turns":3}],"seed_played":"-3255365067129684738","potions_obtained":[{"floor":1.0,"key":"Reflective Coating"},{"floor":2.0,"key":"BottledMiracle"},{"floor":7.0,"key":"Toxic Potion"},{"floor":14.0,"key":"Venom Potion"}],"is_trial":false,"path_per_floor":["M","M","M","?","M","R","E","R","T","E","R","M","?","E","R","B",null,"M","?"],"character_chosen":"WATCHER","items_purchased":[],"campfire_rested":3,"item_purchase_floors":[],"current_hp_per_floor":[58,56,56,56,40,40,7,28,28,20,41,32,32,19,40,30,72,45,0,0],"gold":883,"neow_bonus":"NOSTALGIA","is_daily":false,"chose_seed":false,"campfire_upgraded":1,"win_rate":0.0,"timestamp":1609782748,"path_taken":["M","M","M","?","M","R","E","R","T","E","R","?","?","E","R","BOSS","M","?"],"items_purchased_type":[],"build_version":"2020-12-22","purchased_purges":0,"victory":false,"max_hp_per_floor":[72,72,72,72,72,72,72,72,72,72,72,72,72,72,72,72,72,72,72,72],"card_choices":[{"not_picked":["SignatureMove","Replay:Cycle"],"picked":"Prostrate","floor":1.0},{"not_picked":["CutThroughFate","Wraith Form v2"],"picked":"hexamod:RainOfEmbers","floor":2.0},{"not_picked":["ThirdEye","CrushJoints"],"picked":"hexamod:Incineration","floor":3.0},{"not_picked":["CrushJoints","Replay:Vibes","ClearTheMind"],"picked":"SKIP","floor":5.0},{"not_picked":["Headbutt","Wraith Form v2","Carnage"],"picked":"SKIP","floor":7.0},{"not_picked":["Clash","LikeWater","Poisoned Stab"],"picked":"SKIP","floor":10.0},{"not_picked":["Sanctity","Bouncing Flask"],"picked":"Swivel","floor":12.0},{"not_picked":["ThirdEye","JustLucky"],"picked":"Omniscience","floor":14.0},{"not_picked":["Establishment","Corpse Explosion"],"picked":"DevaForm","floor":16.0},{"not_picked":["Replay:AtTheReady","JustLucky"],"picked":"Replay:BluntJabs","floor":18.0}],"player_experience":1264562,"relics_obtained":[{"floor":7.0,"key":"Bag of Marbles"},{"floor":9.0,"key":"hubris:OldNail"},{"floor":10.0,"key":"BloodDonationMachine"},{"floor":14.0,"key":"Old Coin"}],"event_choices":[{"damage_healed":0,"gold_gain":0,"player_choice":"Fought Bandits","damage_taken":0,"max_hp_gain":0,"max_hp_loss":0,"event_name":"Masked Bandits","floor":19,"gold_loss":0}],"is_beta":false,"boss_relics":[{"not_picked":["aspiration:DefectSkillbook","Ectoplasm"],"picked":"conspire:SpecialSausage"},{"not_picked":[]}],"items_purged_floors":[],"is_endless":false,"potions_floor_spawned":[1,2,7,14],"killed_by":"Masked Bandits","ascension_level":4}}