{"host":"15dd7v8o90xso62x","time":1609745388,"event":{"mods":["BaseMod","Minty Spire (QoL Compilation)","Quick Restart","StSLib","SuperFastMode"],"gold_per_floor":[118,43,43,43,60,85,85,98,98,116,136,155,183,200,200,279,279,298,298,348,363,363,392,392,424,495,508,508,539,539,45,45,117,117,134,134,159,169,169,169,169,169],"floor_reached":41,"playtime":1700,"items_purged":["Strike_R"],"score":1018,"play_id":"0073bb13-5f6e-4b89-aee3-2c6488396006","local_time":"20210104162948","is_ascension_mode":true,"campfire_choices":[{"data":"Armaments","floor":7.0,"key":"SMITH"},{"data":"Second Wind","floor":15.0,"key":"SMITH"},{"floor":24,"key":"REST"},{"data":"Shockwave","floor":28,"key":"SMITH"},{"data":"Dark Embrace","floor":32,"key":"SMITH"},{"data":"Burning Pact","floor":40,"key":"SMITH"}],"circlet_count":0,"master_deck":["AscendersBane","Strike_R","Strike_R","Strike_R","Defend_R","Defend_R","Defend_R","Bash","Disarm","Armaments+1","Flame Barrier","Whirlwind","Wild Strike","Shockwave+1","Pommel Strike","Second Wind+1","Evolve","Fiend Fire+1","Power Through","Feel No Pain+1","Body Slam+1","Ghostly Armor+1","Burning Pact+1","Dark Embrace+1","Panacea","Dark Shackles","Flash of Steel+1"],"relics":["Black Blood","NeowsBlessing","Charon\u0027s Ashes","White Beast Statue","Molten Egg 2","Bottled Lightning","Champion Belt","Paper Frog","Eternal Feather","Tiny Chest","TheAbacus","MealTicket","SlaversCollar","Turnip","Sundial"],"acts_visited":["Exordium","TheCity","TheBeyond"],"potions_floor_usage":[23,23,25,29,33,35,37,38],"damage_taken":[{"damage":0.0,"enemies":"Small Slimes","floor":1.0,"turns":1.0},{"damage":0.0,"enemies":"2 Louse","floor":5.0,"turns":1.0},{"damage":0.0,"enemies":"Gremlin Nob","floor":6.0,"turns":1.0},{"damage":4.0,"enemies":"Jaw Worm","floor":8.0,"turns":5.0},{"damage":7.0,"enemies":"2 Fungi Beasts","floor":10.0,"turns":2.0},{"damage":13.0,"enemies":"Blue Slaver","floor":11.0,"turns":4.0},{"damage":3.0,"enemies":"Large Slime","floor":12.0,"turns":7.0},{"damage":5.0,"enemies":"3 Sentries","floor":13.0,"turns":4.0},{"damage":3.0,"enemies":"3 Louse","floor":14.0,"turns":2.0},{"damage":31.0,"enemies":"Hexaghost","floor":16.0,"turns":11.0},{"damage":17.0,"enemies":"Chosen","floor":18.0,"turns":5.0},{"damage":15.0,"enemies":"Shell Parasite","floor":21.0,"turns":5.0},{"damage":75,"enemies":"Slavers","floor":23,"turns":6},{"damage":18,"enemies":"Book of Stabbing","floor":25,"turns":6},{"damage":20,"enemies":"Shelled Parasite and Fungi","floor":27,"turns":9},{"damage":38,"enemies":"Slavers","floor":29,"turns":7},{"damage":41,"enemies":"Automaton","floor":33,"turns":10},{"damage":6,"enemies":"Orb Walker","floor":35,"turns":4},{"damage":4,"enemies":"Mind Bloom Boss Battle","floor":37,"turns":5},{"damage":42,"enemies":"3 Darklings","floor":38,"turns":7},{"damage":67,"enemies":"Reptomancer","floor":41,"turns":2}],"seed_played":"3877776438617196984","potions_obtained":[{"floor":5.0,"key":"PowerPotion"},{"floor":6.0,"key":"LiquidBronze"},{"floor":10.0,"key":"Energy Potion"},{"floor":11.0,"key":"Fire Potion"},{"floor":12.0,"key":"Block Potion"},{"floor":13.0,"key":"BloodPotion"},{"floor":14.0,"key":"BlessingOfTheForge"},{"floor":16.0,"key":"GamblersBrew"},{"floor":18.0,"key":"DistilledChaos"},{"floor":21.0,"key":"Regen Potion"},{"floor":23,"key":"HeartOfIron"},{"floor":25,"key":"Ancient Potion"},{"floor":27,"key":"DistilledChaos"},{"floor":29,"key":"Swift Potion"},{"floor":33,"key":"Fire Potion"},{"floor":35,"key":"AttackPotion"},{"floor":37,"key":"DuplicationPotion"},{"floor":38,"key":"SteroidPotion"}],"is_trial":false,"path_per_floor":["M","?","?","?","M","E","R","M","T","M","M","M","E","M","R","B",null,"M","?","?","M","T","E","R","E","T","M","R","E","?","$","R","B",null,"M","?","?","M","T","R","E"],"character_chosen":"IRONCLAD","items_purchased":["Dark Embrace","TheAbacus","MealTicket"],"campfire_rested":1,"item_purchase_floors":[31,31,31],"current_hp_per_floor":[74,74,79,79,80,80,80,80,80,79,72,75,76,79,79,54,74,69,69,69,66,66,34,58,52,52,44,56,30,30,30,42,13,63,69,59,67,37,37,52,0,0],"gold":169,"neow_bonus":"THREE_ENEMY_KILL","is_daily":false,"chose_seed":false,"campfire_upgraded":5,"win_rate":0.0,"timestamp":1609745388,"path_taken":["M","?","?","?","M","E","R","M","T","M","M","M","E","M","R","BOSS","M","?","?","M","?","E","R","E","T","M","R","E","?","$","R","BOSS","M","?","?","M","?","R","E"],"items_purchased_type":["Card","Relic","Relic"],"build_version":"2020-12-22","purchased_purges":1,"victory":false,"max_hp_per_floor":[75,75,80,80,80,80,80,80,80,80,80,80,80,80,80,80,80,80,80,80,80,80,80,80,80,80,80,80,80,80,80,80,80,80,80,80,80,80,80,80,80,80],"card_choices":[{"not_picked":["Havoc","Burning Pact"],"picked":"Disarm","floor":1.0},{"not_picked":["Rage","Disarm"],"picked":"Armaments","floor":5.0},{"not_picked":["Ghostly Armor","Warcry"],"picked":"Flame Barrier","floor":6.0},{"not_picked":["Spot Weakness","Infernal Blade"],"picked":"Whirlwind","floor":8.0},{"not_picked":["Armaments","Clash"],"picked":"Wild Strike","floor":10.0},{"not_picked":["Pommel Strike","Warcry"],"picked":"Shockwave","floor":11.0},{"not_picked":["Heavy Blade","Seeing Red"],"picked":"Pommel Strike","floor":12.0},{"not_picked":["Body Slam+1","Thunderclap+1"],"picked":"Second Wind","floor":13.0},{"not_picked":["Clash+1","Armaments"],"picked":"Evolve","floor":14.0},{"not_picked":["Juggernaut","Berserk"],"picked":"Fiend Fire+1","floor":16.0},{"not_picked":["Clothesline+1","Pommel Strike+1"],"picked":"Power Through","floor":18.0},{"not_picked":["Metallicize","Rage+1"],"picked":"Feel No Pain+1","floor":21.0},{"not_picked":["Seeing Red","Heavy Blade+1"],"picked":"Body Slam+1","floor":23},{"not_picked":["Iron Wave+1","Pummel+1","Whirlwind+1"],"picked":"SKIP","floor":25},{"not_picked":["Rampage+1","Brutality"],"picked":"Ghostly Armor+1","floor":27},{"not_picked":["Iron Wave+1","Pommel Strike+1","Anger+1"],"picked":"SKIP","floor":29},{"not_picked":["Warcry","Clash+1","Body Slam+1"],"picked":"SKIP","floor":35},{"not_picked":["Dramatic Entrance+1","Sadistic Nature"],"picked":"Panacea","floor":36},{"not_picked":["Jack Of All Trades","Swift Strike+1"],"picked":"Dark Shackles","floor":36},{"not_picked":["Enlightenment","Impatience"],"picked":"Flash of Steel+1","floor":36},{"not_picked":["Clothesline+1","Carnage+1","Inflame"],"picked":"SKIP","floor":38}],"player_experience":1000512,"relics_obtained":[{"floor":6.0,"key":"Charon\u0027s Ashes"},{"floor":9.0,"key":"White Beast Statue"},{"floor":13.0,"key":"Molten Egg 2"},{"floor":22.0,"key":"Bottled Lightning"},{"floor":23,"key":"Champion Belt"},{"floor":25,"key":"Paper Frog"},{"floor":26,"key":"Eternal Feather"},{"floor":29,"key":"Tiny Chest"},{"floor":37,"key":"Turnip"},{"floor":39,"key":"Sundial"}],"event_choices":[{"cards_removed":["Strike_R"],"damage_healed":0.0,"max_hp_gain":0.0,"max_hp_loss":0.0,"gold_gain":0.0,"event_name":"The Cleric","player_choice":"Card Removal","floor":2.0,"gold_loss":75.0,"damage_taken":0.0},{"damage_healed":0.0,"max_hp_gain":5.0,"max_hp_loss":0.0,"gold_gain":0.0,"event_name":"Big Fish","player_choice":"Donut","floor":3.0,"gold_loss":0.0,"damage_taken":0.0},{"cards_removed":["Defend_R"],"damage_healed":0.0,"max_hp_gain":0.0,"max_hp_loss":0.0,"gold_gain":0.0,"event_name":"Living Wall","player_choice":"Forget","floor":4.0,"gold_loss":0.0,"damage_taken":0.0},{"damage_healed":0.0,"max_hp_gain":0.0,"max_hp_loss":0.0,"gold_gain":0.0,"event_name":"Vampires","player_choice":"Ignored","floor":19.0,"gold_loss":0.0,"damage_taken":0.0},{"damage_healed":0.0,"max_hp_gain":0.0,"max_hp_loss":0.0,"gold_gain":50.0,"event_name":"Nest","player_choice":"Stole From Cult","floor":20.0,"gold_loss":0.0,"damage_taken":0.0},{"damage_healed":0,"gold_gain":0,"player_choice":"Read","damage_taken":0,"max_hp_gain":0,"max_hp_loss":0,"event_name":"The Library","floor":30,"gold_loss":0,"cards_obtained":["Burning Pact"]},{"damage_healed":0,"gold_gain":0,"player_choice":"Memory 3","damage_taken":10,"max_hp_gain":0,"max_hp_loss":0,"event_name":"SensoryStone","floor":36,"gold_loss":0},{"damage_healed":0,"gold_gain":0,"player_choice":"Fight","damage_taken":0,"max_hp_gain":0,"max_hp_loss":0,"event_name":"MindBloom","floor":37,"gold_loss":0}],"is_beta":false,"boss_relics":[{"not_picked":["Runic Pyramid","Runic Cube"],"picked":"Black Blood"},{"not_picked":["Black Star","Tiny House"],"picked":"SlaversCollar"}],"items_purged_floors":[31],"is_endless":false,"potions_floor_spawned":[5,6,10,11,12,13,14,16,18,21,23,25,27,29,33,35,37,38],"killed_by":"Reptomancer","ascension_level":20}}