{"host":"ffqn1azj9urswy62","time":1609762865,"event":{"mods":["BaseMod","Better Third Choice","Minty Spire (QoL Compilation)","StSLib"],"gold_per_floor":[109,109,41,53,64,92,92,109,133,147,147,147,147],"floor_reached":12,"playtime":792,"items_purged":[],"score":84,"play_id":"db89541e-d591-4f8e-b469-2c570fd1bcb4","local_time":"20210104072105","is_ascension_mode":true,"campfire_choices":[{"data":"Footwork","floor":11,"key":"SMITH"}],"circlet_count":0,"master_deck":["Strike_G","Strike_G","Strike_G","Strike_G","Defend_G","Defend_G","Defend_G","Defend_G","Survivor","Neutralize","Catalyst","Footwork+1","Cloak And Dagger","Well Laid Plans"],"relics":["Ring of the Snake","Snake Skull","Vajra","Bag of Preparation"],"acts_visited":["Exordium"],"potions_floor_usage":[6,6,8],"damage_taken":[{"damage":0,"enemies":"Jaw Worm","floor":1,"turns":6},{"damage":0,"enemies":"Cultist","floor":4,"turns":5},{"damage":0,"enemies":"2 Louse","floor":5,"turns":4},{"damage":31,"enemies":"3 Sentries","floor":6,"turns":13},{"damage":10,"enemies":"Gremlin Gang","floor":8,"turns":7},{"damage":3,"enemies":"Lots of Slimes","floor":10,"turns":6},{"damage":13,"enemies":"Lagavulin","floor":12,"turns":7}],"seed_played":"3329547421783856280","potions_obtained":[{"floor":1,"key":"PowerPotion"},{"floor":5,"key":"SneckoOil"},{"floor":6,"key":"Regen Potion"}],"is_trial":false,"path_per_floor":["M","?","$","M","M","E","?","M","T","M","R","E"],"character_chosen":"THE_SILENT","items_purchased":["Footwork"],"campfire_rested":0,"item_purchase_floors":[3],"current_hp_per_floor":[49,49,49,49,49,18,18,23,23,20,20,7,7],"gold":147,"neow_bonus":"REMOVE_TWO","is_daily":false,"chose_seed":false,"campfire_upgraded":1,"win_rate":0.0,"timestamp":1609762865,"path_taken":["M","?","?","?","M","E","?","M","T","?","R","E"],"items_purchased_type":["Card"],"build_version":"2020-12-22","purchased_purges":0,"victory":false,"max_hp_per_floor":[70,70,70,70,70,70,70,70,70,70,70,70,70],"card_choices":[{"not_picked":["Finisher","PiercingWail"],"picked":"Catalyst","floor":1},{"not_picked":["Heel Hook","Infinite Blades"],"picked":"Cloak And Dagger","floor":4},{"not_picked":["Setup","Skewer"],"picked":"Well Laid Plans","floor":5},{"not_picked":["Escape Plan","Blade Dance"],"picked":"Backflip","floor":6},{"not_picked":["Quick Slash","All Out Attack","Dodge and Roll"],"picked":"SKIP","floor":8},{"not_picked":["Dagger Spray","Dodge and Roll","Well Laid Plans"],"picked":"SKIP","floor":10}],"player_experience":606377,"relics_obtained":[{"floor":6,"key":"Snake Skull"},{"floor":9,"key":"Bag of Preparation"}],"event_choices":[{"damage_healed":0,"gold_gain":0,"player_choice":"Bought 0 Potions","damage_taken":0,"max_hp_gain":0,"max_hp_loss":0,"event_name":"The Woman in Blue","floor":2,"gold_loss":0},{"cards_removed":["Backflip"],"damage_healed":0,"gold_gain":0,"player_choice":"Gave Card","damage_taken":0,"relics_obtained":["Vajra"],"max_hp_gain":0,"max_hp_loss":0,"event_name":"WeMeetAgain","floor":7,"gold_loss":0}],"is_beta":false,"boss_relics":[],"items_purged_floors":[],"is_endless":false,"potions_floor_spawned":[1,5,6],"killed_by":"Lagavulin","ascension_level":1}}