{"host":"61xbmbtf5zrn7rzc","time":1609723435,"event":{"mods":["BaseMod","Challenge The Spire","Downfall","Hubris","Minty Spire (QoL Compilation)","READ ME - Guardian Mod","Replay The Spire","StSLib","SuperFastMode","The Disciple","The Jungle","The Marked","The Runesmith"],"gold_per_floor":[0,18,30,15,30,47,124,155,155,183,197,209,134,145,155,256,256,256,269,279,289,301,313,358,387,387,312,312,312,325,343,357,453,453,453,463,474,488,503,533,533,533,100,250,279,204,135,150,166,166,166,166],"floor_reached":50,"playtime":3111,"items_purged":["Pain"],"score":621,"play_id":"72f50830-4746-4550-9d66-76a6d64cc793","local_time":"20210103202355","is_ascension_mode":true,"campfire_choices":[{"data":"Guardian:TwinSlam","floor":1,"key":"SMITH"},{"data":"Guardian:TemporalShield","floor":13,"key":"SMITH"},{"data":"Guardian:BronzeOrb","floor":18,"key":"SMITH"},{"data":"Guardian:Planning","floor":27,"key":"SMITH"},{"floor":35,"key":"RECALL"},{"floor":42,"key":"REST"},{"data":"Guardian:ArmoredProtocol","floor":46,"key":"SMITH"}],"circlet_count":0,"master_deck":["Guardian:Defend_Guardian","Guardian:Defend_Guardian","Guardian:Defend_Guardian","Guardian:CurlUp","Guardian:TwinSlam+1","Guardian:Planning+1","Guardian:TemporalShield+1","Guardian:Reroute","Guardian:RevengeProtocol+1","Guardian:RollAttack","Guardian:BronzeOrb+1","Guardian:PiercingHide","Guardian:Harden+1","Guardian:ChargeUp+1","Guardian:CrystalBeam+1","Guardian:DonusPower","Guardian:RevengeProtocol+1","Guardian:WalkerClaw+1","Guardian:TimeBomb+1","Guardian:GuardianWhirl","Guardian:TimeSifter","Guardian:ArmoredProtocol+1","Guardian:TemporalStrike+1","Guardian:Incinerate+1","Guardian:TimeSifter","expansioncontent:StudyTheSpire","Guardian:Gem_Fragmented","Guardian:Recover","Guardian:Gem_Purple"],"relics":["Guardian:ModeShifter","hubris:Metronome","downfall:HeartBlessingBlue","Astrolabe","MealTicket","Replay:Bottled Eggs","hubris:Towel","downfall:HeartBlessingGreen","ReplayTheSpireMod:Ring of Challenge","Black Star","Thread and Needle","ReplayFunnel","Bottled Lightning","ReplayTheSpireMod:CursedCoin","hubris:DisguiseKit","Bag of Marbles","Quantum Egg","downfall:HeartBlessingRed"],"acts_visited":["Exordium","TheCity","TheBeyond"],"potions_floor_usage":[16,25,33,40,49,50,50],"damage_taken":[{"damage":0,"enemies":"Cultist","floor":2,"turns":4},{"damage":2,"enemies":"Small Slimes","floor":3,"turns":4},{"damage":0,"enemies":"downfall:FleeingMerchant","floor":4,"turns":4},{"damage":1,"enemies":"Jaw Worm","floor":5,"turns":5},{"damage":1,"enemies":"Lots of Slimes","floor":6,"turns":4},{"damage":20,"enemies":"3 Sentries","floor":8,"turns":10},{"damage":32,"enemies":"Lagavulin","floor":10,"turns":7},{"damage":1,"enemies":"Blue Slaver","floor":11,"turns":4},{"damage":8,"enemies":"Large Slime","floor":12,"turns":4},{"damage":0,"enemies":"Lots of Slimes","floor":14,"turns":1},{"damage":0,"enemies":"Blue Slaver","floor":15,"turns":3},{"damage":11,"enemies":"downfall:Defect","floor":16,"turns":8},{"damage":0,"enemies":"Shell Parasite","floor":19,"turns":4},{"damage":5,"enemies":"3 Byrds","floor":20,"turns":2},{"damage":6,"enemies":"Sentry and Sphere","floor":21,"turns":4},{"damage":13,"enemies":"Snake Plant","floor":22,"turns":4},{"damage":13,"enemies":"Shelled Parasite and Fungi","floor":23,"turns":6},{"damage":28,"enemies":"Book of Stabbing","floor":25,"turns":5},{"damage":0,"enemies":"Snecko","floor":30,"turns":5},{"damage":8,"enemies":"Snake Plant","floor":31,"turns":4},{"damage":0,"enemies":"3 Cultists","floor":32,"turns":4},{"damage":26,"enemies":"downfall:Ironclad","floor":33,"turns":8},{"damage":4,"enemies":"3 Shapes","floor":36,"turns":4},{"damage":14,"enemies":"Orb Walker","floor":37,"turns":4},{"damage":9,"enemies":"4 Shapes","floor":38,"turns":9},{"damage":18,"enemies":"Sphere and 2 Shapes","floor":39,"turns":6},{"damage":51,"enemies":"Nemesis","floor":40,"turns":7},{"damage":0,"enemies":"downfall:FleeingMerchant","floor":43,"turns":4},{"damage":21,"enemies":"Giant Head","floor":45,"turns":8},{"damage":6,"enemies":"downfall:FleeingMerchant","floor":47,"turns":4},{"damage":23,"enemies":"Spire Growth","floor":48,"turns":5},{"damage":0,"enemies":"Jaw Worm Horde","floor":49,"turns":4},{"damage":19,"enemies":"downfall:Silent","floor":50,"turns":8}],"seed_played":"-1447483212673138447","potions_obtained":[{"floor":6,"key":"Swift Potion"},{"floor":8,"key":"LifebloodPotion"},{"floor":11,"key":"AttackPotion"},{"floor":12,"key":"PowerPotion"},{"floor":16,"key":"Guardian:StasisDiscoveryPotion"},{"floor":19,"key":"EssenceOfSteel"},{"floor":25,"key":"Block Potion"},{"floor":31,"key":"Adrenaline Potion"},{"floor":36,"key":"SkillPotion"},{"floor":39,"key":"Guardian:AcceleratePotion"},{"floor":48,"key":"LiquidBronze"}],"is_trial":false,"path_per_floor":["R","M","M","$","M","M","T","E","?","E","M","M","R","M","M","B",null,"R","M","M","M","M","M","T","E","?","R","?","?","M","M","M","B",null,"R","M","M","M","M","E","T","R","$","?","E","R","$","M","M","B"],"character_chosen":"GUARDIAN","items_purchased":["ReplayTheSpireMod:CursedCoin","Guardian:TimeSifter","expansioncontent:StudyTheSpire","hubris:DisguiseKit","Guardian:Recover"],"campfire_rested":1,"item_purchase_floors":[43,43,43,43,47],"current_hp_per_floor":[80,80,78,78,77,76,76,56,56,24,23,15,25,25,25,14,90,90,90,85,79,66,53,53,25,25,25,25,100,100,92,92,66,100,100,96,82,73,55,4,4,34,49,49,28,28,37,14,14,0,0,0],"gold":166,"neow_bonus":"REMOVE_TWO","is_daily":false,"chose_seed":false,"campfire_upgraded":5,"win_rate":0.0,"timestamp":1609723435,"path_taken":["R","M","M","?","M","M","T","E","?","E","?","M","R","M","M","BOSS","R","M","M","M","M","M","T","E","?","R","?","?","M","?","M","BOSS","R","M","M","M","M","E","T","R","$","?","E","R","$","M","M","BOSS"],"items_purchased_type":["Relic","Card","Card","Relic","Card"],"build_version":"2020-12-22","purchased_purges":1,"victory":false,"max_hp_per_floor":[80,80,80,80,80,80,80,80,80,80,80,80,90,90,90,90,90,90,90,90,90,90,90,90,90,90,90,90,100,100,100,100,100,100,100,100,100,100,100,100,100,100,100,100,100,100,100,100,100,100,100,100],"card_choices":[{"not_picked":["Guardian:Recover","Guardian:VentSteam"],"picked":"Guardian:Planning","floor":2},{"not_picked":["Guardian:ChargeCore","Guardian:TemporalStrike"],"picked":"Guardian:TemporalShield","floor":3},{"not_picked":["Guardian:RefractedBeam","Guardian:Gem_Cyan","Guardian:PrismaticBeam"],"picked":"SKIP","floor":4},{"not_picked":["Guardian:TimeCapacitor","Guardian:TimeBomb"],"picked":"Guardian:Gem_Purple","floor":5},{"not_picked":["Guardian:ChargeCore","Guardian:GuardianWhirl"],"picked":"Guardian:Reroute","floor":6},{"not_picked":["Guardian:ArmoredProtocol","Guardian:WalkerClaw"],"picked":"Guardian:RevengeProtocol","floor":8},{"not_picked":["Guardian:ShieldSpikes","Guardian:Gem_Fragmented"],"picked":"Guardian:Gem_Orange","floor":10},{"not_picked":["Guardian:Planning","Guardian:Reroute"],"picked":"Guardian:RollAttack","floor":11},{"not_picked":["Guardian:VentSteam","Guardian:Reroute"],"picked":"Guardian:Gem_Cyan","floor":12},{"not_picked":["Guardian:TemporalShield","Guardian:ShieldCharger"],"picked":"Guardian:BronzeOrb","floor":14},{"not_picked":["Guardian:Reroute","Guardian:MultiBeam"],"picked":"Guardian:PiercingHide","floor":15},{"not_picked":["Guardian:StasisStrike","Guardian:AncientConstruct"],"picked":"Guardian:Gem_Synthetic","floor":16},{"not_picked":["Guardian:Gem_Fragmented","Guardian:Harden","Guardian:Suspension"],"picked":"SKIP","floor":19},{"not_picked":["Guardian:Gem_Lightblue","Guardian:WalkerClaw"],"picked":"Guardian:CrystalBeam+1","floor":20},{"not_picked":["Guardian:SpikerProtocol","Guardian:ShieldCharger"],"picked":"Guardian:DonusPower","floor":21},{"not_picked":["Guardian:VentSteam+1","Guardian:ChargeCore"],"picked":"Guardian:RevengeProtocol","floor":22},{"not_picked":["Guardian:Reroute","Guardian:Planning","Guardian:PrimingBeam"],"picked":"SKIP","floor":23},{"not_picked":["Guardian:StasisStrike","Guardian:Reroute+1"],"picked":"Guardian:Gem_Cyan","floor":25},{"not_picked":["Guardian:Planning","Guardian:RollAttack"],"picked":"Guardian:WalkerClaw+1","floor":30},{"not_picked":["Guardian:TemporalShield+1","Guardian:Gem_Green"],"picked":"Guardian:TimeBomb+1","floor":31},{"not_picked":["Guardian:ArmoredProtocol","Guardian:Suspension+1"],"picked":"Guardian:GuardianWhirl","floor":32},{"not_picked":["Guardian:Gem_Synthetic","Guardian:HyperBeam_Guardian"],"picked":"Guardian:TimeSifter","floor":33},{"not_picked":["Guardian:ChargeCore+1","Guardian:TemporalShield"],"picked":"Guardian:ArmoredProtocol","floor":36},{"not_picked":["Guardian:PiercingHide","Guardian:PrimingBeam","Guardian:ShieldSpikes+1"],"picked":"SKIP","floor":37},{"not_picked":["Guardian:SentryBeam+1","Guardian:Reroute+1"],"picked":"Guardian:Gem_Lightblue","floor":38},{"not_picked":["Guardian:Gem_Lightblue","Guardian:ShieldCharger"],"picked":"Guardian:TemporalStrike+1","floor":39},{"not_picked":["Guardian:PolyBeam","Guardian:Gem_Green"],"picked":"Guardian:Incinerate+1","floor":40},{"not_picked":["Guardian:TemporalStrike","Guardian:PolyBeam+1","Guardian:TemporalShield"],"picked":"SKIP","floor":43},{"not_picked":["Guardian:WalkerClaw","Guardian:Gem_Green","Guardian:ChargeUp","hexamod:RainOfEmbers"],"picked":"SKIP","floor":45},{"not_picked":["Guardian:PrismaticBarrier","Guardian:Orbwalk+1","hexamod:BacktrackSmack"],"picked":"Guardian:Gem_Fragmented","floor":47},{"not_picked":["Guardian:VentSteam","Guardian:PrimingBeam+1","Guardian:Planning+1","hexamod:SpectralAdrenaline"],"picked":"SKIP","floor":48},{"not_picked":["Guardian:Gem_Fragmented","Guardian:CrystalBeam","hexamod:PhantomFireball"],"picked":"Guardian:Gem_Purple","floor":49}],"player_experience":125982,"relics_obtained":[{"floor":8,"key":"Ancient Tea Set"},{"floor":10,"key":"hubris:Metronome"},{"floor":24,"key":"MealTicket"},{"floor":25,"key":"Replay:Bottled Eggs"},{"floor":28,"key":"ReplayTheSpireMod:Ring of Challenge"},{"floor":40,"key":"Thread and Needle"},{"floor":40,"key":"ReplayFunnel"},{"floor":41,"key":"Bottled Lightning"},{"floor":45,"key":"Bag of Marbles"},{"floor":45,"key":"Quantum Egg"}],"event_choices":[{"cards_removed":["Guardian:FierceBash"],"damage_healed":65,"gold_gain":0,"player_choice":"Offered Rare","damage_taken":0,"max_hp_gain":10,"max_hp_loss":0,"event_name":"Bonfire Elementals","floor":29,"gold_loss":0}],"is_beta":false,"boss_relics":[{"not_picked":["Empty Cage","Replay:Grab Bag"],"picked":"Astrolabe"},{"not_picked":["Runesmith:UraniumAnvil","Snecko Eye"],"picked":"Black Star"}],"items_purged_floors":[43],"is_endless":false,"potions_floor_spawned":[6,8,11,12,15,16,19,20,25,30,31,36,38,39,48],"killed_by":"downfall:Silent","ascension_level":1}}