{"host":"j4g6ia6asvpyu2b0","time":1609782575,"event":{"mods":["BaseMod","Colored Map","Minty Spire (QoL Compilation)","Permanent Neow","Quick Restart","Relic Stats","StSLib","Unceasing Turn Reminder"],"gold_per_floor":[114,114,127,127,147,174,174,199,199,199,225,225,275,275,275],"floor_reached":14,"playtime":573,"items_purged":[],"score":163,"play_id":"29d040b1-c2af-4bfa-bf5c-5092b502fdb5","local_time":"20210104104935","is_ascension_mode":true,"campfire_choices":[{"data":"Bash","floor":7,"key":"SMITH"},{"data":"Juggernaut","floor":10,"key":"SMITH"},{"floor":12,"key":"REST"}],"circlet_count":0,"master_deck":["Strike_R","Strike_R+1","Defend_R","Defend_R","Defend_R+1","Defend_R","Bash+1","Feed+1","Thunderclap+1","Shrug It Off+1","Headbutt","Bloodletting","Sword Boomerang","Limit Break","Juggernaut+1","Evolve"],"relics":["Astrolabe","White Beast Statue","PreservedInsect","Torii","CeramicFish"],"acts_visited":["Exordium"],"potions_floor_usage":[6,8,14,14],"damage_taken":[{"damage":0,"enemies":"2 Louse","floor":1,"turns":4},{"damage":0,"enemies":"Jaw Worm","floor":3,"turns":3},{"damage":0,"enemies":"Small Slimes","floor":5,"turns":2},{"damage":27,"enemies":"Gremlin Nob","floor":6,"turns":4},{"damage":11,"enemies":"Lagavulin","floor":8,"turns":6},{"damage":16,"enemies":"Gremlin Nob","floor":11,"turns":3},{"damage":8,"enemies":"3 Sentries","floor":14,"turns":4}],"seed_played":"5192554211396379953","potions_obtained":[{"floor":1,"key":"SkillPotion"},{"floor":6,"key":"DistilledChaos"},{"floor":8,"key":"HeartOfIron"},{"floor":11,"key":"HeartOfIron"}],"is_trial":false,"path_per_floor":["M","?","M","?","M","E","R","E","T","R","E","R","T","E"],"character_chosen":"IRONCLAD","items_purchased":[],"campfire_rested":1,"item_purchase_floors":[],"current_hp_per_floor":[76,81,85,66,70,43,43,32,32,32,20,50,50,42,42],"gold":275,"neow_bonus":"BOSS_RELIC","is_daily":false,"chose_seed":false,"campfire_upgraded":2,"win_rate":0.0,"timestamp":1609782575,"path_taken":["M","?","M","?","M","E","R","E","T","R","E","R","?","E"],"items_purchased_type":[],"build_version":"2020-12-22","purchased_purges":0,"victory":false,"max_hp_per_floor":[84,89,93,93,97,97,97,97,97,97,101,101,101,101,101],"relic_stats":{"Torii":0,"counters":[7,26],"Astrolabe":["Feed","Thunderclap","Shrug It Off"],"CeramicFish":0,"PreservedInsect":52,"obtain_stats":[{"Torii":11,"Astrolabe":0,"CeramicFish":13,"PreservedInsect":8,"Burning Blood":0,"White Beast Statue":6},{"Torii":6,"Astrolabe":0,"CeramicFish":6,"PreservedInsect":5,"Burning Blood":0,"White Beast Statue":4},{"Torii":22,"Astrolabe":0,"CeramicFish":22,"PreservedInsect":19,"Burning Blood":0,"White Beast Statue":13}]},"card_choices":[{"not_picked":["Entrench","True Grit"],"picked":"Headbutt","floor":1},{"not_picked":["Body Slam","Warcry"],"picked":"Bloodletting","floor":3},{"not_picked":["Heavy Blade","Clash"],"picked":"Sword Boomerang","floor":5},{"not_picked":["Headbutt","Dual Wield"],"picked":"Limit Break","floor":6},{"not_picked":["True Grit","Hemokinesis"],"picked":"Juggernaut","floor":8},{"not_picked":["Headbutt","Combust"],"picked":"Evolve","floor":11}],"player_experience":702074,"relics_obtained":[{"floor":6,"key":"White Beast Statue"},{"floor":8,"key":"PreservedInsect"},{"floor":11,"key":"Torii"},{"floor":13,"key":"CeramicFish"}],"event_choices":[{"damage_healed":0,"gold_gain":0,"player_choice":"Donut","damage_taken":0,"max_hp_gain":5,"max_hp_loss":0,"event_name":"Big Fish","floor":2,"gold_loss":0},{"damage_healed":0,"gold_gain":0,"player_choice":"Entered Light","damage_taken":19,"max_hp_gain":0,"max_hp_loss":0,"event_name":"Shining Light","floor":4,"gold_loss":0,"cards_upgraded":["Defend_R","Strike_R"]}],"is_beta":false,"boss_relics":[],"items_purged_floors":[],"is_endless":false,"potions_floor_spawned":[1,6,8,11],"killed_by":"3 Sentries","ascension_level":6}}