{"host":"sxnl403xm2xmiyj1","time":1609763621,"event":{"mods":["BaseMod","Colored Map","Keyboard Shortcuts","Lobotomy","Minty Spire (QoL Compilation)","Quick Restart","StSLib","SuperFastMode"],"gold_per_floor":[109,119,135,85,96,131,131,31,82,109,122,141,141,158,158,158,158],"floor_reached":16,"playtime":495,"items_purged":["Zap"],"score":114,"play_id":"7431f98b-f46e-4076-a0ed-160c13b7ad3e","local_time":"20210104213341","is_ascension_mode":false,"campfire_choices":[{"data":"Reprogram","floor":7.0,"key":"SMITH"},{"floor":13.0,"key":"REST"},{"data":"Reprogram","floor":15,"key":"SMITH"}],"circlet_count":0,"master_deck":["Strike_B","Strike_B","Strike_B","Defend_B","Defend_B","Defend_B","Dualcast","Rudolta","Leap","MeatLantern","Reprogram+1","Gash","FairyFestival","Streamline","Murderer","Gash","Go for the Eyes","Wellcheers","Conserve Battery","Coolheaded","QueenOfHatred","VoidDream","Hologram","Reprogram+1","DespairKnight"],"relics":["Cracked Core","CogitoBucket","Letter Opener","Potion Belt","AdjustmentMirror"],"acts_visited":["Exordium"],"potions_floor_usage":[],"damage_taken":[{"damage":0.0,"enemies":"2 Louse","floor":1.0,"turns":1.0},{"damage":8.0,"enemies":"Jaw Worm","floor":2.0,"turns":3.0},{"damage":0.0,"enemies":"Cultist","floor":3.0,"turns":4.0},{"damage":0.0,"enemies":"Gremlin Gang","floor":5.0,"turns":3.0},{"damage":16.0,"enemies":"Gremlin Nob","floor":6.0,"turns":5.0},{"damage":8.0,"enemies":"3 Sentries","floor":10.0,"turns":6.0},{"damage":30.0,"enemies":"Red Slaver","floor":11.0,"turns":4.0},{"damage":4.0,"enemies":"3 Louse","floor":12.0,"turns":4.0},{"damage":2,"enemies":"Looter","floor":14,"turns":3},{"damage":50,"enemies":"The Guardian","floor":16,"turns":1}],"seed_played":"-2613498918839673472","potions_obtained":[{"floor":5.0,"key":"ColorlessPotion"},{"floor":6.0,"key":"SkillPotion"},{"floor":11.0,"key":"Dexterity Potion"}],"is_trial":false,"path_per_floor":["M","M","M","?","M","E","R","$","T","E","M","M","R","M","R","B"],"character_chosen":"DEFECT","items_purchased":["Go for the Eyes"],"campfire_rested":1,"item_purchase_floors":[8],"current_hp_per_floor":[75,67,67,67,67,51,51,51,51,45,15,12,34,32,32,0,0],"gold":158,"neow_bonus":"","is_daily":false,"chose_seed":false,"campfire_upgraded":2,"win_rate":0.0,"timestamp":1609763621,"path_taken":["M","M","M","?","M","E","R","$","T","E","M","M","R","M","R","BOSS"],"items_purchased_type":["Card"],"build_version":"2020-12-22","purchased_purges":1,"victory":false,"max_hp_per_floor":[75,75,75,75,75,75,75,75,75,75,75,75,75,75,75,75,75],"card_choices":[{"not_picked":["Murderer","Wellcheers"],"picked":"Rudolta","floor":1.0},{"not_picked":["Chill","Turbo"],"picked":"Leap","floor":1.0},{"not_picked":["CrumblingArmor","Bloodbath"],"picked":"MeatLantern","floor":2.0},{"not_picked":["FTL","Undo"],"picked":"Reprogram","floor":2.0},{"not_picked":["PunishingBird","BeautyBeast"],"picked":"Porccubus","floor":3.0},{"not_picked":["Leap","Beam Cell"],"picked":"Gash","floor":3.0},{"not_picked":["WallGazer","Murderer"],"picked":"FairyFestival","floor":5.0},{"not_picked":["Scrape","Electrodynamics"],"picked":"Streamline","floor":5.0},{"not_picked":["OldLady","Alriune"],"picked":"Murderer","floor":6.0},{"not_picked":["Fusion","BootSequence"],"picked":"Gash","floor":6.0},{"not_picked":["OSAHOGD","MHz"],"picked":"Wellcheers","floor":10.0},{"not_picked":["Barrage","Cold Snap"],"picked":"Conserve Battery","floor":10.0},{"not_picked":["Glacier","Cold Snap"],"picked":"Coolheaded","floor":11.0},{"not_picked":["OSAHOGD","MHz"],"picked":"QueenOfHatred","floor":11.0},{"not_picked":["UniverseFragment","OSAHOGD"],"picked":"VoidDream","floor":12.0},{"not_picked":["Static Discharge","Aggregate"],"picked":"Hologram","floor":12.0},{"not_picked":["Self Repair","Conserve Battery"],"picked":"Reprogram","floor":14},{"not_picked":["MHz","Bloodbath"],"picked":"DespairKnight","floor":14}],"player_experience":148997,"relics_obtained":[{"floor":6.0,"key":"Letter Opener"},{"floor":10.0,"key":"Potion Belt"}],"event_choices":[{"cards_removed":["Strike_B"],"damage_healed":0.0,"max_hp_gain":0.0,"max_hp_loss":0.0,"gold_gain":0.0,"event_name":"The Cleric","player_choice":"Card Removal","floor":4.0,"gold_loss":50.0,"damage_taken":0.0}],"is_beta":false,"boss_relics":[],"items_purged_floors":[8],"is_endless":false,"potions_floor_spawned":[5,6,11],"killed_by":"The Guardian","ascension_level":0}}