{"host":"k653q14gphaoox56","time":1609771947,"event":{"mods":["BaseMod","Colored Map","Conspire","DeckTracker","Hubris","Infinite Spire","Minty Spire (QoL Compilation)","Replay The Spire","StSLib"],"gold_per_floor":[111,111,186,211,7,7,18,43,43,43,55,55,72,172,172,273,273,288,57,74,86,86,86,97,131,158,189,249,279,299,313,313,411,411,426,426,24,91,91,111,111,111,111,126,276,288,373,338,338,338,338],"floor_reached":50,"playtime":2730,"items_purged":["Demon Form","Replay:Undeath\u0027s Touch","Feel No Pain+1"],"score":614,"play_id":"28103523-2921-40f9-acca-e589a6e34441","local_time":"20210104095227","is_ascension_mode":false,"campfire_choices":[{"floor":6,"key":"REST"},{"floor":10,"key":"REST"},{"data":"WeaponsOverheat","floor":12,"key":"SMITH"},{"data":"WeaponsOverheat","floor":15,"key":"SMITH"},{"data":"Flex","floor":23,"key":"SMITH"},{"floor":32,"key":"REST"},{"data":"Heavy Blade","floor":42,"key":"SMITH"},{"floor":49,"key":"REST"}],"circlet_count":0,"master_deck":["Strike_R","Strike_R","Strike_R","Strike_R","Strike_R","Bash","Replay:Many Hands+1","Flex+1","Self Repair+1","FTL+1","Anger","WeaponsOverheat+1","WeaponsOverheat+1","Double Tap+1","Ghostly Armor+1","Headbutt","Pommel Strike+1","Perfected Strike","Thunderclap","Clothesline","ReplayTheSpireMod:Stacked","Iron Wave","Thunderclap+1","Immolate+1","Carnage","Perfected Strike+1","Heavy Blade+1","Havoc+1","infinitespire:Collect","Eclipse+1","Demonic Infusion+1","Bloodletting+1","Demon Form+1","Flex"],"relics":["Iron Core","infinitespire:Satchel","Brimstone","Counterbalance","Golden Egg","Replay:Grab Bag","hubris:GrandSneckoEye","ReplayTheSpireMod:Onyx Gauntlets","Black Star","conspire:TopHat","Happy Flower","Onion Ring","Pen Nib","hubris:GlazedTorus","hubris:MobiusCoin","infinitespire:CheckeredPen","hubris:ScarierMask","hubris:Icosahedron","Guide Book","Oddly Smooth Stone","Replay:Bottled Steam","Astrolabe","Strawberry","Blue Doll","Snack Pack"],"acts_visited":["Exordium","TheCity","TheBeyond"],"potions_floor_usage":[27,27,27,31,33,33,50,50],"damage_taken":[{"damage":16,"enemies":"2 Louse","floor":1,"turns":3},{"damage":6,"enemies":"conspire:RoseBush","floor":7,"turns":1},{"damage":31,"enemies":"3 Sentries","floor":8,"turns":5},{"damage":7,"enemies":"Jaw Worm","floor":11,"turns":3},{"damage":8,"enemies":"Blue Slaver","floor":13,"turns":2},{"damage":33,"enemies":"The Guardian","floor":16,"turns":4},{"damage":2,"enemies":"Chosen","floor":18,"turns":2},{"damage":0,"enemies":"Spheric Guardian","floor":20,"turns":1},{"damage":9,"enemies":"conspire:HollyBat","floor":21,"turns":3},{"damage":22,"enemies":"Chosen and Byrds","floor":24,"turns":3},{"damage":14,"enemies":"conspire:SneckoGhost","floor":25,"turns":3},{"damage":22,"enemies":"Nightmare","floor":27,"turns":4},{"damage":12,"enemies":"Cultist and Chosen","floor":28,"turns":2},{"damage":14,"enemies":"conspire:MimicChest","floor":29,"turns":3},{"damage":1,"enemies":"Centurion and Healer","floor":30,"turns":3},{"damage":0,"enemies":"conspire:HollyBat","floor":31,"turns":5},{"damage":36,"enemies":"Collector","floor":33,"turns":3},{"damage":12,"enemies":"3 Shapes","floor":35,"turns":1},{"damage":0,"enemies":"Orb Walker","floor":38,"turns":1},{"damage":0,"enemies":"Sphere and 2 Shapes","floor":40,"turns":1},{"damage":0,"enemies":"Transient","floor":44,"turns":5},{"damage":15,"enemies":"4 Shapes","floor":46,"turns":1},{"damage":15,"enemies":"Nemesis","floor":47,"turns":5},{"damage":37,"enemies":"Maw","floor":48,"turns":4},{"damage":76,"enemies":"Time Eater","floor":50,"turns":4}],"seed_played":"-5510927778013552716","potions_obtained":[{"floor":13,"key":"Dexterity Potion"},{"floor":16,"key":"BlessingOfTheForge"},{"floor":21,"key":"LifebloodPotion"},{"floor":25,"key":"LiquidMemories"},{"floor":28,"key":"DuplicationPotion"},{"floor":30,"key":"Dexterity Potion"},{"floor":31,"key":"Dexterity Potion"},{"floor":38,"key":"SpeedPotion"},{"floor":44,"key":"ElixirPotion"},{"floor":48,"key":"Fire Potion"}],"is_trial":false,"path_per_floor":["M","?","?","T","$","R","M","E","T","R","M","R","M","?","R","B",null,"M","$","M","M","?","R","M","E","T","NM","M","?","M","M","R","B",null,"M","?","$","M","?","M","?","R","T","M","AVR","M","E","M","R","B"],"character_chosen":"IRONCLAD","items_purchased":["Brimstone","FTL+1","conspire:TopHat","Guide Book","Oddly Smooth Stone"],"campfire_rested":4,"item_purchase_floors":[5,5,19,37,37],"current_hp_per_floor":[70,70,59,59,59,80,74,53,53,77,80,80,80,80,80,47,80,78,78,78,69,54,54,42,38,38,26,24,10,9,19,44,8,85,73,73,73,73,73,85,81,81,81,81,88,73,68,45,71,0,0],"gold":338,"neow_bonus":"ONE_RANDOM_RARE_CARD","is_daily":false,"chose_seed":false,"campfire_upgraded":4,"win_rate":0.0,"timestamp":1609771947,"path_taken":["M","?","?","?","?","R","?","E","T","R","M","R","M","?","R","BOSS","M","$","?","M","?","R","M","E","T","NM","M","?","M","M","R","BOSS","M","?","$","M","?","?","?","R","T","M","AVR","M","E","M","R","BOSS"],"items_purchased_type":["Relic","Card","Relic","Relic","Relic"],"build_version":"2020-12-22","purchased_purges":3,"victory":false,"max_hp_per_floor":[80,80,80,80,80,80,80,80,80,80,80,80,80,80,80,80,80,80,80,80,80,85,85,85,85,85,85,85,85,85,85,85,85,85,85,85,85,85,85,85,81,81,81,81,88,88,88,88,88,88,88],"card_choices":[{"not_picked":["Wild Strike","Sever Soul"],"picked":"Flex","floor":1},{"not_picked":["Recycle","Clothesline"],"picked":"Demon Form","floor":7},{"not_picked":["Iron Wave","Flame Barrier"],"picked":"Anger","floor":8},{"not_picked":["Cold Snap","Anger"],"picked":"WeaponsOverheat","floor":11},{"not_picked":["Body Slam","Seeing Red"],"picked":"WeaponsOverheat","floor":13},{"not_picked":["Bludgeon","Mirror Shield"],"picked":"Double Tap","floor":16},{"not_picked":["True Grit+1","ReplayTheSpireMod:Strike From Hell"],"picked":"Ghostly Armor","floor":18},{"not_picked":["Sword Boomerang+1","Twin Strike"],"picked":"Headbutt","floor":20},{"not_picked":["ReplayTheSpireMod:Limb From Limb","ReplayTheSpireMod:Corrosion Curse"],"picked":"Pommel Strike+1","floor":21},{"not_picked":["Body Slam+1","Armaments"],"picked":"Perfected Strike","floor":24},{"not_picked":["Havoc+1","Second Wind+1"],"picked":"Thunderclap","floor":25},{"not_picked":["Defy Death","Headbutt+1"],"picked":"Clothesline","floor":27},{"not_picked":["ReplayTheSpireMod:Muscle Training","hubris:StunningStrike"],"picked":"Replay:Undeath\u0027s Touch","floor":28},{"not_picked":["True Grit","Defy Death"],"picked":"ReplayTheSpireMod:Stacked","floor":29},{"not_picked":["True Grit","Pommel Strike+1"],"picked":"Iron Wave","floor":30},{"not_picked":["Headbutt+1","Clothesline"],"picked":"Thunderclap+1","floor":31},{"not_picked":["Impervious","Demon Form"],"picked":"Immolate","floor":33},{"not_picked":["Bloodletting","Sword Boomerang"],"picked":"Carnage","floor":35},{"not_picked":["conspire:Charge","ReplayReversal"],"picked":"Perfected Strike+1","floor":38},{"not_picked":["Clothesline+1","Wild Strike+1"],"picked":"Heavy Blade","floor":40},{"not_picked":["Massacre+1","Blood for Blood+1"],"picked":"Havoc+1","floor":44},{"not_picked":["Defy Death","Headbutt+1"],"picked":"Bloodletting+1","floor":46},{"not_picked":["Bloodletting","conspire:Charge"],"picked":"Demon Form","floor":47},{"not_picked":["Feel No Pain+1","Thunderclap+1"],"picked":"Flex","floor":48}],"player_experience":124438,"relics_obtained":[{"floor":4,"key":"infinitespire:Satchel"},{"floor":8,"key":"Counterbalance"},{"floor":9,"key":"Golden Egg"},{"floor":25,"key":"Happy Flower"},{"floor":25,"key":"Onion Ring"},{"floor":26,"key":"Pen Nib"},{"floor":27,"key":"hubris:GlazedTorus"},{"floor":27,"key":"hubris:MobiusCoin"},{"floor":29,"key":"infinitespire:CheckeredPen"},{"floor":43,"key":"Replay:Bottled Steam"},{"floor":47,"key":"Blue Doll"},{"floor":47,"key":"Snack Pack"}],"event_choices":[{"damage_healed":0,"gold_gain":75,"player_choice":"Gather Gold","damage_taken":11,"max_hp_gain":0,"max_hp_loss":0,"event_name":"World of Goop","floor":3,"gold_loss":0},{"damage_healed":0,"gold_gain":100,"player_choice":"Pray","damage_taken":0,"max_hp_gain":0,"max_hp_loss":0,"event_name":"Golden Shrine","floor":14,"gold_loss":0},{"damage_healed":0,"gold_gain":0,"player_choice":"Shed Blood","damage_taken":20,"max_hp_gain":5,"max_hp_loss":0,"event_name":"Forgotten Altar","floor":22,"gold_loss":0},{"cards_removed":["Defend_R"],"damage_healed":0,"gold_gain":0,"player_choice":"Purged","damage_taken":0,"max_hp_gain":0,"max_hp_loss":0,"event_name":"Purifier","floor":39,"gold_loss":0},{"damage_healed":0,"gold_gain":0,"player_choice":"Max HP","damage_taken":0,"max_hp_gain":0,"max_hp_loss":4,"event_name":"Winding Halls","floor":41,"gold_loss":0}],"is_beta":false,"boss_relics":[{"not_picked":["Pandora\u0027s Box","Philosopher\u0027s Stone"],"picked":"Replay:Grab Bag"},{"not_picked":["Cursed Key","Replay:Wanted Poster"],"picked":"hubris:GrandSneckoEye"},{"not_picked":["Velvet Choker","Fusion Hammer"],"picked":"ReplayTheSpireMod:Onyx Gauntlets"},{"not_picked":["SacredBark","Runic Cube"],"picked":"Black Star"},{"not_picked":["Tiny House","hubris:BlackHole"],"picked":"hubris:ScarierMask"}],"items_purged_floors":[19,37,45],"is_endless":true,"potions_floor_spawned":[13,16,21,25,28,30,31,38,44,48],"killed_by":"Time Eater","ascension_level":0}}