{"host":"mcdusr64esz012l0","time":1609723368,"event":{"mods":["BaseMod","Minty Spire (QoL Compilation)","Relic Stats"],"gold_per_floor":[110,110,125,50,50,84,9,9,9,39,39,39],"floor_reached":11,"playtime":184,"items_purged":["Defend_P"],"score":188,"play_id":"b1491510-ba89-4a45-b6f3-a0f99eed05e7","local_time":"20210103202248","is_ascension_mode":true,"campfire_choices":[{"data":"WindmillStrike","floor":8.0,"key":"SMITH"}],"circlet_count":0,"master_deck":["AscendersBane","Strike_P","Strike_P","Defend_P","Defend_P","Defend_P","Eruption","Vigilance","WindmillStrike+1","SashWhip","JustLucky"],"relics":["PureWater","NeowsBlessing","Question Card","Kunai","Odd Mushroom"],"acts_visited":["Exordium"],"potions_floor_usage":[],"damage_taken":[{"damage":0.0,"enemies":"Jaw Worm","floor":1.0,"turns":1.0},{"damage":0.0,"enemies":"Cultist","floor":3.0,"turns":1.0},{"damage":0.0,"enemies":"Lagavulin","floor":6.0,"turns":1.0},{"damage":15,"enemies":"The Mushroom Lair","floor":10,"turns":4},{"damage":0,"enemies":"3 Sentries","floor":11,"turns":2}],"seed_played":"-3032744795512449793","potions_obtained":[{"floor":3.0,"key":"FearPotion"},{"floor":10,"key":"Strength Potion"}],"is_trial":false,"path_per_floor":["M","?","M","$","$","E","?","R","T","?","E"],"character_chosen":"WATCHER","items_purchased":[],"campfire_rested":0,"item_purchase_floors":[],"current_hp_per_floor":[61,61,61,61,61,61,61,61,61,46,46,46],"gold":39,"neow_bonus":"THREE_ENEMY_KILL","is_daily":false,"chose_seed":false,"campfire_upgraded":1,"win_rate":0.0,"timestamp":1609723368,"path_taken":["M","?","?","?","$","E","?","R","T","?","E"],"items_purchased_type":[],"build_version":"2020-12-22","purchased_purges":1,"victory":false,"max_hp_per_floor":[68,68,68,68,68,68,68,68,68,68,68,68],"relic_stats":{"counters":[5,9],"Kunai":[3],"Question Card":1,"obtain_stats":[{"NeowsBlessing":0,"Kunai":9,"PureWater":0,"Odd Mushroom":10,"Question Card":6},{"NeowsBlessing":0,"Kunai":3,"PureWater":0,"Odd Mushroom":4,"Question Card":3},{"NeowsBlessing":0,"Kunai":3,"PureWater":0,"Odd Mushroom":7,"Question Card":3}]},"card_choices":[{"not_picked":["EmptyBody","Halt"],"picked":"WindmillStrike","floor":1.0},{"not_picked":["Halt","SignatureMove"],"picked":"SashWhip","floor":3.0},{"not_picked":["Halt","JustLucky","Evaluate"],"picked":"SKIP","floor":6.0},{"not_picked":["Collect","SashWhip","Evaluate"],"picked":"JustLucky","floor":10}],"player_experience":1036395,"relics_obtained":[{"floor":6.0,"key":"Question Card"},{"floor":9.0,"key":"Kunai"},{"floor":10,"key":"Odd Mushroom"}],"event_choices":[{"cards_removed":["Strike_P"],"damage_healed":0.0,"max_hp_gain":0.0,"max_hp_loss":0.0,"gold_gain":0.0,"event_name":"Purifier","player_choice":"Purged","floor":2.0,"gold_loss":0.0,"damage_taken":0.0},{"cards_removed":["Strike_P"],"damage_healed":0.0,"max_hp_gain":0.0,"max_hp_loss":0.0,"gold_gain":0.0,"event_name":"The Cleric","player_choice":"Card Removal","floor":7.0,"gold_loss":75.0,"damage_taken":0.0},{"damage_healed":0,"gold_gain":0,"player_choice":"Fought Mushrooms","damage_taken":0,"max_hp_gain":0,"max_hp_loss":0,"event_name":"Mushrooms","floor":10,"gold_loss":0}],"is_beta":false,"boss_relics":[],"items_purged_floors":[4],"is_endless":false,"potions_floor_spawned":[3,10],"killed_by":"3 Sentries","ascension_level":20}}