{"host":"2he95iptrbxkejc1","time":1609796434,"event":{"mods":["AchievementEnabler","BaseMod","Colored Powertips","Hermit","Infinite Spire","Marisa????????","Minty Spire (QoL Compilation)","Random Character Mod","Replay The Spire","StSLib","The Cursed","The Hierophant","The Marked","The Mystic","The Poker Player","The Runesmith","The Servant 0.9.4"],"gold_per_floor":[113,131,144,69,69,103,103,3,303,93,109,109,137,150,150,247,247,262,262,275,275,275],"floor_reached":21,"playtime":1480,"items_purged":["hermit:Defend_Hermit","hermit:Defend_Hermit","hermit:Defend_Hermit","hermit:Strike_Hermit"],"score":189,"play_id":"7a67a6e4-e048-45c8-a9a8-402f84b456b5","local_time":"20210104214034","is_ascension_mode":false,"campfire_choices":[{"floor":12,"key":"REST"},{"floor":15,"key":"REST"}],"circlet_count":0,"master_deck":["hermit:Strike_Hermit","hermit:Strike_Hermit+1","hermit:Strike_Hermit","hermit:Defend_Hermit","hermit:Snapshot","hermit:Covet","hermit:CalledShot+1","hermit:Feint","hermit:Feint","hermit:Combo","hermit:Feint","hermit:Snipe","hermit:Determination","hermit:BigShot","hermit:RoundhouseKick","hermit:TrackingShot"],"relics":["hermit:Momento","StoneCalendar","Letter Opener","Old Coin","Replay:PocketPolymizer","ClockworkSouvenir"],"acts_visited":["Exordium","TheCity"],"potions_floor_usage":[6,16,16],"damage_taken":[{"damage":0,"enemies":"2 Louse","floor":1,"turns":3},{"damage":6,"enemies":"Small Slimes","floor":2,"turns":3},{"damage":1,"enemies":"Jaw Worm","floor":3,"turns":3},{"damage":14,"enemies":"Gremlin Nob","floor":6,"turns":3},{"damage":5,"enemies":"Exordium Wildlife","floor":11,"turns":3},{"damage":26,"enemies":"Replay:BlueRogue","floor":13,"turns":3},{"damage":6,"enemies":"Blue Slaver","floor":14,"turns":4},{"damage":40,"enemies":"The Guardian","floor":16,"turns":7},{"damage":28,"enemies":"Shell Parasite","floor":18,"turns":5},{"damage":37,"enemies":"3 Byrds","floor":20,"turns":6},{"damage":20,"enemies":"Centurion and Healer","floor":21,"turns":4}],"seed_played":"-3966063450842789056","potions_obtained":[{"floor":3,"key":"AttackPotion"},{"floor":11,"key":"CultistPotion"},{"floor":14,"key":"BlessingOfTheForge"}],"is_trial":false,"path_per_floor":["M","M","M","$","?","E","?","$","T","$","M","R","E","M","R","B",null,"M","AVR","M","M"],"character_chosen":"HERMIT","items_purchased":["hermit:Combo","hermit:Feint"],"campfire_rested":2,"item_purchase_floors":[10,10],"current_hp_per_floor":[82,76,75,75,59,45,33,33,33,33,28,52,26,20,44,4,82,54,54,17,0,0],"gold":275,"neow_bonus":"TEN_PERCENT_HP_BONUS","is_daily":false,"chose_seed":false,"campfire_upgraded":0,"win_rate":0.0,"timestamp":1609796434,"path_taken":["M","M","M","$","?","E","?","?","T","$","?","R","E","M","R","BOSS","M","AVR","M","M"],"items_purchased_type":["Card","Card"],"build_version":"2020-12-22","purchased_purges":4,"victory":false,"max_hp_per_floor":[82,82,82,82,82,82,82,82,82,82,82,82,82,82,82,82,82,82,82,82,82,82],"card_choices":[{"not_picked":["hermit:Gestalt","hermit:ItchyTrigger"],"picked":"hermit:CalledShot","floor":1},{"not_picked":["hermit:LoneWolf","hermit:Coalescence","hermit:LowProfile"],"picked":"SKIP","floor":2},{"not_picked":["hermit:Glare","hermit:Cheat"],"picked":"hermit:Feint","floor":3},{"not_picked":["hermit:Magnum","hermit:Cheat"],"picked":"hermit:Feint","floor":6},{"not_picked":["hermit:HighCaliber","hermit:Showdown"],"picked":"hermit:Snipe","floor":11},{"not_picked":["hermit:OverwhelmingPower","hermit:Midnight"],"picked":"hermit:Determination","floor":13},{"not_picked":["hermit:Manifest","hermit:Showdown"],"picked":"hermit:BigShot","floor":14},{"not_picked":["hermit:FromBeyond","hermit:Roughhouse"],"picked":"hermit:RoundhouseKick","floor":16},{"not_picked":["hermit:Glare","hermit:NoHoldsBarred"],"picked":"hermit:TrackingShot","floor":18},{"not_picked":["hermit:Maintenance","hermit:Glare","hermit:Desperado"],"picked":"SKIP","floor":20}],"player_experience":57828,"relics_obtained":[{"floor":6,"key":"StoneCalendar"},{"floor":9,"key":"Old Coin"},{"floor":13,"key":"Replay:PocketPolymizer"}],"event_choices":[{"damage_healed":0,"gold_gain":0,"player_choice":"Entered Light","damage_taken":16,"max_hp_gain":0,"max_hp_loss":0,"event_name":"Shining Light","floor":5,"gold_loss":0,"cards_upgraded":["hermit:CalledShot","hermit:Strike_Hermit"]},{"damage_healed":0,"gold_gain":0,"player_choice":"Success","damage_taken":12,"relics_obtained":["Letter Opener"],"max_hp_gain":0,"max_hp_loss":0,"event_name":"Scrap Ooze","floor":7,"gold_loss":0}],"is_beta":false,"boss_relics":[{"not_picked":["Cursed Key","ReplayTheSpireMod:SealedPack","Ring of Chaos"]}],"items_purged_floors":[4,8,10,19],"is_endless":false,"potions_floor_spawned":[3,11,14],"killed_by":"Centurion and Healer","ascension_level":0}}