{"host":"mydft8i2zzydgggw","time":1609776091,"event":{"mods":["AchievementEnabler","BaseMod","Colored Map","Colored Powertips","Keyboard Shortcuts","Minty Spire (QoL Compilation)","Quick Restart","StSLib","SuperFastMode","The Poker Player"],"gold_per_floor":[119,194,194,194,219,259,277,277,277,315,339,26,40,40,40],"floor_reached":14,"playtime":178,"items_purged":["Strike_B"],"score":148,"play_id":"8cb00f54-dda3-4220-9fb3-1a906899ce64","local_time":"20210105010131","is_ascension_mode":true,"campfire_choices":[{"data":"Zap","floor":8,"key":"SMITH"}],"circlet_count":0,"master_deck":["Strike_B","Strike_B","Strike_B","Defend_B","Defend_B","Defend_B","Defend_B","Zap+1","Dualcast","White Noise+1","Injury","Leap","Capacitor","Seek","Recycle","Static Discharge"],"relics":["Cracked Core","NeowsBlessing","Golden Idol","Orichalcum","Bag of Marbles","Sundial","Shuriken","Toxic Egg 2"],"acts_visited":["Exordium"],"potions_floor_usage":[10,10],"damage_taken":[{"damage":0,"enemies":"Cultist","floor":1,"turns":1},{"damage":0,"enemies":"Gremlin Nob","floor":6,"turns":1},{"damage":0,"enemies":"Small Slimes","floor":7,"turns":1},{"damage":18,"enemies":"Lagavulin","floor":10,"turns":7},{"damage":0,"enemies":"2 Louse","floor":11,"turns":2},{"damage":5,"enemies":"Looter","floor":13,"turns":2},{"damage":61,"enemies":"Gremlin Nob","floor":14,"turns":4}],"seed_played":"-4780903573771536620","potions_obtained":[{"floor":6,"key":"Fire Potion"},{"floor":7,"key":"EssenceOfSteel"}],"is_trial":false,"path_per_floor":["M","?","?","?","T","E","M","R","T","E","M","$","M","E"],"character_chosen":"DEFECT","items_purchased":["Toxic Egg 2"],"campfire_rested":0,"item_purchase_floors":[12],"current_hp_per_floor":[75,64,64,64,64,64,64,64,64,46,46,46,41,0,0],"gold":40,"neow_bonus":"THREE_ENEMY_KILL","is_daily":false,"chose_seed":false,"campfire_upgraded":1,"win_rate":0.0,"timestamp":1609776091,"path_taken":["M","?","?","?","?","E","M","R","T","E","?","$","M","E"],"items_purchased_type":["Relic"],"build_version":"2020-12-22","purchased_purges":1,"victory":false,"max_hp_per_floor":[75,75,75,75,75,75,75,75,75,75,75,75,75,75,75],"card_choices":[{"not_picked":["Gash","Recycle"],"picked":"White Noise","floor":1},{"not_picked":["Rebound","Go for the Eyes"],"picked":"Leap","floor":6},{"not_picked":["Aggregate","Stack"],"picked":"Capacitor","floor":7},{"not_picked":["Rebound","Beam Cell"],"picked":"Seek","floor":10},{"not_picked":["Stack","Ball Lightning"],"picked":"Recycle","floor":11},{"not_picked":["Lockon","Rebound"],"picked":"Static Discharge","floor":13}],"player_experience":92182,"relics_obtained":[{"floor":5,"key":"Orichalcum"},{"floor":6,"key":"Bag of Marbles"},{"floor":9,"key":"Sundial"},{"floor":10,"key":"Shuriken"}],"event_choices":[{"damage_healed":0,"gold_gain":75,"player_choice":"Gather Gold","damage_taken":11,"max_hp_gain":0,"max_hp_loss":0,"event_name":"World of Goop","floor":2,"gold_loss":0},{"damage_healed":0,"gold_gain":0,"player_choice":"Grow","damage_taken":0,"max_hp_gain":0,"max_hp_loss":0,"event_name":"Living Wall","floor":3,"gold_loss":0,"cards_upgraded":["White Noise"]},{"damage_healed":0,"gold_gain":0,"player_choice":"Take Wound","damage_taken":0,"relics_obtained":["Golden Idol"],"max_hp_gain":0,"max_hp_loss":0,"event_name":"Golden Idol","floor":4,"gold_loss":0,"cards_obtained":["Injury"]}],"is_beta":false,"boss_relics":[],"items_purged_floors":[12],"is_endless":false,"potions_floor_spawned":[6,7],"killed_by":"Gremlin Nob","ascension_level":4}}