{"host":"851hhqouejqwzba1","time":1609772619,"event":{"mods":["BaseMod","Minty Spire (QoL Compilation)","Permanent Neow","Shop Mod","StSLib","óô»ðÖ¸ÄÏ"],"gold_per_floor":[118,118,33,45,45,45,64,64,89,120,134,148,171,184,184,288,288,306,317,317,330,348,348,382,382,382,393,393,303,317,8,8,108,108,127,127,127,137,18,48,48,79,106,106,156,173,206,2,2,2],"floor_reached":51,"playtime":8727,"items_purged":["Strike_G+1","Strike_G+1"],"score":830,"play_id":"49016cae-a35d-4e2e-b34a-53cb373dd2a3","local_time":"20210104230339","is_ascension_mode":true,"campfire_choices":[{"data":"Neutralize","floor":6.0,"key":"SMITH"},{"data":"Footwork","floor":8.0,"key":"SMITH"},{"data":"Accuracy","floor":15.0,"key":"SMITH"},{"data":"Phantasmal Killer","floor":23.0,"key":"SMITH"},{"floor":25.0,"key":"REST"},{"floor":32.0,"key":"REST"},{"data":"Bullet Time","floor":41.0,"key":"SMITH"},{"data":"Burst","floor":44.0,"key":"SMITH"},{"floor":49,"key":"REST"}],"circlet_count":0,"master_deck":["Defend_G+1","Defend_G+1","Defend_G+1","Survivor","Neutralize+1","Footwork+1","Finisher","Acrobatics","Terror","Accuracy+1","Sucker Punch","Blade Dance+1","Phantasmal Killer+1","Flying Knee+1","Outmaneuver+1","Backflip+1","Calculated Gamble","Blade Dance","Distraction+1","Burst+1","Prepared+1","Bullet Time+1","PiercingWail","Infinite Blades","Venomology","Storm of Steel","Concentrate+1","Leg Sweep+1","Well Laid Plans+1"],"relics":["SacredBark","Ancient Tea Set","Tiny Chest","Spirit Poop","Bronze Scales","Bag of Marbles","Centennial Puzzle","Astrolabe","StrikeDummy","Peace Pipe","Membership Card","Ornamental Fan","HoveringKite","Matryoshka","Snake Skull","Happy Flower","Juzu Bracelet","Akabeko","Turnip","Dream Catcher","Pen Nib","OrangePellets"],"acts_visited":["Exordium","TheCity","TheBeyond"],"potions_floor_usage":[50,50],"damage_taken":[{"damage":5.0,"enemies":"2 Louse","floor":1.0,"turns":4.0},{"damage":6.0,"enemies":"Jaw Worm","floor":4.0,"turns":4.0},{"damage":0.0,"enemies":"Cultist","floor":7.0,"turns":4.0},{"damage":3.0,"enemies":"3 Sentries","floor":10.0,"turns":9.0},{"damage":0.0,"enemies":"3 Louse","floor":11.0,"turns":3.0},{"damage":4.0,"enemies":"Red Slaver","floor":12.0,"turns":5.0},{"damage":8.0,"enemies":"Blue Slaver","floor":14.0,"turns":4.0},{"damage":14.0,"enemies":"Hexaghost","floor":16.0,"turns":4.0},{"damage":23.0,"enemies":"2 Thieves","floor":18.0,"turns":3.0},{"damage":0.0,"enemies":"Chosen","floor":19.0,"turns":3.0},{"damage":19.0,"enemies":"Shelled Parasite and Fungi","floor":21.0,"turns":6.0},{"damage":6.0,"enemies":"Snake Plant","floor":22.0,"turns":4.0},{"damage":14.0,"enemies":"Slavers","floor":24.0,"turns":3.0},{"damage":0.0,"enemies":"Sentry and Sphere","floor":27.0,"turns":3.0},{"damage":19.0,"enemies":"Colosseum Slavers","floor":28.0,"turns":2.0},{"damage":4.0,"enemies":"Shelled Parasite and Fungi","floor":30.0,"turns":4.0},{"damage":5.0,"enemies":"Automaton","floor":33.0,"turns":7.0},{"damage":17.0,"enemies":"3 Shapes","floor":35.0,"turns":3.0},{"damage":2.0,"enemies":"3 Darklings","floor":38.0,"turns":4.0},{"damage":1.0,"enemies":"Giant Head","floor":40.0,"turns":4.0},{"damage":19.0,"enemies":"Nemesis","floor":42.0,"turns":7.0},{"damage":4.0,"enemies":"Mind Bloom Boss Battle","floor":45.0,"turns":5.0},{"damage":2.0,"enemies":"Writhing Mass","floor":46.0,"turns":4.0},{"damage":0.0,"enemies":"Giant Head","floor":47.0,"turns":5.0},{"damage":18,"enemies":"Donu and Deca","floor":50,"turns":6}],"seed_played":"-8395507571209848175","potions_obtained":[{"floor":1.0,"key":"Swift Potion"},{"floor":4.0,"key":"SpeedPotion"},{"floor":7.0,"key":"EssenceOfSteel"},{"floor":10.0,"key":"Strength Potion"},{"floor":18.0,"key":"Poison Potion"},{"floor":22.0,"key":"SteroidPotion"},{"floor":27.0,"key":"Energy Potion"},{"floor":30.0,"key":"Block Potion"},{"floor":33.0,"key":"DistilledChaos"},{"floor":35.0,"key":"GhostInAJar"},{"floor":45.0,"key":"GhostInAJar"},{"floor":47.0,"key":"ColorlessPotion"}],"is_trial":false,"path_per_floor":["M","?","?","M","?","R","M","R","T","E","M","M","T","M","R","B",null,"M","M","?","M","M","R","E","R","T","M","?","?","M","$","R","B",null,"M","T","?","M","$","E","R","E","T","R","?","M","E","$","R","B",null],"character_chosen":"THE_SILENT","items_purchased":["Membership Card","Ornamental Fan","Infinite Blades","Venomology","Pen Nib","OrangePellets"],"campfire_rested":3,"item_purchase_floors":[31,31,39,39,48,48],"current_hp_per_floor":[65,65,65,59,59,59,59,59,59,56,56,52,52,44,44,30,70,47,47,47,28,22,22,8,29,29,29,10,10,6,6,27,22,70,53,53,53,51,51,50,50,31,31,31,27,25,25,25,46,28],"gold":2,"neow_bonus":"BOSS_RELIC","is_daily":false,"chose_seed":false,"campfire_upgraded":6,"win_rate":0.0,"timestamp":1609772619,"path_taken":["M","?","?","?","?","R","?","R","T","E","M","M","?","M","R","BOSS","M","M","?","M","M","R","E","R","T","M","?","?","M","$","R","BOSS","M","?","?","M","$","E","R","E","T","R","?","M","E","$","R","BOSS"],"items_purchased_type":["Relic","Relic","Card","Card","Relic","Relic"],"build_version":"2020-12-22","purchased_purges":2,"victory":true,"max_hp_per_floor":[70,70,70,70,70,70,70,70,70,70,70,70,70,70,70,70,70,70,70,70,70,70,70,70,70,70,70,70,70,70,70,70,70,70,70,70,70,70,70,70,70,70,70,70,70,70,70,70,70,70],"card_choices":[{"not_picked":["Bouncing Flask","Poisoned Stab"],"picked":"Footwork","floor":1.0},{"not_picked":["Catalyst","Leg Sweep"],"picked":"Finisher","floor":4.0},{"not_picked":["Outmaneuver","Dash"],"picked":"Acrobatics","floor":7.0},{"not_picked":["Acrobatics","Slice"],"picked":"Terror","floor":10.0},{"not_picked":["Tactician","PiercingWail"],"picked":"Accuracy","floor":11.0},{"not_picked":["Footwork","Concentrate"],"picked":"Sucker Punch","floor":12.0},{"not_picked":["Escape Plan","Deflect"],"picked":"Blade Dance","floor":14.0},{"not_picked":["A Thousand Cuts","After Image"],"picked":"Phantasmal Killer","floor":16.0},{"not_picked":["Slice","Deadly Poison","Poisoned Stab+1"],"picked":"SKIP","floor":18.0},{"not_picked":["Backstab+1","Dagger Spray"],"picked":"Calculated Gamble","floor":19.0},{"not_picked":["Sucker Punch","Slice+1","Crippling Poison"],"picked":"SKIP","floor":21.0},{"not_picked":["Blur+1","Escape Plan"],"picked":"Blade Dance","floor":22.0},{"not_picked":["All Out Attack","Skewer","Dagger Spray"],"picked":"SKIP","floor":24.0},{"not_picked":["Terror","Blade Dance"],"picked":"Distraction+1","floor":27.0},{"not_picked":["PiercingWail","Venomology","Flying Knee+1"],"picked":"SKIP","floor":30.0},{"not_picked":["Die Die Die","Phantasmal Killer"],"picked":"Burst","floor":33.0},{"not_picked":["Leg Sweep","Dodge and Roll"],"picked":"Prepared+1","floor":35.0},{"not_picked":["Crippling Poison+1","Poisoned Stab"],"picked":"PiercingWail","floor":38.0},{"not_picked":["Catalyst+1","Dodge and Roll"],"picked":"Storm of Steel","floor":40.0},{"not_picked":["PiercingWail+1","Predator"],"picked":"Concentrate+1","floor":42.0},{"not_picked":["Backflip","PiercingWail"],"picked":"Leg Sweep+1","floor":45.0},{"not_picked":["Expertise","Blade Dance+1"],"picked":"Well Laid Plans+1","floor":46.0},{"not_picked":["Underhanded Strike+1","Footwork","Slice"],"picked":"SKIP","floor":47.0}],"player_experience":304502,"relics_obtained":[{"floor":9.0,"key":"Bronze Scales"},{"floor":10.0,"key":"Bag of Marbles"},{"floor":13.0,"key":"Centennial Puzzle"},{"floor":24.0,"key":"StrikeDummy"},{"floor":26.0,"key":"Peace Pipe"},{"floor":36.0,"key":"Matryoshka"},{"floor":40.0,"key":"Snake Skull"},{"floor":42.0,"key":"Happy Flower"},{"floor":43.0,"key":"Juzu Bracelet"},{"floor":43.0,"key":"Akabeko"},{"floor":45.0,"key":"Turnip"},{"floor":47.0,"key":"Dream Catcher"}],"event_choices":[{"damage_healed":0.0,"max_hp_gain":0.0,"max_hp_loss":0.0,"gold_gain":0.0,"event_name":"Big Fish","player_choice":"Box","floor":2.0,"gold_loss":0.0,"damage_taken":0.0,"relics_obtained":["Ancient Tea Set"],"cards_obtained":["Regret"]},{"damage_healed":0.0,"max_hp_gain":0.0,"max_hp_loss":0.0,"gold_gain":0.0,"event_name":"WeMeetAgain","player_choice":"Paid Gold","floor":3.0,"gold_loss":85.0,"damage_taken":0.0,"relics_obtained":["Tiny Chest"]},{"cards_removed":["Regret"],"damage_healed":0.0,"max_hp_gain":0.0,"max_hp_loss":0.0,"gold_gain":0.0,"event_name":"Bonfire Elementals","player_choice":"Offered Curse","floor":5.0,"gold_loss":0.0,"damage_taken":0.0,"relics_obtained":["Spirit Poop"]},{"damage_healed":0.0,"max_hp_gain":0.0,"max_hp_loss":0.0,"gold_gain":0.0,"event_name":"Back to Basics","player_choice":"Simplicity","floor":20.0,"gold_loss":0.0,"damage_taken":0.0,"cards_upgraded":["Strike_G","Strike_G","Strike_G","Defend_G","Defend_G","Defend_G","Defend_G"]},{"damage_healed":0.0,"max_hp_gain":0.0,"max_hp_loss":0.0,"gold_gain":0.0,"event_name":"Colosseum","player_choice":"Fight","floor":28.0,"gold_loss":0.0,"damage_taken":0.0},{"damage_healed":0.0,"max_hp_gain":0.0,"max_hp_loss":0.0,"gold_gain":0.0,"event_name":"Colosseum","player_choice":"Fled From Nobs","floor":28.0,"gold_loss":0.0,"damage_taken":0.0},{"cards_removed":["Strike_G"],"damage_healed":0.0,"max_hp_gain":0.0,"max_hp_loss":0.0,"gold_gain":0.0,"event_name":"Designer","player_choice":"Upgrade and Remove","floor":29.0,"gold_loss":90.0,"damage_taken":0.0,"cards_upgraded":["Blade Dance"]},{"damage_healed":0.0,"max_hp_gain":0.0,"max_hp_loss":0.0,"gold_gain":0.0,"cards_transformed":["Defend_G"],"event_name":"Transmorgrifier","player_choice":"Transformed","floor":37.0,"gold_loss":0.0,"damage_taken":0.0,"cards_obtained":["Bullet Time"]},{"damage_healed":0.0,"max_hp_gain":0.0,"max_hp_loss":0.0,"gold_gain":0.0,"event_name":"MindBloom","player_choice":"Fight","floor":45.0,"gold_loss":0.0,"damage_taken":0.0}],"is_beta":false,"boss_relics":[{"not_picked":["Philosopher\u0027s Stone","Sozu"],"picked":"Astrolabe"},{"not_picked":["Fusion Hammer","Runic Dome"],"picked":"HoveringKite"}],"items_purged_floors":[31,48],"is_endless":false,"potions_floor_spawned":[1,4,7,10,18,22,27,30,33,35,45,47],"ascension_level":2}}