{"host":"ftkwaqka4srqnjt4","time":1609768408,"event":{"mods":["AchievementEnabler","BaseMod","Downfall","Minty Spire (QoL Compilation)","Permanent Neow","Relic Stats","StSLib"],"gold_per_floor":[99,115,131,131,147,147,173,86,103,17,30,30,47,73,86,86,86,86],"floor_reached":16,"playtime":934,"items_purged":[],"score":103,"play_id":"2ccf5106-4fac-4f93-a1fd-283dee857310","local_time":"20210104145328","is_ascension_mode":true,"campfire_choices":[{"data":"Slimebound:MinionMaster","floor":1,"key":"SMITH"},{"floor":6,"key":"RECALL"},{"data":"Slimebound:LevelUp","floor":12,"key":"SMITH"}],"circlet_count":0,"master_deck":["Slimebound:Strike_Slimebound","Slimebound:Strike_Slimebound","Slimebound:Strike_Slimebound","Slimebound:Tackle","Slimebound:Defend_Slimebound","Slimebound:Defend_Slimebound","Slimebound:Defend_Slimebound","Slimebound:Defend_Slimebound","Slimebound:Split","Slimebound:CorrosiveSpit","Slimebound:MinionMaster+1","Slimebound:Nibble","Slimebound:Schlurp","Slimebound:RollThrough","Slimebound:PressTheAttack","Slimebound:ProtectTheBoss","Slimebound:RainOfGoop","Slimebound:LevelUp+1","Slimebound:SpikyOuterGoop","Slimebound:FinishingTackle","Slimebound:GoopSpray","Slimebound:DouseInSlime"],"relics":["Slimebound:AbsorbEndCombat","Tiny Chest","Lantern"],"acts_visited":["Exordium"],"potions_floor_usage":[10,10,13,15,16,16,16],"damage_taken":[{"damage":10,"enemies":"Cultist","floor":2,"turns":4},{"damage":9,"enemies":"2 Louse","floor":3,"turns":3},{"damage":14,"enemies":"Jaw Worm","floor":5,"turns":3},{"damage":11,"enemies":"downfall:FleeingMerchant","floor":8,"turns":4},{"damage":10,"enemies":"Red Slaver","floor":9,"turns":4},{"damage":9,"enemies":"downfall:FleeingMerchant","floor":10,"turns":4},{"damage":20,"enemies":"Large Slime","floor":11,"turns":5},{"damage":9,"enemies":"3 Louse","floor":13,"turns":3},{"damage":12,"enemies":"Blue Slaver","floor":15,"turns":3},{"damage":74,"enemies":"downfall:Silent","floor":16,"turns":8}],"seed_played":"-8286939627919497156","potions_obtained":[{"floor":4,"key":"FearPotion"},{"floor":4,"key":"FearPotion"},{"floor":4,"key":"SpeedPotion"},{"floor":5,"key":"SkillPotion"},{"floor":13,"key":"Slimebound:SlimedPotion"},{"floor":15,"key":"EntropicBrew"}],"is_trial":false,"path_per_floor":["R","M","M","?","M","R","T","$","M","$","M","R","M","T","M","B"],"character_chosen":"SLIMEBOUND","items_purchased":["Slimebound:ProtectTheBoss","Slimebound:SpikyOuterGoop"],"campfire_rested":0,"item_purchase_floors":[8,10],"current_hp_per_floor":[60,55,54,54,48,48,48,49,47,48,44,44,43,43,37,0,0,0],"gold":86,"neow_bonus":"ONE_RANDOM_RARE_CARD","is_daily":false,"chose_seed":false,"campfire_upgraded":2,"win_rate":0.0,"timestamp":1609768408,"path_taken":["R","M","?","?","M","R","T","?","M","?","?","R","M","?","M","BOSS"],"items_purchased_type":["Card","Card"],"build_version":"2020-12-22","purchased_purges":0,"victory":false,"max_hp_per_floor":[60,60,60,60,60,60,60,60,60,60,60,60,60,60,60,60,60,60],"relic_stats":{"counters":[10,41],"Tiny Chest":1,"obtain_stats":[{"Lantern":14,"Tiny Chest":7,"Slimebound:AbsorbEndCombat":0},{"Lantern":8,"Tiny Chest":3,"Slimebound:AbsorbEndCombat":0},{"Lantern":30,"Tiny Chest":10,"Slimebound:AbsorbEndCombat":0}]},"card_choices":[{"not_picked":["Slimebound:SamplingLick","Slimebound:Grow"],"picked":"Slimebound:Nibble","floor":2},{"not_picked":["Slimebound:HungryTackle","Slimebound:AcidTongue"],"picked":"Slimebound:Schlurp","floor":3},{"not_picked":["Slimebound:ViciousTackle","Slimebound:ComboTackle"],"picked":"Slimebound:RollThrough","floor":5},{"not_picked":["Slimebound:FinishingTackle","Slimebound:ViciousTackle"],"picked":"Slimebound:PressTheAttack","floor":8},{"not_picked":["Slimebound:LeadByExample","Slimebound:HungryTackle"],"picked":"Slimebound:RainOfGoop","floor":9},{"not_picked":["Slimebound:BestDefense","Slimebound:RollThrough"],"picked":"Slimebound:LevelUp","floor":10},{"not_picked":["Slimebound:Chomp","Slimebound:FormOfPuddle"],"picked":"Slimebound:FinishingTackle","floor":11},{"not_picked":["Slimebound:LeechEnergy","Slimebound:TongueLash"],"picked":"Slimebound:GoopSpray","floor":13},{"not_picked":["Slimebound:SplitAcid","Slimebound:FinishingTackle"],"picked":"Slimebound:DouseInSlime","floor":15}],"player_experience":548525,"relics_obtained":[{"floor":7,"key":"Tiny Chest"},{"floor":14,"key":"Lantern"}],"event_choices":[{"damage_healed":0,"gold_gain":0,"player_choice":"Got Potions","damage_taken":0,"max_hp_gain":0,"max_hp_loss":0,"event_name":"Lab","floor":4,"gold_loss":0}],"is_beta":false,"boss_relics":[],"items_purged_floors":[],"is_endless":false,"potions_floor_spawned":[5,9,13,15],"killed_by":"downfall:Silent","ascension_level":2}}