{"host":"61xbmbtf5zrn7rzc","time":1609739283,"event":{"mods":["BaseMod","Challenge The Spire","Downfall","Hubris","Minty Spire (QoL Compilation)","READ ME - Guardian Mod","Replay The Spire","StSLib","SuperFastMode","The Disciple","The Jungle","The Marked","The Runesmith"],"gold_per_floor":[99,118,134,149,149,149,172,172,192,205,230,243,168,195,207,207,207],"floor_reached":16,"playtime":4100,"items_purged":[],"score":197,"play_id":"73e108c2-71b3-4b10-86fb-70d6a4379be6","local_time":"20210104004803","daily_mods":["SealedDeck","Heirloom"],"is_ascension_mode":true,"campfire_choices":[{"data":"theMarked:Frustration","floor":1,"key":"SMITH"},{"data":"theMarked:RepellingDischarge","floor":6,"key":"SMITH"},{"floor":8,"key":"RECALL"},{"data":"theMarked:StartUp","floor":13,"key":"SMITH"}],"circlet_count":0,"master_deck":["theMarked:RepellingDischarge","theMarked:Frustration+1","theMarked:RepellingDischarge+1","theMarked:ResourceFulStrike","theMarked:Frustration","theMarked:Frustration","theMarked:Frustration","theMarked:HeightenedSenses","theMarked:BanishingStrike","theMarked:BanishingStrike","theMarked:BanishingStrike","theMarked:Aftermath","theMarked:AttractMetal","theMarked:StartUp+1","theMarked:HeritageOfTheMarked","theMarked:SuspiciousRaven"],"relics":["theMarked:ArtifactOfAir","hubris:64BitClover","Replay:Mystery Machine","Strawberry","downfall:HeartBlessingRed","Replay:Multitool","The Courier"],"acts_visited":["Exordium"],"potions_floor_usage":[],"damage_taken":[{"damage":3,"enemies":"Jaw Worm","floor":2,"turns":2},{"damage":0,"enemies":"Cultist","floor":3,"turns":2},{"damage":0,"enemies":"2 Louse","floor":4,"turns":2},{"damage":6,"enemies":"Blue Slaver","floor":9,"turns":3},{"damage":8,"enemies":"Exordium Wildlife","floor":10,"turns":3},{"damage":4,"enemies":"3 Sentries","floor":11,"turns":7},{"damage":0,"enemies":"Exordium Thugs","floor":12,"turns":3},{"damage":14,"enemies":"Gremlin Nob","floor":14,"turns":4},{"damage":0,"enemies":"3 Louse","floor":15,"turns":3},{"damage":37,"enemies":"downfall:Defect","floor":16,"turns":5}],"seed_played":"3729954712885010715","potions_obtained":[{"floor":2,"key":"Strength Potion"},{"floor":3,"key":"Explosive Potion"},{"floor":12,"key":"Block Potion"}],"is_trial":true,"path_per_floor":["R","M","M","M","?","R","T","R","M","M","E","M","R","E","M","B"],"character_chosen":"THE_DEFAULT","items_purchased":[],"campfire_rested":0,"item_purchase_floors":[],"current_hp_per_floor":[70,67,67,67,60,60,60,60,54,46,49,49,49,35,35,0,0],"gold":207,"neow_bonus":"","is_daily":false,"chose_seed":false,"campfire_upgraded":3,"win_rate":0.0,"timestamp":1609739283,"path_taken":["R","M","M","M","?","R","T","R","?","M","E","M","R","E","M","BOSS"],"items_purchased_type":[],"build_version":"2020-12-22","purchased_purges":0,"victory":false,"max_hp_per_floor":[70,70,70,70,70,70,70,70,70,70,77,77,77,77,77,77,77],"card_choices":[{"not_picked":["theMarked:EmpowerWeapon","theMarked:Aftermath","theMarked:WastefulAttack"],"picked":"SKIP","floor":2},{"not_picked":["theMarked:TakeCover","theMarked:Static"],"picked":"theMarked:BanishingStrike","floor":3},{"not_picked":["theMarked:ElectricStrings","theMarked:RepellingDischarge","theMarked:Polarize"],"picked":"SKIP","floor":4},{"not_picked":["theMarked:ResourceFulStrike","theMarked:BanishingStrike"],"picked":"theMarked:Aftermath","floor":9},{"not_picked":["theMarked:TakeCover","theMarked:ElementalBlade"],"picked":"theMarked:AttractMetal","floor":10},{"not_picked":["theMarked:PowerFlow","theMarked:LightningStrikesTwice"],"picked":"theMarked:StartUp","floor":11},{"not_picked":["theMarked:RepellingDischarge","theMarked:Parry"],"picked":"theMarked:HeritageOfTheMarked","floor":12},{"not_picked":["theMarked:SwordAndMagic","theMarked:WastefulAttack","theMarked:ComboAttacks"],"picked":"SKIP","floor":14},{"not_picked":["theMarked:Electrocute","theMarked:SelfDefenseTraining"],"picked":"theMarked:SuspiciousRaven","floor":15}],"player_experience":138210,"relics_obtained":[{"floor":7,"key":"Replay:Mystery Machine"},{"floor":11,"key":"Strawberry"},{"floor":14,"key":"Replay:Multitool"},{"floor":15,"key":"The Courier"}],"event_choices":[{"damage_healed":0,"gold_gain":0,"player_choice":"Damaged","damage_taken":7,"max_hp_gain":0,"max_hp_loss":0,"event_name":"Wheel of Change","floor":5,"gold_loss":0}],"is_beta":false,"boss_relics":[],"items_purged_floors":[],"is_endless":true,"potions_floor_spawned":[2,3,12,15],"killed_by":"downfall:Defect","ascension_level":1}}