{"host":"qdfumeom6htv8yxl","time":1609796277,"event":{"mods":["AchievementEnabler","BaseMod","Block Reminder","Minty Spire (QoL Compilation)","Quick Restart","Relic Stats"],"gold_per_floor":[116,116,116,134,59,59,59],"floor_reached":6,"playtime":311,"items_purged":["Injury"],"score":61,"play_id":"f2aa9eec-4b87-4150-bbf8-8989659cad80","local_time":"20210104153757","is_ascension_mode":true,"campfire_choices":[],"circlet_count":0,"master_deck":["AscendersBane","Strike_G","Strike_G","Strike_G","Strike_G","Strike_G","Defend_G","Defend_G","Defend_G","Defend_G","Defend_G","Survivor","Neutralize","Sucker Punch","Dagger Spray"],"relics":["Ring of the Snake","Bag of Preparation","Golden Idol","Strawberry"],"acts_visited":["Exordium"],"potions_floor_usage":[],"damage_taken":[{"damage":1,"enemies":"Small Slimes","floor":1,"turns":3},{"damage":14,"enemies":"2 Louse","floor":4,"turns":5},{"damage":83,"enemies":"Lagavulin","floor":6,"turns":10}],"seed_played":"-1908156262945904008","potions_obtained":[{"floor":1,"key":"FearPotion"},{"floor":4,"key":"FairyPotion"}],"is_trial":false,"path_per_floor":["M","?","?","M","$","E"],"character_chosen":"THE_SILENT","items_purchased":[],"campfire_rested":0,"item_purchase_floors":[],"current_hp_per_floor":[58,58,54,40,40,0,0],"gold":59,"neow_bonus":"RANDOM_COMMON_RELIC","is_daily":false,"chose_seed":false,"campfire_upgraded":0,"win_rate":0.0,"timestamp":1609796277,"path_taken":["M","?","?","M","$","E"],"items_purchased_type":[],"build_version":"2020-12-22","purchased_purges":1,"victory":false,"max_hp_per_floor":[66,66,73,73,73,73,73],"relic_stats":{"counters":[3,18],"Golden Idol":4,"Bag of Preparation":[6],"obtain_stats":[{"Golden Idol":2,"Strawberry":3,"Bag of Preparation":0,"Ring of the Snake":0},{"Golden Idol":1,"Strawberry":1,"Bag of Preparation":0,"Ring of the Snake":0},{"Golden Idol":3,"Strawberry":3,"Bag of Preparation":0,"Ring of the Snake":0}],"Ring of the Snake":[6]},"card_choices":[{"not_picked":["Well Laid Plans","Acrobatics"],"picked":"Sucker Punch","floor":1},{"not_picked":["Riddle With Holes","Quick Slash"],"picked":"Dagger Spray","floor":4}],"player_experience":1702392,"relics_obtained":[],"event_choices":[{"damage_healed":0,"gold_gain":0,"player_choice":"Take Wound","damage_taken":0,"relics_obtained":["Golden Idol"],"max_hp_gain":0,"max_hp_loss":0,"event_name":"Golden Idol","floor":2,"gold_loss":0,"cards_obtained":["Injury"]},{"damage_healed":0,"gold_gain":0,"player_choice":"Success","damage_taken":11,"relics_obtained":["Strawberry"],"max_hp_gain":0,"max_hp_loss":0,"event_name":"Scrap Ooze","floor":3,"gold_loss":0}],"is_beta":false,"boss_relics":[],"items_purged_floors":[5],"is_endless":false,"potions_floor_spawned":[1,4],"killed_by":"Lagavulin","ascension_level":16}}