{"host":"wk46m6kgjezp23jj","time":1609721039,"event":{"mods":["AchievementEnabler","BaseMod","Beaked The Cultist","Bestiary","Colored Map","Colored Powertips","Downfall","Hermit","Minty Spire (QoL Compilation)","Replay The Spire","StSLib","The Bladedancer","The Construct","The Cursed","The Marked","The Servant 0.9.4"],"gold_per_floor":[109,32,32,49,49,49,75,89,89,89,100,100,100,100,100,105,105],"floor_reached":16,"playtime":817,"items_purged":[],"score":123,"play_id":"0498984e-0e14-4b95-9d66-46d277823c42","local_time":"20210103194359","is_ascension_mode":false,"campfire_choices":[{"data":"hermit:TrackingShot","floor":6,"key":"SMITH"},{"data":"1","floor":12,"key":"LIFT"},{"data":"2","floor":15,"key":"LIFT"}],"circlet_count":0,"master_deck":["hermit:Strike_Hermit","hermit:Strike_Hermit","hermit:Defend_Hermit","hermit:Defend_Hermit","hermit:Defend_Hermit","hermit:Defend_Hermit","hermit:Snapshot","hermit:Covet","hermit:ItchyTrigger","hermit:BodyArmor","hermit:LowProfile","ReplayTheSpireMod:Private Reserves","hermit:LoneWolf+1","hermit:TrackingShot+1","hermit:LowProfile","hermit:Quickdraw","hermit:Scavenge","hermit:ShadowCloak"],"relics":["hermit:Momento","NeowsBlessing","Replay:PocketPolymizer","CaptainsWheel","Girya"],"acts_visited":["Exordium"],"potions_floor_usage":[],"damage_taken":[{"damage":0,"enemies":"Small Slimes","floor":1,"turns":1},{"damage":0,"enemies":"Cultist","floor":4,"turns":1},{"damage":0,"enemies":"Gremlin Nob","floor":7,"turns":1},{"damage":1,"enemies":"Jaw Worm","floor":8,"turns":3},{"damage":0,"enemies":"Large Slime","floor":11,"turns":5},{"damage":76,"enemies":"Hexaghost","floor":16,"turns":11}],"seed_played":"-3689046657110459432","potions_obtained":[{"floor":11,"key":"SpeedPotion"}],"is_trial":false,"path_per_floor":["M","$","?","M","?","R","E","M","T","T","M","R","?","?","R","B"],"character_chosen":"HERMIT","items_purchased":["hermit:BodyArmor","hermit:LowProfile"],"campfire_rested":0,"item_purchase_floors":[2,2],"current_hp_per_floor":[75,75,75,75,75,75,75,74,74,74,74,74,74,74,74,0,0],"gold":105,"neow_bonus":"THREE_ENEMY_KILL","is_daily":false,"chose_seed":false,"campfire_upgraded":1,"win_rate":0.0,"timestamp":1609721039,"path_taken":["M","$","?","?","?","R","E","M","T","?","M","R","?","?","R","BOSS"],"items_purchased_type":["Card","Card"],"build_version":"2020-12-22","purchased_purges":0,"victory":false,"max_hp_per_floor":[75,75,75,75,75,75,75,75,75,75,75,75,75,75,75,75,75],"card_choices":[{"not_picked":["hermit:Dive","hermit:Roulette"],"picked":"hermit:ItchyTrigger","floor":1},{"not_picked":["hermit:Spite","hermit:SprayPray"],"picked":"hermit:TrackingShot","floor":4},{"not_picked":["hermit:FatalDesire","hermit:Midnight"],"picked":"hermit:LowProfile","floor":7},{"not_picked":["hermit:Roulette","hermit:Maintenance"],"picked":"hermit:Quickdraw","floor":8},{"not_picked":["hermit:Misfire","hermit:Roulette"],"picked":"hermit:Scavenge","floor":11}],"player_experience":16650,"relics_obtained":[{"floor":7,"key":"Replay:PocketPolymizer"},{"floor":9,"key":"CaptainsWheel"},{"floor":10,"key":"Girya"}],"event_choices":[{"damage_healed":0,"gold_gain":0,"player_choice":"2 cards matched","damage_taken":0,"max_hp_gain":0,"max_hp_loss":0,"event_name":"Match and Keep!","floor":3,"gold_loss":0,"cards_obtained":["ReplayTheSpireMod:Private Reserves","hermit:LoneWolf"]},{"damage_healed":0,"gold_gain":0,"player_choice":"Ignored","damage_taken":0,"max_hp_gain":0,"max_hp_loss":0,"event_name":"Golden Idol","floor":5,"gold_loss":0},{"damage_healed":0,"gold_gain":0,"player_choice":"Grow","damage_taken":0,"max_hp_gain":0,"max_hp_loss":0,"event_name":"Living Wall","floor":13,"gold_loss":0,"cards_upgraded":["hermit:LoneWolf"]},{"cards_removed":["hermit:Strike_Hermit"],"damage_healed":0,"gold_gain":0,"player_choice":"Purged","damage_taken":0,"max_hp_gain":0,"max_hp_loss":0,"event_name":"Purifier","floor":14,"gold_loss":0}],"is_beta":false,"boss_relics":[],"items_purged_floors":[],"is_endless":false,"potions_floor_spawned":[11],"killed_by":"Hexaghost","ascension_level":0}}