{"host":"eemx8njkng76fu5x","time":1609748533,"event":{"mods":["2.2 Compatiblity","BaseMod","Downfall","Minty Spire (QoL Compilation)","Permanent Neow","StSLib","Unceasing Turn Reminder","Unknown Chances"],"gold_per_floor":[99,118,118,134,145,145,169,186,28,28,40,67,67,81,100,178,178,28,39,124,141,159,159,182,209,134,151,185,185,25,56,69,148,148,148,163,183,183,146,146,170,170,197,244,279,295,295,320,339,339,339,373,146,146,146],"floor_reached":56,"playtime":2708,"items_purged":["Pain","champ:Execute","champ:Strike","champ:Strike"],"score":2595,"play_id":"27628dee-1ee0-4ef4-af74-19d904c53224","local_time":"20210104162213","is_ascension_mode":true,"campfire_choices":[{"data":"champ:Taunt","floor":1,"key":"SMITH"},{"floor":6,"key":"RECALL"},{"data":"champ:SwordThrow","floor":10,"key":"SMITH"},{"data":"1","floor":13,"key":"LIFT"},{"data":"2","floor":18,"key":"LIFT"},{"data":"3","floor":23,"key":"LIFT"},{"data":"champ:Duel","floor":26,"key":"SMITH"},{"data":"champ:Backstep","floor":29,"key":"SMITH"},{"data":"champ:AdrenalArmor","floor":35,"key":"SMITH"},{"data":"champ:AdrenalArmor","floor":40,"key":"SMITH"},{"data":"champ:DeathBlow","floor":42,"key":"SMITH"},{"data":"champ:Encircle","floor":47,"key":"SMITH"},{"data":"champ:BerserkersShout","floor":54,"key":"SMITH"}],"circlet_count":0,"master_deck":["AscendersBane","champ:Strike","champ:Strike","champ:Defend","champ:Defend","champ:Defend+1","champ:Defend+1","champ:Taunt+1","champ:VampiricStrike","champ:DeathBlow+1","champ:AdrenalArmor+1","champ:SwordThrow+1","champ:Encircle+1","champ:BringItOn","champ:BerserkersShout+1","champ:Duel+1","champ:VampiricStrike","champ:BerserkerStyle+1","champ:Backstep+1","champ:DeathBlow+1","champ:AdrenalArmor+1","champ:VampiricStrike","champ:VampiricStrike","champ:Backstep+1"],"relics":["champ:ChampionCrown","WarpedTongs","Guardian:PocketSentry","Girya","Philosopher\u0027s Stone","downfall:HeartBlessingRed","downfall:HeartBlessingGreen","Bronze Scales","downfall:HeartBlessingBlue","Lantern","Toy Ornithopter","Runic Pyramid","Strawberry","Membership Card","Ginger","PreservedInsect","Bag of Preparation","FossilizedHelix","Vajra","War Paint","Centennial Puzzle","Anchor","TheAbacus"],"acts_visited":["Exordium","TheCity","TheBeyond","TheEnding"],"potions_floor_usage":[12,28,31,46],"damage_taken":[{"damage":1,"enemies":"Small Slimes","floor":2,"turns":6},{"damage":23,"enemies":"Cultist","floor":4,"turns":4},{"damage":22,"enemies":"Jaw Worm","floor":5,"turns":3},{"damage":29,"enemies":"3 Louse","floor":8,"turns":3},{"damage":18,"enemies":"downfall:FleeingMerchant","floor":9,"turns":4},{"damage":21,"enemies":"2 Fungi Beasts","floor":11,"turns":2},{"damage":16,"enemies":"Gremlin Nob","floor":12,"turns":3},{"damage":6,"enemies":"Blue Slaver","floor":14,"turns":2},{"damage":20,"enemies":"Lots of Slimes","floor":15,"turns":2},{"damage":67,"enemies":"downfall:Watcher","floor":16,"turns":8},{"damage":30,"enemies":"Chosen","floor":19,"turns":3},{"damage":27,"enemies":"Shell Parasite","floor":21,"turns":4},{"damage":47,"enemies":"Centurion and Healer","floor":22,"turns":4},{"damage":66,"enemies":"Gremlin Leader","floor":25,"turns":8},{"damage":37,"enemies":"Sentry and Sphere","floor":27,"turns":3},{"damage":23,"enemies":"Book of Stabbing","floor":28,"turns":4},{"damage":73,"enemies":"downfall:FleeingMerchant","floor":30,"turns":4},{"damage":37,"enemies":"Slavers","floor":31,"turns":2},{"damage":25,"enemies":"Cultist and Chosen","floor":32,"turns":4},{"damage":104,"enemies":"downfall:Defect","floor":33,"turns":6},{"damage":27,"enemies":"Orb Walker","floor":36,"turns":3},{"damage":40,"enemies":"3 Shapes","floor":37,"turns":4},{"damage":57,"enemies":"downfall:FleeingMerchant","floor":39,"turns":4},{"damage":59,"enemies":"Giant Head","floor":43,"turns":5},{"damage":70,"enemies":"2 Orb Walkers","floor":44,"turns":4},{"damage":23,"enemies":"Nemesis","floor":45,"turns":4},{"damage":37,"enemies":"Sphere and 2 Shapes","floor":46,"turns":4},{"damage":84,"enemies":"Reptomancer","floor":48,"turns":4},{"damage":77,"enemies":"Maw","floor":49,"turns":5},{"damage":121,"enemies":"downfall:Silent","floor":50,"turns":9},{"damage":74,"enemies":"downfall:CharBossMerchant","floor":52,"turns":5},{"damage":247,"enemies":"downfall:NeowBoss","floor":55,"turns":17}],"seed_played":"-8819190631286627102","potions_obtained":[{"floor":4,"key":"PowerPotion"},{"floor":5,"key":"SneckoOil"},{"floor":8,"key":"Ancient Potion"},{"floor":12,"key":"CultistPotion"},{"floor":28,"key":"FearPotion"},{"floor":32,"key":"GamblersBrew"},{"floor":44,"key":"AttackPotion"},{"floor":45,"key":"Fruit Juice"},{"floor":49,"key":"EssenceOfSteel"}],"is_trial":false,"path_per_floor":["R","M","?","M","M","R","T","M","$","R","M","E","R","M","M","B",null,"R","M","?","M","M","R","T","E","R","M","E","R","$","E","M","B",null,"R","M","M","?","$","R","T","R","E","?","E","M","R","E","M","B",null,"E","$","R","B",null],"character_chosen":"THE_CHAMP","items_purchased":["champ:Encircle","champ:AdrenalArmor","Membership Card","Ginger","Anchor","TheAbacus"],"campfire_rested":0,"item_purchase_floors":[9,30,39,39,53,53],"current_hp_per_floor":[73,80,80,72,81,81,81,74,70,70,72,73,73,73,65,69,78,78,80,44,59,81,81,81,68,78,91,91,91,91,84,91,91,91,91,91,91,98,98,98,98,98,98,98,98,103,103,103,103,103,103,103,103,103,103],"gold":146,"neow_bonus":"ONE_RANDOM_RARE_CARD","is_daily":false,"chose_seed":false,"campfire_upgraded":9,"win_rate":0.0,"timestamp":1609748533,"path_taken":["R","M","?","M","?","R","T","M","$","R","M","E","R","M","M","BOSS","R","M","?","M","M","R","T","E","R","M","E","R","$","E","M","BOSS","R","M","M","?","$","R","T","R","E","?","E","M","R","E","M","BOSS","E","$","R","BOSS"],"items_purchased_type":["Card","Card","Relic","Relic","Relic","Relic"],"build_version":"2020-12-22","purchased_purges":4,"victory":true,"max_hp_per_floor":[81,81,81,81,81,81,81,81,81,81,81,81,81,81,81,81,81,81,81,81,81,81,81,81,81,91,91,91,91,91,91,91,91,91,91,91,91,98,98,98,98,98,98,98,98,103,103,103,103,103,103,103,103,103,103],"card_choices":[{"not_picked":["champ:CrookedStrike","champ:StanceDance"],"picked":"champ:DeathBlow","floor":2},{"not_picked":["champ:ShieldSigil","champ:TornadoPunch"],"picked":"champ:AdrenalArmor","floor":4},{"not_picked":["champ:GladiatorsShout","champ:FlashCut","champ:Circumvent"],"picked":"SKIP","floor":5},{"not_picked":["champ:SwordSigil","champ:Circumvent"],"picked":"champ:SwordThrow","floor":8},{"not_picked":["champ:Circumvent","champ:CrookedStrike","champ:FocusedDefense"],"picked":"SKIP","floor":9},{"not_picked":["champ:StanceDance","champ:Haymaker"],"picked":"champ:BringItOn","floor":11},{"not_picked":["champ:DefensiveShout","champ:StanceDance","champ:Circumvent"],"picked":"SKIP","floor":12},{"not_picked":["champ:PerfectedStrike","champ:BladeFlurry"],"picked":"champ:BerserkersShout","floor":14},{"not_picked":["champ:ShieldSigil","champ:GladiatorsShout"],"picked":"champ:Duel","floor":15},{"not_picked":["champ:PerfectForm","champ:EnchantCrown"],"picked":"champ:VampiricStrike","floor":16},{"not_picked":["champ:DefensiveShout","champ:GutPunch","champ:FaceSlap"],"picked":"SKIP","floor":19},{"not_picked":["champ:RisingSlash","champ:CalledShot"],"picked":"champ:BerserkerStyle+1","floor":21},{"not_picked":["champ:FanOfKnives","champ:ShieldSigil+1","champ:ShieldThrow"],"picked":"SKIP","floor":22},{"not_picked":["champ:IronFortress","champ:StanceDance+1"],"picked":"champ:Backstep","floor":25},{"not_picked":["champ:BringItOn","champ:Haymaker"],"picked":"champ:DeathBlow+1","floor":27},{"not_picked":["champ:ArenaPreparation","champ:BladeFlurry","champ:FocusedDefense"],"picked":"SKIP","floor":28},{"not_picked":["champ:DefensiveStyle","champ:FanOfKnives","champ:BladeFlurry"],"picked":"SKIP","floor":30},{"not_picked":["champ:DefensiveShout","champ:Haymaker","champ:Backstep"],"picked":"SKIP","floor":31},{"not_picked":["champ:FocusedDefense","champ:RisingSlash","champ:HeartStrike"],"picked":"SKIP","floor":32},{"not_picked":["champ:DancingMaster","champ:ShieldThrow"],"picked":"champ:VampiricStrike","floor":33},{"not_picked":["champ:DeathBlow","champ:ShieldWall","champ:EnGarde"],"picked":"SKIP","floor":36},{"not_picked":["champ:DefensiveStyle","champ:ShieldSigil","champ:DefensiveShout"],"picked":"SKIP","floor":37},{"not_picked":["champ:RecklessLeap","champ:DeathBlow"],"picked":"champ:VampiricStrike","floor":39},{"not_picked":["champ:BerserkersShout","champ:StanceDance"],"picked":"champ:Backstep+1","floor":43},{"not_picked":["champ:DeathBlow","champ:CalledShot+1","champ:RapidStrikes"],"picked":"SKIP","floor":45},{"not_picked":["champ:CrookedStrike","champ:AdrenalArmor","champ:SwordSigil"],"picked":"SKIP","floor":46},{"not_picked":["champ:Control","champ:GladiatorsShout","champ:SwordSigil+1"],"picked":"SKIP","floor":48},{"not_picked":["champ:BladeFlurry","champ:TornadoPunch","champ:RecklessLeap+1"],"picked":"SKIP","floor":49},{"not_picked":["champ:ShieldWall","champ:ArenaPreparation","champ:FocusedBerserking"],"picked":"SKIP","floor":52}],"player_experience":450219,"relics_obtained":[{"floor":7,"key":"Guardian:PocketSentry"},{"floor":12,"key":"Girya"},{"floor":25,"key":"Bronze Scales"},{"floor":28,"key":"Lantern"},{"floor":31,"key":"Toy Ornithopter"},{"floor":38,"key":"Strawberry"},{"floor":41,"key":"PreservedInsect"},{"floor":43,"key":"Bag of Preparation"},{"floor":44,"key":"FossilizedHelix"},{"floor":45,"key":"Vajra"},{"floor":48,"key":"War Paint"},{"floor":52,"key":"Centennial Puzzle"}],"event_choices":[{"damage_healed":0,"gold_gain":0,"player_choice":"Rummage","damage_taken":0,"relics_obtained":["WarpedTongs"],"max_hp_gain":0,"max_hp_loss":0,"event_name":"Accursed Blacksmith","floor":3,"gold_loss":0,"cards_obtained":["Pain"]},{"damage_healed":0,"gold_gain":0,"player_choice":"Fight","damage_taken":0,"max_hp_gain":0,"max_hp_loss":0,"event_name":"Mysterious Sphere","floor":44,"gold_loss":0}],"is_beta":false,"boss_relics":[{"not_picked":["SlaversCollar","Black Star"],"picked":"Philosopher\u0027s Stone"},{"not_picked":["Sozu","Snecko Eye"],"picked":"Runic Pyramid"}],"items_purged_floors":[9,30,39,53],"is_endless":false,"potions_floor_spawned":[4,5,8,12,14,19,28,32,36,44,45,49],"ascension_level":15}}