{"host":"6gnv7me3tk2udb7q","time":1609779981,"event":{"mods":["BaseMod","Bestiary","Colored Map","Minty Spire (QoL Compilation)"],"gold_per_floor":[113,113,213,233,249,249,267,297,297,297,309,323,9,9,9,86,86,98,13,24,59,69,69,140,158,158,83,158,158,187,204,204,275,275,311,327,347,359,369,429,429,429],"floor_reached":41,"playtime":2259,"items_purged":[],"score":829,"play_id":"10fdf6ad-4f27-45b5-9b46-dd27376a26c3","local_time":"20210104120621","is_ascension_mode":true,"campfire_choices":[{"data":"Eruption","floor":6.0,"key":"SMITH"},{"floor":10.0,"key":"REST"},{"data":"Wallop","floor":15.0,"key":"SMITH"},{"floor":23.0,"key":"REST"},{"floor":29.0,"key":"REST"},{"data":"BowlingBash","floor":32.0,"key":"SMITH"}],"circlet_count":0,"master_deck":["AscendersBane","Eruption+1","Vigilance","Vault","FollowUp","EmptyFist","ThirdEye","EmptyBody+1","Wallop+1","CutThroughFate","FollowUp","ConjureBlade","BowlingBash+1","WheelKick+1","SashWhip+1","CutThroughFate","FlurryOfBlows+1","ClearTheMind","Consecrate+1","LessonLearned+1","Wish","DeusExMachina","WindmillStrike+1","FlurryOfBlows+1","Crescendo","FollowUp+1","CutThroughFate+1","EmptyBody+1","FlurryOfBlows+1","FlurryOfBlows+1","FollowUp+1","Ragnarok+1","SpiritShield"],"relics":["PureWater","Potion Belt","TeardropLocket","Toolbox","Tiny Chest","SlaversCollar","The Courier","Red Mask","Molten Egg 2","Ancient Tea Set","Pandora\u0027s Box","Bag of Marbles"],"acts_visited":["Exordium","TheCity","TheBeyond"],"potions_floor_usage":[33,33,33,41],"damage_taken":[{"damage":3.0,"enemies":"Jaw Worm","floor":1.0,"turns":6.0},{"damage":0.0,"enemies":"Cultist","floor":4.0,"turns":4.0},{"damage":1.0,"enemies":"Small Slimes","floor":5.0,"turns":3.0},{"damage":9.0,"enemies":"Red Slaver","floor":7.0,"turns":6.0},{"damage":20.0,"enemies":"Gremlin Nob","floor":8.0,"turns":5.0},{"damage":0.0,"enemies":"Large Slime","floor":11.0,"turns":4.0},{"damage":4.0,"enemies":"Blue Slaver","floor":12.0,"turns":3.0},{"damage":66.0,"enemies":"Hexaghost","floor":16.0,"turns":11.0},{"damage":11.0,"enemies":"2 Thieves","floor":18.0,"turns":4.0},{"damage":17.0,"enemies":"Spheric Guardian","floor":20.0,"turns":5.0},{"damage":53.0,"enemies":"Masked Bandits","floor":21.0,"turns":5.0},{"damage":10.0,"enemies":"3 Cultists","floor":22.0,"turns":5.0},{"damage":0.0,"enemies":"Snecko","floor":25.0,"turns":2.0},{"damage":0.0,"enemies":"Gremlin Leader","floor":30.0,"turns":4.0},{"damage":6.0,"enemies":"Cultist and Chosen","floor":31.0,"turns":3.0},{"damage":37,"enemies":"Collector","floor":33,"turns":7},{"damage":4,"enemies":"3 Shapes","floor":35,"turns":3},{"damage":0,"enemies":"Orb Walker","floor":36,"turns":2},{"damage":40,"enemies":"Writhing Mass","floor":37,"turns":6},{"damage":0,"enemies":"Jaw Worm Horde","floor":38,"turns":1},{"damage":20,"enemies":"4 Shapes","floor":39,"turns":1},{"damage":18,"enemies":"Nemesis","floor":40,"turns":4},{"damage":9,"enemies":"3 Darklings","floor":41,"turns":2}],"seed_played":"2798648229835794008","potions_obtained":[{"floor":4.0,"key":"FairyPotion"},{"floor":5.0,"key":"LiquidMemories"},{"floor":7.0,"key":"Explosive Potion"},{"floor":14.0,"key":"Fruit Juice"},{"floor":14.0,"key":"Explosive Potion"},{"floor":14.0,"key":"EntropicBrew"},{"floor":16.0,"key":"AttackPotion"},{"floor":22.0,"key":"Fire Potion"},{"floor":25.0,"key":"PowerPotion"},{"floor":30.0,"key":"Energy Potion"},{"floor":39,"key":"StancePotion"}],"is_trial":false,"path_per_floor":["M","?","?","M","M","R","M","E","T","R","M","M","$","?","R","B",null,"M","?","M","?","M","R","T","M","T","?","?","R","E","M","R","B",null,"M","M","M","M","M","E","M"],"character_chosen":"WATCHER","items_purchased":["Toolbox","Tiny Chest"],"campfire_rested":3,"item_purchase_floors":[13,13],"current_hp_per_floor":[62,62,62,62,61,61,52,32,32,53,53,49,49,54,54,15,62,51,51,34,22,12,35,35,35,35,35,28,51,51,45,45,8,60,56,56,16,16,19,1,0,0],"gold":429,"neow_bonus":"ONE_RANDOM_RARE_CARD","is_daily":false,"chose_seed":false,"campfire_upgraded":3,"win_rate":0.0,"timestamp":1609779981,"path_taken":["M","?","?","M","M","R","M","E","T","R","?","M","$","?","R","BOSS","M","?","M","?","M","R","?","?","T","?","?","R","E","M","R","BOSS","M","M","M","M","M","E","M"],"items_purchased_type":["Relic","Relic"],"build_version":"2020-12-22","purchased_purges":0,"victory":false,"max_hp_per_floor":[72,72,72,72,72,72,72,72,72,72,72,72,72,77,77,77,77,77,77,77,77,77,77,77,77,77,77,77,77,77,77,77,77,77,77,77,77,77,77,77,77,77],"card_choices":[{"not_picked":["Halt","EmptyFist"],"picked":"FollowUp","floor":1.0},{"not_picked":["Study","ForeignInfluence"],"picked":"EmptyFist","floor":4.0},{"not_picked":["Halt","Evaluate"],"picked":"ThirdEye","floor":5.0},{"not_picked":["Worship","Crescendo"],"picked":"EmptyBody","floor":7.0},{"not_picked":["FlurryOfBlows","Fasting2"],"picked":"Wallop","floor":8.0},{"not_picked":["BattleHymn","Crescendo"],"picked":"CutThroughFate","floor":11.0},{"not_picked":["Adaptation","Protect"],"picked":"FollowUp","floor":12.0},{"not_picked":["Establishment","Alpha"],"picked":"ConjureBlade","floor":16.0},{"not_picked":["JustLucky","Tantrum"],"picked":"BowlingBash","floor":18.0},{"not_picked":["Worship","FollowUp"],"picked":"WheelKick+1","floor":20.0},{"not_picked":["Fasting2","EmptyFist"],"picked":"SashWhip+1","floor":21.0},{"not_picked":["FlyingSleeves","Establishment"],"picked":"CutThroughFate","floor":22.0},{"not_picked":["Evaluate","Pray+1"],"picked":"FlurryOfBlows+1","floor":25.0},{"not_picked":["Study","Halt"],"picked":"ClearTheMind","floor":30.0},{"not_picked":["Halt","BattleHymn"],"picked":"Consecrate+1","floor":31.0},{"not_picked":["MasterReality","Establishment"],"picked":"LessonLearned+1","floor":33},{"not_picked":["Protect","Tantrum+1"],"picked":"EmptyBody+1","floor":35},{"not_picked":["Worship","Adaptation"],"picked":"FlurryOfBlows+1","floor":36},{"not_picked":["EmptyFist+1","Weave+1"],"picked":"FlurryOfBlows+1","floor":37},{"not_picked":["Weave+1","SashWhip+1"],"picked":"FollowUp+1","floor":38},{"not_picked":["Prostrate","EmptyFist+1"],"picked":"Ragnarok+1","floor":39},{"not_picked":["Nirvana","Crescendo"],"picked":"SpiritShield","floor":40}],"player_experience":578498,"relics_obtained":[{"floor":8.0,"key":"Potion Belt"},{"floor":9.0,"key":"TeardropLocket"},{"floor":21.0,"key":"Red Mask"},{"floor":24.0,"key":"Molten Egg 2"},{"floor":30.0,"key":"Ancient Tea Set"},{"floor":40,"key":"Bag of Marbles"}],"event_choices":[{"damage_healed":0.0,"max_hp_gain":0.0,"max_hp_loss":0.0,"gold_gain":0.0,"event_name":"Liars Game","player_choice":"Ignored","floor":2.0,"gold_loss":0.0,"damage_taken":0.0},{"damage_healed":0.0,"max_hp_gain":0.0,"max_hp_loss":0.0,"gold_gain":100.0,"event_name":"Golden Shrine","player_choice":"Pray","floor":3.0,"gold_loss":0.0,"damage_taken":0.0},{"damage_healed":0.0,"max_hp_gain":0.0,"max_hp_loss":0.0,"gold_gain":0.0,"event_name":"Lab","player_choice":"Got Potions","floor":14.0,"gold_loss":0.0,"damage_taken":0.0},{"damage_healed":0.0,"max_hp_gain":0.0,"max_hp_loss":0.0,"gold_gain":0.0,"event_name":"Addict","player_choice":"Obtained Relic","floor":19.0,"gold_loss":85.0,"damage_taken":0.0,"relics_obtained":["The Courier"]},{"damage_healed":0.0,"max_hp_gain":0.0,"max_hp_loss":0.0,"gold_gain":0.0,"event_name":"Masked Bandits","player_choice":"Fought Bandits","floor":21.0,"gold_loss":0.0,"damage_taken":0.0},{"cards_removed":["Defend_P"],"damage_healed":0.0,"max_hp_gain":0.0,"max_hp_loss":0.0,"gold_gain":0.0,"event_name":"Beggar","player_choice":"Gave Gold","floor":27.0,"gold_loss":75.0,"damage_taken":0.0},{"damage_healed":0.0,"max_hp_gain":0.0,"max_hp_loss":0.0,"gold_gain":75.0,"event_name":"FaceTrader","player_choice":"Touch","floor":28.0,"gold_loss":0.0,"damage_taken":7.0}],"is_beta":false,"boss_relics":[{"not_picked":["Calling Bell","Velvet Choker"],"picked":"SlaversCollar"},{"not_picked":["Fusion Hammer","Cursed Key"],"picked":"Pandora\u0027s Box"}],"items_purged_floors":[],"is_endless":false,"potions_floor_spawned":[4,5,7,16,22,25,30,39],"killed_by":"3 Darklings","ascension_level":13}}