{"host":"0ydzwspkajt4brzd","time":1609736930,"event":{"mods":["AchievementEnabler","BaseMod","Colored Map","DeckTracker","Googly Eyes","Highlight Path","Minty Spire (QoL Compilation)","Quick Restart","Random Character Button","Rare Cards Sparkle"],"gold_per_floor":[117,129,148,160,177,212,212,243,296,296,310,48,60,73,73,177,177,193,193,9,9,9,9,23,48,72,107,207,227,241,252,252,252,252],"floor_reached":33,"playtime":2966,"items_purged":["Strike_G","Defend_G"],"score":376,"play_id":"f7d60fd2-7cee-45c2-9829-5b146c4d0f8c","local_time":"20210103210850","is_ascension_mode":true,"campfire_choices":[{"data":"Skewer","floor":7,"key":"SMITH"},{"floor":10,"key":"REST"},{"floor":15,"key":"REST"},{"data":"Infinite Blades","floor":23,"key":"SMITH"},{"floor":32,"key":"REST"}],"circlet_count":0,"master_deck":["Strike_G","Strike_G","Defend_G","Defend_G","Defend_G","Defend_G","Survivor","Neutralize","Predator","PiercingWail","Cloak And Dagger","Expertise","Poisoned Stab","Skewer+1","Storm of Steel","Caltrops","Terror","Infinite Blades+1","Underhanded Strike","Endless Agony","Corpse Explosion","Heel Hook","Accuracy","Deflect","Poisoned Stab+1","A Thousand Cuts","Burst","Leg Sweep+1","Cloak And Dagger","Setup"],"relics":["Ring of the Snake","Anchor","Sundial","Bag of Marbles","Membership Card","WristBlade","Bronze Scales","HornCleat","Potion Belt","Pen Nib","Tingsha","Eternal Feather"],"acts_visited":["Exordium","TheCity"],"potions_floor_usage":[6,8,8,13,27,28,28,28,33,33],"damage_taken":[{"damage":1,"enemies":"2 Louse","floor":1,"turns":3},{"damage":0,"enemies":"Cultist","floor":2,"turns":3},{"damage":2,"enemies":"Jaw Worm","floor":3,"turns":4},{"damage":6,"enemies":"Exordium Wildlife","floor":4,"turns":5},{"damage":9,"enemies":"2 Fungi Beasts","floor":5,"turns":4},{"damage":20,"enemies":"Gremlin Nob","floor":6,"turns":4},{"damage":34,"enemies":"Lagavulin","floor":8,"turns":9},{"damage":4,"enemies":"Exordium Thugs","floor":11,"turns":4},{"damage":0,"enemies":"3 Louse","floor":13,"turns":2},{"damage":6,"enemies":"2 Fungi Beasts","floor":14,"turns":3},{"damage":20,"enemies":"The Guardian","floor":16,"turns":9},{"damage":9,"enemies":"Shell Parasite","floor":18,"turns":3},{"damage":12,"enemies":"Spheric Guardian","floor":24,"turns":4},{"damage":1,"enemies":"Gremlin Leader","floor":25,"turns":7},{"damage":5,"enemies":"Slavers","floor":27,"turns":3},{"damage":2,"enemies":"Colosseum Slavers","floor":28,"turns":4},{"damage":9,"enemies":"Colosseum Nobs","floor":28,"turns":4},{"damage":4,"enemies":"Cultist and Chosen","floor":29,"turns":5},{"damage":14,"enemies":"Centurion and Healer","floor":30,"turns":3},{"damage":4,"enemies":"Snake Plant","floor":31,"turns":2},{"damage":62,"enemies":"Champ","floor":33,"turns":7}],"seed_played":"-8355059317974908630","potions_obtained":[{"floor":1,"key":"Ancient Potion"},{"floor":3,"key":"Explosive Potion"},{"floor":5,"key":"Fruit Juice"},{"floor":11,"key":"Fire Potion"},{"floor":14,"key":"SteroidPotion"},{"floor":21,"key":"GhostInAJar"},{"floor":21,"key":"BlessingOfTheForge"},{"floor":25,"key":"Energy Potion"},{"floor":27,"key":"LiquidBronze"},{"floor":28,"key":"Ancient Potion"},{"floor":29,"key":"LiquidBronze"},{"floor":30,"key":"Explosive Potion"}],"is_trial":false,"path_per_floor":["M","M","M","M","M","E","R","E","T","R","M","$","M","M","R","B",null,"M","?","$","?","$","R","M","E","T","E","?","M","M","M","R","B"],"character_chosen":"THE_SILENT","items_purchased":["Membership Card","Terror","Infinite Blades","Accuracy","Deflect","Bronze Scales"],"campfire_rested":3,"item_purchase_floors":[12,12,12,20,20,20],"current_hp_per_floor":[69,69,67,61,52,32,32,3,3,25,21,21,21,15,37,17,61,52,52,52,52,52,52,40,39,39,34,23,19,5,1,41,0,0],"gold":252,"neow_bonus":"REMOVE_CARD","is_daily":false,"chose_seed":false,"campfire_upgraded":2,"win_rate":0.0,"timestamp":1609736930,"path_taken":["M","M","M","M","M","E","R","E","T","R","M","$","M","M","R","BOSS","M","?","?","?","$","R","?","E","T","E","?","M","M","M","R","BOSS"],"items_purchased_type":["Relic","Card","Card","Card","Card","Relic"],"build_version":"2020-12-22","purchased_purges":2,"victory":false,"max_hp_per_floor":[70,70,70,70,70,70,70,75,75,75,75,75,75,75,75,75,75,75,75,75,75,75,75,75,75,75,75,75,75,75,75,75,75,75],"card_choices":[{"not_picked":["Catalyst","Backflip"],"picked":"Predator","floor":1},{"not_picked":["Bane","Flechettes"],"picked":"PiercingWail","floor":2},{"not_picked":["Predator","Flechettes"],"picked":"Cloak And Dagger","floor":3},{"not_picked":["Catalyst","Backflip"],"picked":"Expertise","floor":4},{"not_picked":["Acrobatics","PiercingWail"],"picked":"Poisoned Stab","floor":5},{"not_picked":["Cloak And Dagger","Bane"],"picked":"Skewer","floor":6},{"not_picked":["Flying Knee","Blade Dance"],"picked":"Storm of Steel","floor":8},{"not_picked":["Backflip","Dodge and Roll"],"picked":"Caltrops","floor":11},{"not_picked":["Poisoned Stab","PiercingWail"],"picked":"Underhanded Strike","floor":13},{"not_picked":["Quick Slash","Bane"],"picked":"Endless Agony","floor":14},{"not_picked":["Phantasmal Killer","Die Die Die"],"picked":"Corpse Explosion","floor":16},{"not_picked":["Dagger Spray","Underhanded Strike+1","Dagger Throw+1"],"picked":"SKIP","floor":18},{"not_picked":["Blur","Quick Slash"],"picked":"Poisoned Stab+1","floor":24},{"not_picked":["Cloak And Dagger","Malaise"],"picked":"A Thousand Cuts","floor":25},{"not_picked":["Backstab","Dagger Spray"],"picked":"Burst","floor":27},{"not_picked":["Underhanded Strike+1","Slice+1"],"picked":"Leg Sweep+1","floor":28},{"not_picked":["Riddle With Holes","Leg Sweep"],"picked":"Cloak And Dagger","floor":29},{"not_picked":["Heel Hook+1","Flying Knee"],"picked":"Setup","floor":30},{"not_picked":["Quick Slash","PiercingWail","Endless Agony"],"picked":"SKIP","floor":31}],"player_experience":448838,"relics_obtained":[{"floor":6,"key":"Anchor"},{"floor":8,"key":"Sundial"},{"floor":9,"key":"Bag of Marbles"},{"floor":25,"key":"HornCleat"},{"floor":26,"key":"Potion Belt"},{"floor":27,"key":"Pen Nib"},{"floor":28,"key":"Tingsha"},{"floor":28,"key":"Eternal Feather"}],"event_choices":[{"damage_healed":0,"gold_gain":0,"cards_transformed":["Strike_G"],"player_choice":"Transformed","damage_taken":0,"max_hp_gain":0,"max_hp_loss":0,"event_name":"Transmorgrifier","floor":19,"gold_loss":0,"cards_obtained":["Heel Hook"]},{"damage_healed":0,"gold_gain":0,"player_choice":"Got Potions","damage_taken":0,"max_hp_gain":0,"max_hp_loss":0,"event_name":"Lab","floor":21,"gold_loss":0},{"damage_healed":0,"gold_gain":0,"player_choice":"Fight","damage_taken":0,"max_hp_gain":0,"max_hp_loss":0,"event_name":"Colosseum","floor":28,"gold_loss":0},{"damage_healed":0,"gold_gain":0,"player_choice":"Fought Nobs","damage_taken":0,"max_hp_gain":0,"max_hp_loss":0,"event_name":"Colosseum","floor":28,"gold_loss":0}],"is_beta":false,"boss_relics":[{"not_picked":["Coffee Dripper","Tiny House"],"picked":"WristBlade"}],"items_purged_floors":[12,20],"is_endless":false,"potions_floor_spawned":[1,3,5,11,14,25,27,28,29,30],"killed_by":"Champ","ascension_level":5}}