{"host":"l84l8xigz5v5foa2","time":1609742775,"event":{"mods":["2.2 Compatiblity","AchievementEnabler","BaseMod","Better Note","Better Vampires","Card Filter","Colored Map","DeckTracker","Downfall","Gremlin Skip","Highlight Path","Keyboard Shortcuts","Minty Spire (QoL Compilation)","Permanent Neow","Quick Restart","Relic Filter","Relic Stats","StSLib","SuperFastMode","Transform Curses","Unknown Chances"],"gold_per_floor":[199,213,227,227,55,55,132,151,182,195,195,208,118,133,153,227,227,227,245,245,245,260,260,260,280,280,280,280,280],"floor_reached":27,"playtime":889,"items_purged":["hexamod:Strike"],"score":430,"play_id":"c848c755-9b4a-42a1-8d52-9e96f55bb2de","local_time":"20210104154615","is_ascension_mode":true,"campfire_choices":[{"data":"hexamod:Float","floor":1.0,"key":"SMITH"},{"data":"hexamod:Incineration","floor":6.0,"key":"SMITH"},{"data":"hexamod:FastForward","floor":11.0,"key":"SMITH"},{"data":"hexamod:ApocalypticArmor","floor":18.0,"key":"SMITH"},{"data":"hexamod:Rewind","floor":23.0,"key":"SMITH"},{"floor":26,"key":"RECALL"}],"circlet_count":0,"master_deck":["AscendersBane","hexamod:Strike","hexamod:Strike","hexamod:Strike","hexamod:Defend","hexamod:Defend","hexamod:Defend","hexamod:Defend","hexamod:Sear","hexamod:Float+1","hexamod:SpectersWail","hexamod:FastForward+1","hexamod:Incineration+1","hexamod:Float+1","hexamod:SwordOfDarkness+1","hexamod:SpectersWail+1","hexamod:ThermalTransfer+1","hexamod:InspiringFlames","hexamod:GhostOfSpirePast","hexamod:ApocalypticArmor+1","hexamod:Rewind+1","RitualDagger+1","hexamod:Hexaguard"],"relics":["hexamod:SpiritBrand","DollysMirror","Singing Bowl","Molten Egg 2","sneckomod:SneckoTalon","downfall:KnowingSkull","Eternal Feather"],"acts_visited":["TheCity"],"potions_floor_usage":[25],"damage_taken":[{"damage":0.0,"enemies":"Cultist","floor":2.0,"turns":3.0},{"damage":1.0,"enemies":"2 Louse","floor":3.0,"turns":2.0},{"damage":0.0,"enemies":"downfall:FleeingMerchant","floor":5.0,"turns":4.0},{"damage":0.0,"enemies":"Jaw Worm","floor":8.0,"turns":3.0},{"damage":14.0,"enemies":"Lagavulin","floor":9.0,"turns":4.0},{"damage":1.0,"enemies":"Gremlin Gang","floor":10.0,"turns":3.0},{"damage":3.0,"enemies":"3 Louse","floor":12.0,"turns":2.0},{"damage":0.0,"enemies":"downfall:FleeingMerchant","floor":13.0,"turns":4.0},{"damage":0.0,"enemies":"Exordium Wildlife","floor":14.0,"turns":2.0},{"damage":0.0,"enemies":"Lots of Slimes","floor":15.0,"turns":1.0},{"damage":21.0,"enemies":"downfall:Watcher","floor":16.0,"turns":8.0},{"damage":16.0,"enemies":"Spheric Guardian","floor":19.0,"turns":4.0},{"damage":16.0,"enemies":"Shell Parasite","floor":22.0,"turns":3.0},{"damage":1,"enemies":"Cultist and Chosen","floor":25,"turns":4},{"damage":17,"enemies":"Snake Plant","floor":27,"turns":2}],"seed_played":"-6324079969634980087","potions_obtained":[{"floor":4.0,"key":"Slimebound:ThreeZeroPotion"},{"floor":4.0,"key":"SteroidPotion"},{"floor":8.0,"key":"Fire Potion"},{"floor":10.0,"key":"Strength Potion"},{"floor":14.0,"key":"champ:CounterPotion"},{"floor":19.0,"key":"champ:CounterPotion"}],"is_trial":false,"path_per_floor":["R","M","M","?","$","R","T","M","E","M","R","M","$","M","M","B",null,"R","M","?","?","M","R","T","M","R","M"],"character_chosen":"THE_SPIRIT","items_purchased":["DollysMirror"],"campfire_rested":0,"item_purchase_floors":[5],"current_hp_per_floor":[57,57,56,56,56,56,56,58,44,45,45,42,42,42,42,21,56,56,40,34,20,6,6,6,5,17,0,0,0],"gold":280,"neow_bonus":"HUNDRED_GOLD","is_daily":false,"chose_seed":false,"campfire_upgraded":5,"win_rate":0.0,"timestamp":1609742775,"path_taken":["R","M","?","?","?","R","T","M","E","M","R","?","$","M","M","BOSS","R","M","?","?","?","R","T","M","R","M"],"items_purchased_type":["Relic"],"build_version":"2020-12-22","purchased_purges":1,"victory":false,"max_hp_per_floor":[63,63,63,63,63,63,63,65,65,67,67,67,67,67,67,67,67,67,67,67,67,69,69,69,69,69,69,69,69],"relic_stats":{"Singing Bowl":6,"counters":[15,49],"Eternal Feather":12,"obtain_stats":[{"Singing Bowl":7,"DollysMirror":5,"Molten Egg 2":9,"downfall:KnowingSkull":21,"Eternal Feather":24,"sneckomod:SneckoTalon":17,"hexamod:SpiritBrand":0},{"Singing Bowl":3,"DollysMirror":3,"Molten Egg 2":5,"downfall:KnowingSkull":12,"Eternal Feather":13,"sneckomod:SneckoTalon":11,"hexamod:SpiritBrand":0},{"Singing Bowl":9,"DollysMirror":9,"Molten Egg 2":16,"downfall:KnowingSkull":40,"Eternal Feather":43,"sneckomod:SneckoTalon":36,"hexamod:SpiritBrand":0}]},"card_choices":[{"not_picked":["hexamod:HauntingEcho","hexamod:ShieldOfDarkness"],"picked":"hexamod:SpectersWail","floor":2.0},{"not_picked":["hexamod:SpectralSpark","hexamod:HeatMetal"],"picked":"hexamod:FastForward","floor":3.0},{"not_picked":["hexamod:Haunt","hexamod:Hexaguard"],"picked":"hexamod:Incineration","floor":5.0},{"not_picked":["hexamod:BurningTouch","hexamod:GhostLash","hexamod:RadiantFlame"],"picked":"Singing Bowl","floor":8.0},{"not_picked":["hexamod:DynamicBlow+1","hexamod:Again"],"picked":"hexamod:SwordOfDarkness+1","floor":9.0},{"not_picked":["hexamod:HauntingEcho+1","hexamod:RainOfEmbers+1","hexamod:Firestarter+1"],"picked":"Singing Bowl","floor":10.0},{"not_picked":["hexamod:EmpoweredFlame","hexamod:GhostLash+1"],"picked":"hexamod:SpectersWail+1","floor":12.0},{"not_picked":["hexamod:SpectralSpark","hexamod:ParanormalForm"],"picked":"hexamod:ThermalTransfer+1","floor":13.0},{"not_picked":["hexamod:AdvancingGuard","hexamod:HauntingEcho+1"],"picked":"hexamod:InspiringFlames","floor":14.0},{"not_picked":["hexamod:ShieldOfDarkness","hexamod:RecurringNightmare"],"picked":"hexamod:GhostOfSpirePast","floor":15.0},{"not_picked":["hexamod:CrushingStance+1","hexamod:GiftsFromTheDead"],"picked":"hexamod:ApocalypticArmor","floor":16.0},{"not_picked":["hexamod:RadiantFlame","hexamod:ThirdSeal"],"picked":"hexamod:Rewind","floor":19.0},{"not_picked":["hexamod:SwordOfDarkness+1","hexamod:ThermalTransfer+1","hexamod:RainOfEmbers+1"],"picked":"Singing Bowl","floor":22.0},{"not_picked":["hexamod:Firestarter+1","hexamod:Incineration+1"],"picked":"hexamod:Hexaguard","floor":25}],"player_experience":2836326,"relics_obtained":[{"floor":7.0,"key":"Singing Bowl"},{"floor":9.0,"key":"Molten Egg 2"},{"floor":24.0,"key":"Eternal Feather"}],"event_choices":[{"damage_healed":0.0,"max_hp_gain":0.0,"max_hp_loss":0.0,"gold_gain":0.0,"event_name":"Lab","player_choice":"Got Potions","floor":4.0,"gold_loss":0.0,"damage_taken":0.0}],"is_beta":false,"boss_relics":[{"not_picked":["Ectoplasm","Sozu"],"picked":"sneckomod:SneckoTalon"}],"items_purged_floors":[13],"is_endless":false,"potions_floor_spawned":[8,10,14,15,19],"killed_by":"Snake Plant","ascension_level":20}}