{"host":"z9grmtg2w0nmz8n1","time":1609735233,"event":{"mods":["Aspiration","Bard","BaseMod","Beaked The Cultist","Better Altar","Better Match","Better Note","Better Sensory Stone","Better Skull","Better Third Choice","BetterRewards","CCEM","Colored Map","Conspire","Downfall","GifTheSpireLib","Googly Eyes","Halation","Hermit","Highlight Path","Hubris","Hunter ??","Jedi Mod","Jorbs\u0027s Wanderer Trilogy","Mad Scientist","Marisa????????","Minty Spire (QoL Compilation)","Permanent Neow","Replay The Spire","Shade Mod","Shop Mod","Spicy Shops","StSLib","Stuff the Spire","The Bug Knight","The Construct","The Necromancer","The Runesmith","The Witch"],"gold_per_floor":[115,16,16,37,58,102,102,115,115,149,167,208,208,224,224,224,224],"floor_reached":16,"playtime":896,"items_purged":["Strike_G"],"score":128,"play_id":"c66c42bd-9c85-4abb-8d86-8dd78fa89bb5","local_time":"20210104024033","is_ascension_mode":true,"campfire_choices":[{"floor":13,"key":"REST"},{"floor":15,"key":"RECALL"}],"circlet_count":0,"master_deck":["Strike_G","Strike_G","Strike_G","Strike_G","Defend_G","Defend_G","Defend_G+1","Defend_G","Defend_G","Survivor","Neutralize","Unload","Dagger Spray","Blade Dance+1","Footwork","StuffTheSpire:Rapture","Distraction","ReplayTheSpireMod:Scrap Shanks","Prepared","Cloak And Dagger"],"relics":["Ring of the Snake","Golden Idol","conspire:Dentures","Runesmith:AutoHammer","Strawberry"],"acts_visited":["Exordium"],"potions_floor_usage":[10,12,16],"damage_taken":[{"damage":0,"enemies":"2 Louse","floor":1,"turns":3},{"damage":0,"enemies":"Small Slimes","floor":4,"turns":3},{"damage":0,"enemies":"Jaw Worm","floor":5,"turns":4},{"damage":34,"enemies":"Gremlin Nob","floor":6,"turns":5},{"damage":3,"enemies":"Red Slaver","floor":8,"turns":4},{"damage":13,"enemies":"Lagavulin","floor":10,"turns":4},{"damage":0,"enemies":"Large Slime","floor":11,"turns":5},{"damage":27,"enemies":"3 Sentries","floor":12,"turns":10},{"damage":0,"enemies":"Looter","floor":14,"turns":3},{"damage":39,"enemies":"The Guardian","floor":16,"turns":10}],"seed_played":"-6179877786061006348","potions_obtained":[{"floor":4,"key":"FairyPotion"},{"floor":6,"key":"Strength Potion"},{"floor":10,"key":"SkillPotion"},{"floor":14,"key":"sneckomod:MuddlingPotion"}],"is_trial":false,"path_per_floor":["M","$","?","M","M","E","?","M","T","E","M","E","R","M","R","B"],"character_chosen":"THE_SILENT","items_purchased":["Blade Dance"],"campfire_rested":1,"item_purchase_floors":[2],"current_hp_per_floor":[70,70,65,65,65,31,31,28,28,15,15,17,38,38,38,0,0],"gold":224,"neow_bonus":"ONE_RANDOM_RARE_CARD","is_daily":false,"chose_seed":false,"campfire_upgraded":0,"win_rate":0.0,"timestamp":1609735233,"path_taken":["M","$","?","M","M","E","?","M","T","E","M","E","R","M","R","BOSS"],"items_purchased_type":["Card"],"build_version":"2020-12-22","purchased_purges":1,"victory":false,"max_hp_per_floor":[70,70,65,65,65,65,65,65,65,65,65,72,72,72,72,72,72],"card_choices":[{"not_picked":["hubris:SlightOfHand","Bane"],"picked":"Dagger Spray","floor":1},{"not_picked":["Escape Plan","StuffTheSpire:ClusterCrunch","Dodge and Roll"],"picked":"SKIP","floor":4},{"not_picked":["Leg Sweep","Sucker Punch"],"picked":"Footwork","floor":5},{"not_picked":["Sucker Punch","Footwork","StuffTheSpire:BrimstoneBlast"],"picked":"SKIP","floor":6},{"not_picked":["StuffTheSpire:Innocence","StuffTheSpire:Brawn"],"picked":"StuffTheSpire:Rapture","floor":7},{"not_picked":["Acrobatics","Slice"],"picked":"Distraction","floor":8},{"not_picked":["Backflip","ReplayTheSpireMod:Speed Training"],"picked":"ReplayTheSpireMod:Scrap Shanks","floor":10},{"not_picked":["Backflip","Eviscerate"],"picked":"Prepared","floor":11},{"not_picked":["Sucker Punch","StuffTheSpire:ClusterCrunch","StuffTheSpire:FinalStruggle"],"picked":"SKIP","floor":12},{"not_picked":["StuffTheSpire:Injection","Escape Plan"],"picked":"Cloak And Dagger","floor":14}],"player_experience":770632,"relics_obtained":[{"floor":6,"key":"War Paint"},{"floor":9,"key":"conspire:Dentures"},{"floor":10,"key":"Runesmith:AutoHammer"},{"floor":12,"key":"Strawberry"}],"event_choices":[{"damage_healed":0,"gold_gain":0,"player_choice":"Lose Max HP","damage_taken":0,"relics_obtained":["Golden Idol"],"max_hp_gain":0,"max_hp_loss":5,"event_name":"Golden Idol","floor":3,"gold_loss":0}],"is_beta":false,"boss_relics":[],"items_purged_floors":[2],"is_endless":false,"potions_floor_spawned":[4,6,10,14],"killed_by":"The Guardian","ascension_level":1}}