{"host":"hxmfoq77054plnuw","time":1609801587,"event":{"mods":["BaseMod","Colored Map","Colored Powertips","Downfall","Highlight Path","Minty Spire (QoL Compilation)","Quick Restart","Replay The Spire","Shop Mod","StSLib","SuperFastMode","[功能]功能增强和修复MOD","vexMod","【遗物卡牌】REMEMod","篝火指南"],"gold_per_floor":[109,109,104,121,191,224,224,300,300,334,367,398,433,464,193,324,324,339,339,233,8,8,39,39,87,87,120,158,18,54,86,86,189,189,209,42,135,20,31,60,87,115,115,39,39,68,102,137,83,198,198,224,242,251,117,131,200,200,24,50,50,50,50,10,37,88,198,198,213,35,35,63,63,32,68,68,93,50,62,62,80,91,19,123,123,136,156,78,300,186,202,211,211,211,211,254,12,0,0,72,103,103,214,214,214,214],"floor_reached":105,"playtime":5765,"items_purged":["Regret","sneckomod:Bewildered","Iron Wave","Ghostly Armor","Thunderclap","Battle Trance","ReplayTheSpireMod:Splinters","Pommel Strike+1","Cleave+1","Seeing Red","Guardian:FierceBash+1","Languid","Warcry","Rage+1","Metallicize","Metallicize+1","Metallicize","Fiend Fire","ReplayTheSpireMod:Muscle Training","ReplayTheSpireMod:Muscle Training+1","Metallicize+1","Spot Weakness+1","REME_HeartOfCthun","REME_TwoStrings","Pot Of Greed","Pot Of Greed","Shrug It Off+1","Shrug It Off+1","Double Tap+1","Pot Of Greed","ReplayTheSpireMod:Necrogeddon","Writhe","ReplayTheSpireMod:Necrogeddon"],"score":3152,"play_id":"9eba3f2c-aa65-452a-b9fc-3c7a743a196c","local_time":"20210105000627","daily_mods":["SealedDeck","Heirloom","Flight"],"is_ascension_mode":false,"campfire_choices":[{"data":"Body Slam","floor":7,"key":"SMITH"},{"data":"Ghostly","floor":32,"key":"SMITH"},{"data":"Entrench","floor":58,"key":"SMITH"},{"data":"1","floor":61,"key":"LIFT"},{"data":"2","floor":62,"key":"LIFT"},{"data":"3","floor":63,"key":"LIFT"},{"data":"Berserk","floor":80,"key":"SMITH"},{"floor":102,"key":"DIG"}],"circlet_count":0,"master_deck":["Body Slam+1","Limit Break+1","Ghostly+1","Ghostly+1","Ghostly+1","Ghostly+1","Ghostly+1","REME_AllRoundStrike+1","Burning Pact+1","Exhume+1","Berserk+1","Entrench+1","Berserk","REME_BodyOfCthun","Feed+1","Feed+1","Feed","Purity+1","Impervious","Whirlwind+1","REME_BuildACard+1","Exhume"],"relics":["Burning Blood","REME_ComplimentaryCards","Incense Burner","Mummified Hand","ReplayTheSpireMod:Ninjato","vexMod:ConsolationPrize","Blood Vial","The Courier","MerchantsRug","ReplayTheSpireMod:CursedCoin","vexMod:MemoryStick","PreservedInsect","MutagenicStrength","Pen Nib","Turnip","MealTicket","Ancient Tea Set","King of Hearts","Pocketwatch","Calipers","Bag of Preparation","Lantern","White Beast Statue","Orichalcum","ReplayTheSpireMod:TigerMarble","Mirror","Meat on the Bone","vexMod:FocusSash","Bronze Scales","hexamod:BolsterEngine","vexMod:Cooldron","ReplayFunnel","champ:DeflectingBracers","Anchor","Replay:Accelerometer","REME_LimitBreaker","CeramicFish","vexMod:Spyglass","Quantum Egg","Gremlin Food","Replay:Wax Seal","Girya","Guardian:PocketSentry","Odd Mushroom","Coffee Dripper","Membership Card","Replay:Multitool","Sundial","Red Mask","Shuriken","Grinning Jar","Blue Doll","Replay:Ringing Soul","sneckomod:BlankCard","Divine Protection","Medical Kit","OrangePellets","REME_ArchaeologicalTools","War Paint","Oddly Smooth Stone","Boot","Replay:Mystery Machine","Eternal Feather","ReplayTheSpireMod:Shallot","Snecko Eye"],"acts_visited":["Exordium","TheCity","TheBeyond","Exordium","TheCity","TheBeyond","Exordium"],"potions_floor_usage":[18,18,49,49,49,55,55,55,57,57,59,66,70,70,74,77,88,88,88,88,88,97,97],"damage_taken":[{"damage":0,"enemies":"Cultist","floor":1,"turns":4},{"damage":1,"enemies":"Jaw Worm","floor":4,"turns":3},{"damage":6,"enemies":"Lagavulin","floor":6,"turns":8},{"damage":2,"enemies":"3 Sentries","floor":10,"turns":6},{"damage":0,"enemies":"Replay:BlueRogue","floor":11,"turns":5},{"damage":0,"enemies":"Lagavulin","floor":12,"turns":5},{"damage":9,"enemies":"3 Sentries","floor":13,"turns":5},{"damage":0,"enemies":"Replay:BlueRogue","floor":14,"turns":6},{"damage":35,"enemies":"Hexaghost","floor":16,"turns":11},{"damage":0,"enemies":"Chosen","floor":18,"turns":4},{"damage":0,"enemies":"Gremlin Leader","floor":23,"turns":5},{"damage":22,"enemies":"Slavers","floor":25,"turns":5},{"damage":3,"enemies":"Book of Stabbing","floor":27,"turns":5},{"damage":12,"enemies":"Slavers","floor":28,"turns":4},{"damage":4,"enemies":"Replay:Snechameleon","floor":30,"turns":4},{"damage":0,"enemies":"Book of Stabbing","floor":31,"turns":5},{"damage":0,"enemies":"Collector","floor":33,"turns":5},{"damage":4,"enemies":"Orb Walker","floor":35,"turns":4},{"damage":0,"enemies":"3 Darklings","floor":39,"turns":5},{"damage":0,"enemies":"Giant Head","floor":40,"turns":7},{"damage":0,"enemies":"Reptomancer","floor":41,"turns":5},{"damage":1,"enemies":"Giant Head","floor":42,"turns":5},{"damage":0,"enemies":"R_Hoarder","floor":46,"turns":4},{"damage":0,"enemies":"Giant Head","floor":47,"turns":5},{"damage":0,"enemies":"Reptomancer","floor":48,"turns":1},{"damage":6,"enemies":"Time Eater","floor":50,"turns":5},{"damage":0,"enemies":"Small Slimes","floor":52,"turns":1},{"damage":0,"enemies":"2 Louse","floor":53,"turns":1},{"damage":3,"enemies":"Jaw Worm","floor":56,"turns":2},{"damage":1,"enemies":"3 Sentries","floor":57,"turns":3},{"damage":0,"enemies":"The Mushroom Lair","floor":65,"turns":5},{"damage":0,"enemies":"Fading Forest","floor":67,"turns":7},{"damage":0,"enemies":"Chosen","floor":69,"turns":2},{"damage":0,"enemies":"Masked Bandits","floor":72,"turns":2},{"damage":0,"enemies":"REME_1_Revenger","floor":77,"turns":2},{"damage":0,"enemies":"Spheric Guardian","floor":79,"turns":1},{"damage":0,"enemies":"Snake Plant","floor":82,"turns":2},{"damage":0,"enemies":"Automaton","floor":84,"turns":3},{"damage":0,"enemies":"Orb Walker","floor":86,"turns":3},{"damage":0,"enemies":"3 Shapes","floor":87,"turns":3},{"damage":0,"enemies":"Transient","floor":91,"turns":5},{"damage":0,"enemies":"R_Hoarder","floor":96,"turns":2},{"damage":0,"enemies":"4 Shapes","floor":100,"turns":2},{"damage":0,"enemies":"Maw","floor":101,"turns":4},{"damage":0,"enemies":"Awakened One","floor":103,"turns":5},{"damage":0,"enemies":"Small Slimes","floor":105,"turns":1}],"seed_played":"6815109874293867258","potions_obtained":[{"floor":6,"key":"Guardian:BlockOnCardUsePotion"},{"floor":11,"key":"DistilledChaos"},{"floor":12,"key":"Weak Potion"},{"floor":16,"key":"Fire Potion"},{"floor":18,"key":"Fruit Juice"},{"floor":27,"key":"ColorlessPotion"},{"floor":31,"key":"DuplicationPotion"},{"floor":39,"key":"CultistPotion"},{"floor":40,"key":"Swift Potion"},{"floor":41,"key":"Fire Potion"},{"floor":42,"key":"Death Potion"},{"floor":46,"key":"EntropicBrew"},{"floor":47,"key":"EntropicBrew"},{"floor":48,"key":"EntropicBrew"},{"floor":50,"key":"EntropicBrew"},{"floor":52,"key":"EntropicBrew"},{"floor":53,"key":"EntropicBrew"},{"floor":56,"key":"EntropicBrew"},{"floor":57,"key":"EntropicBrew"},{"floor":65,"key":"EntropicBrew"},{"floor":67,"key":"EntropicBrew"},{"floor":69,"key":"EntropicBrew"},{"floor":72,"key":"EntropicBrew"},{"floor":77,"key":"EntropicBrew"},{"floor":79,"key":"EntropicBrew"},{"floor":82,"key":"EntropicBrew"},{"floor":84,"key":"EntropicBrew"},{"floor":86,"key":"EntropicBrew"},{"floor":87,"key":"EntropicBrew"},{"floor":91,"key":"EntropicBrew"},{"floor":96,"key":"EntropicBrew"},{"floor":100,"key":"EntropicBrew"},{"floor":101,"key":"EntropicBrew"},{"floor":103,"key":"EntropicBrew"}],"is_trial":true,"path_per_floor":["M","?","$","M","?","E","R","T","T","E","E","E","E","E","R_BF","B",null,"M","?","$","$","?","E","?","E","T","E","E","$","E","E","R","B",null,"M","$","?","$","M","E","E","E","T","$","?","E","E","E","R_BF","B",null,"?","?","?","T","M","E","R","R","T","R","R","R","$","?","R","B",null,"M","$","T","?","T","R","$","?","E","R","M","R","T","M","R_BF","B",null,"M","M","$","?","$","M","?","?","PTL","PTL","E","$","?","?","M","M","R_BF","B",null,"M"],"character_chosen":"IRONCLAD","items_purchased":["MerchantsRug","ReplayTheSpireMod:CursedCoin","vexMod:MemoryStick","vexMod:BerryBomb","PreservedInsect","Limit Break+1","Whetstone","Pen Nib","Turnip","REME_AllRoundStrike","White Beast Statue","Guide Book","hexamod:BolsterEngine","vexMod:Cooldron","Metallicize","REME_LimitBreaker","CeramicFish","Fiend Fire","vexMod:Spyglass","Quantum Egg","Gremlin Food","Replay:Wax Seal","Girya","Warcry","Berserk","REME_BodyOfCthun","Feed","Membership Card","Replay:Multitool","Strawberry","Feed","ReplayTheSpireMod:ShopPack","Shuriken","Lee\u0027s Waffle","Blue Doll","vexMod:BerryBomb","Replay:Ringing Soul","sneckomod:BlankCard","Divine Protection","Medical Kit","Whetstone","Potion Belt","ReplayTheSpireMod:Necrogeddon","REME_BuildACard","OrangePellets","REME_ArchaeologicalTools","War Paint","Oddly Smooth Stone","Boot","Replay:Mystery Machine","Eternal Feather"],"campfire_rested":0,"item_purchase_floors":[15,15,15,15,15,20,21,21,21,29,36,38,44,44,49,49,49,55,55,55,55,59,59,59,64,64,70,70,70,74,74,75,78,78,83,88,88,88,88,90,90,90,90,97,97,97,97,97,97,97,97],"current_hp_per_floor":[80,80,80,80,80,80,80,80,80,80,80,80,82,85,91,62,91,96,96,96,96,48,48,48,32,32,37,33,48,48,48,48,48,48,48,48,48,48,48,48,48,48,48,48,48,48,62,72,72,72,72,72,72,72,72,75,75,75,75,75,75,75,75,75,75,75,75,75,75,75,75,81,81,88,88,88,88,95,95,95,95,98,98,101,101,104,113,119,119,122,126,129,119,119,119,130,135,135,135,146,150,150,159,159,159,159],"gold":214,"neow_bonus":"","is_daily":false,"chose_seed":false,"campfire_upgraded":4,"win_rate":0.0,"timestamp":1609801587,"path_taken":["M","?","$","M","?","E","R","?","T","E","E","E","E","E","R_BF","BOSS","M","?","$","$","?","E","?","E","T","E","E","$","E","E","R","BOSS","M","$","?","$","M","E","E","E","T","$","?","E","E","E","R_BF","BOSS","?","?","?","T","?","E","R","R","T","R","R","R","?","?","R","BOSS","M","$","?","?","?","R","?","?","E","R","?","R","?","?","R_BF","BOSS","M","?","$","?","$","?","?","?","PTL","PTL","E","$","?","?","M","?","R_BF","BOSS","M"],"items_purchased_type":["Relic","Relic","Relic","Relic","Relic","Card","Relic","Relic","Relic","Card","Relic","Relic","Relic","Relic","Card","Relic","Relic","Card","Relic","Relic","Relic","Relic","Relic","Card","Card","Card","Card","Relic","Relic","Relic","Card","Relic","Relic","Relic","Relic","Relic","Relic","Relic","Relic","Relic","Relic","Relic","Card","Card","Relic","Relic","Relic","Relic","Relic","Relic","Relic"],"build_version":"2020-12-22","purchased_purges":33,"victory":false,"max_hp_per_floor":[80,80,80,80,80,80,80,80,80,80,80,80,85,85,91,91,91,96,96,96,96,48,48,48,48,48,48,48,48,48,48,48,48,48,48,48,48,48,48,48,48,48,48,48,48,48,62,72,72,72,72,72,72,72,72,75,75,75,75,75,75,75,75,75,75,75,75,75,75,75,75,81,81,88,88,88,88,95,95,95,95,98,98,101,101,104,113,119,119,122,126,129,129,129,129,132,135,135,135,146,150,150,159,159,159,159],"card_choices":[{"not_picked":["Combust","Body Slam","Armaments"],"picked":"SKIP","floor":1},{"not_picked":["Clothesline","Anger","Rupture"],"picked":"SKIP","floor":4},{"not_picked":["Spot Weakness","Defy Death","Dual Wield"],"picked":"SKIP","floor":6},{"not_picked":["Second Wind","Armaments","Fiend Fire"],"picked":"SKIP","floor":10},{"not_picked":["Havoc","Wild Strike","Flame Barrier"],"picked":"SKIP","floor":11},{"not_picked":["Iron Wave","Brutality","Replay:Undeath\u0027s Touch"],"picked":"SKIP","floor":12},{"not_picked":["Havoc","Evolve","ReplayTheSpireMod:Strike From Hell"],"picked":"SKIP","floor":13},{"not_picked":["Hemokinesis","REME_FearOfPain"],"picked":"Metallicize","floor":14},{"not_picked":["Juggernaut","Brutality"],"picked":"Double Tap","floor":16},{"not_picked":["Warcry+1","ReplayTheSpireMod:LeadingStrike","Defy Death"],"picked":"SKIP","floor":18},{"not_picked":["Shrug It Off","REME_ACTH"],"picked":"Spot Weakness+1","floor":23},{"not_picked":["Abandon+1","Rupture+1","Iron Wave+1"],"picked":"SKIP","floor":25},{"not_picked":["Brutality","Twin Strike"],"picked":"Seeing Red","floor":27},{"not_picked":["Blood for Blood","Wild Strike"],"picked":"Battle Trance","floor":28},{"not_picked":["Armaments","Wild Strike"],"picked":"Burning Pact+1","floor":30},{"not_picked":["ReplayTheSpireMod:Stacked","Juggernaut","Pommel Strike"],"picked":"SKIP","floor":31},{"not_picked":["Demon Form","Juggernaut"],"picked":"Exhume","floor":33},{"not_picked":["Clash","Perfected Strike"],"picked":"Metallicize","floor":35},{"not_picked":["Warcry","Clothesline","Reckless Charge+1"],"picked":"SKIP","floor":39},{"not_picked":["Sever Soul+1","ReplayTheSpireMod:Corrosion Curse","Combust+1"],"picked":"SKIP","floor":40},{"not_picked":["Perfected Strike+1","Armaments+1"],"picked":"ReplayTheSpireMod:Muscle Training+1","floor":41},{"not_picked":["Massacre+1","Armaments+1","Combust+1"],"picked":"SKIP","floor":42},{"not_picked":["Clash+1","Brutality","Heavy Blade"],"picked":"SKIP","floor":46},{"not_picked":["Double Tap","Armaments+1"],"picked":"Metallicize+1","floor":47},{"not_picked":["Wild Strike+1","Anger","Clothesline"],"picked":"SKIP","floor":48},{"not_picked":["REME_Fury","Offering"],"picked":"Berserk","floor":50},{"not_picked":["Armaments","Sword Boomerang"],"picked":"ReplayTheSpireMod:Muscle Training","floor":52},{"not_picked":["Defy Death","Anger","ReplayTheSpireMod:Strike From Hell"],"picked":"SKIP","floor":53},{"not_picked":["Wild Strike","Evolve","REME_SingleHolding"],"picked":"SKIP","floor":56},{"not_picked":["Replay:Undeath\u0027s Touch","Seeing Red"],"picked":"Entrench","floor":57},{"not_picked":["Eclipse","Reaper"],"picked":"Feed","floor":67},{"not_picked":["Clash","Pommel Strike","Wild Strike"],"picked":"SKIP","floor":69},{"not_picked":["Magnetism","REME_MawOfCthun"],"picked":"REME_HeartOfCthun","floor":75},{"not_picked":["Replay:Sssssssssstrike","REME_ShortnessOfBreath"],"picked":"REME_TwoStrings","floor":75},{"not_picked":["Violence","Panacea"],"picked":"Purity","floor":75},{"not_picked":["True Grit","Twin Strike","Rage"],"picked":"SKIP","floor":77},{"not_picked":["Havoc","Spot Weakness","ReplayTheSpireMod:Strike From Hell"],"picked":"SKIP","floor":79},{"not_picked":["Havoc","Spot Weakness","ReplayTheSpireMod:Strike From Hell"],"picked":"SKIP","floor":79},{"not_picked":["Battle Trance+1","Clothesline","Perfected Strike"],"picked":"SKIP","floor":82},{"not_picked":["Fiend Fire","Reaper"],"picked":"Impervious","floor":84},{"not_picked":["Twin Strike+1","True Grit","Run Through+1"],"picked":"SKIP","floor":86},{"not_picked":["Shrug It Off+1","ReplayTheSpireMod:Strike From Hell+1","Shockwave+1"],"picked":"SKIP","floor":87},{"not_picked":["Spot Weakness+1","REME_ACTH","Headbutt"],"picked":"SKIP","floor":91},{"not_picked":["Havoc+1","Body Slam"],"picked":"Whirlwind+1","floor":96},{"not_picked":["Dark Embrace","ReplayTheSpireMod:Strike From Hell+1","Body Slam+1"],"picked":"SKIP","floor":100},{"not_picked":["True Grit","Twin Strike+1","Flex"],"picked":"SKIP","floor":101},{"not_picked":["Brutality","Demon Form"],"picked":"Exhume","floor":103}],"player_experience":307119,"relics_obtained":[{"floor":6,"key":"ReplayTheSpireMod:Ninjato"},{"floor":8,"key":"Bottled Lightning"},{"floor":9,"key":"vexMod:ConsolationPrize"},{"floor":10,"key":"Blood Vial"},{"floor":11,"key":"The Courier"},{"floor":12,"key":"Du-Vu Doll"},{"floor":13,"key":"vexMod:Dragonfruit"},{"floor":14,"key":"War Paint"},{"floor":23,"key":"MealTicket"},{"floor":25,"key":"Ancient Tea Set"},{"floor":26,"key":"King of Hearts"},{"floor":27,"key":"Pocketwatch"},{"floor":28,"key":"Calipers"},{"floor":30,"key":"Bag of Preparation"},{"floor":31,"key":"Lantern"},{"floor":37,"key":"Orichalcum"},{"floor":40,"key":"ReplayTheSpireMod:TigerMarble"},{"floor":40,"key":"Potion Belt"},{"floor":41,"key":"Mirror"},{"floor":41,"key":"Meat on the Bone"},{"floor":42,"key":"vexMod:FocusSash"},{"floor":42,"key":"Bronze Scales"},{"floor":43,"key":"Replay:Bottled Eggs"},{"floor":46,"key":"ReplayFunnel"},{"floor":46,"key":"champ:DeflectingBracers"},{"floor":47,"key":"Mango"},{"floor":47,"key":"Anchor"},{"floor":48,"key":"Replay:Accelerometer"},{"floor":48,"key":"Pear"},{"floor":60,"key":"Guardian:PocketSentry"},{"floor":65,"key":"Odd Mushroom"},{"floor":71,"key":"Sundial"},{"floor":72,"key":"Red Mask"},{"floor":73,"key":"Replay:Bottled Snecko"},{"floor":81,"key":"Grinning Jar"},{"floor":102,"key":"ReplayTheSpireMod:Shallot"}],"event_choices":[{"damage_healed":0,"gold_gain":0,"player_choice":"Box","damage_taken":0,"relics_obtained":["Mummified Hand"],"max_hp_gain":0,"max_hp_loss":0,"event_name":"Big Fish","floor":2,"gold_loss":0,"cards_obtained":["Regret"]},{"damage_healed":0,"gold_gain":70,"player_choice":"Gained Gold","damage_taken":0,"max_hp_gain":0,"max_hp_loss":0,"event_name":"Golden Wing","floor":5,"gold_loss":0},{"damage_healed":0,"gold_gain":0,"player_choice":"Inject Mutagens","damage_taken":0,"relics_obtained":["MutagenicStrength"],"max_hp_gain":0,"max_hp_loss":0,"event_name":"Drug Dealer","floor":19,"gold_loss":0},{"damage_healed":0,"gold_gain":0,"player_choice":"Became a Ghost","damage_taken":0,"max_hp_gain":0,"max_hp_loss":48,"event_name":"Ghosts","floor":22,"gold_loss":0,"cards_obtained":["Ghostly","Ghostly","Ghostly","Ghostly","Ghostly"]},{"cards_removed":["Iron Wave"],"damage_healed":0,"gold_gain":0,"player_choice":"Removed Attack","damage_taken":0,"max_hp_gain":0,"max_hp_loss":0,"event_name":"Falling","floor":45,"gold_loss":0},{"damage_healed":0,"gold_gain":0,"player_choice":"Fought Mushrooms","damage_taken":0,"max_hp_gain":0,"max_hp_loss":0,"event_name":"Mushrooms","floor":65,"gold_loss":0},{"damage_healed":0,"gold_gain":0,"player_choice":"Fought Bandits","damage_taken":0,"max_hp_gain":0,"max_hp_loss":0,"event_name":"Masked Bandits","floor":72,"gold_loss":0},{"damage_healed":0,"gold_gain":0,"player_choice":"Simplicity","damage_taken":0,"max_hp_gain":0,"max_hp_loss":0,"event_name":"Back to Basics","floor":76,"gold_loss":0,"cards_upgraded":[]},{"damage_healed":0,"gold_gain":222,"player_choice":"Wore Mask","damage_taken":0,"max_hp_gain":0,"max_hp_loss":0,"event_name":"Tomb of Lord Red Mask","floor":89,"gold_loss":0},{"damage_healed":32,"gold_gain":0,"player_choice":"Writhe","damage_taken":0,"max_hp_gain":0,"max_hp_loss":0,"event_name":"Winding Halls","floor":92,"gold_loss":0,"cards_obtained":["Writhe"]},{"damage_healed":0,"gold_gain":0,"player_choice":"Memory 3","damage_taken":10,"max_hp_gain":0,"max_hp_loss":0,"event_name":"SensoryStone","floor":93,"gold_loss":0},{"damage_healed":0,"gold_gain":0,"player_choice":"Ignored","damage_taken":0,"max_hp_gain":0,"max_hp_loss":0,"event_name":"NoteForYourself","floor":99,"gold_loss":0}],"is_beta":false,"boss_relics":[{"not_picked":["vexMod:NewClearReactor","vexMod:BigBerry"],"picked":"vexMod:ImprovementManual"},{"not_picked":["vexMod:CursedCompass","SacredBark"],"picked":"Black Star"},{"not_picked":["Mark of Pain","Abe\u0027s Treasure"],"picked":"Painkiller Herb"},{"not_picked":["Ring of Chaos","REME_ChargedStone"],"picked":"Coffee Dripper"},{"not_picked":["Honey Jar","vexMod:EndlessSickness","Replay:Wanted Poster"]},{"not_picked":["Velvet Choker","Busted Crown"],"picked":"Snecko Eye"}],"items_purged_floors":[3,15,20,20,20,36,44,49,49,49,49,55,59,64,66,66,66,66,66,66,66,66,78,83,83,83,88,88,88,90,90,97,97],"is_endless":true,"potions_floor_spawned":[6,11,12,14,16,18,27,31,39,40,41,42,46,47,48,50,52,53,56,57,65,67,69,72,77,79,82,84,86,87,91,96,100,101,103],"killed_by":"Small Slimes","ascension_level":0}}