{"host":"94qggqh0xz0sp6ai","time":1609736292,"event":{"mods":["Abigail Mod","Act Like it!","BaseMod","CapriCore","Downfall","Friendly Minions","Gensokyo","Hermit","Jorbs\u0027s Wanderer Trilogy","Koishi","Marisa（霧雨　魔理沙）","Minty Spire (QoL Compilation)","Permanent Neow","Reimu（博??梦）","StSLib","The Alterego","The Construct","The Cursed","The Hierophant","The Immortal","The Senshi","The Servant 0.9.4","TheBandit","Waifu the Spire"],"gold_per_floor":[17,17,30,30,30,30,61,61,61,61,61,61,71,97,97,171,171,182,162,181,196,215,215,215],"floor_reached":23,"playtime":805,"items_purged":[],"score":348,"play_id":"bdeb0c16-adac-4066-8f02-0caf557e2528","local_time":"20210103225812","is_ascension_mode":true,"campfire_choices":[{"data":"TightArray:ReiMu","floor":6,"key":"SMITH"},{"data":"YinYang:ReiMu","floor":8,"key":"SMITH"},{"data":"AirStrike:ReiMu","floor":10,"key":"SMITH"},{"data":"AirManeuver:ReiMu","floor":15,"key":"SMITH"}],"circlet_count":0,"master_deck":["AscendersBane","Strike_Lin:ReiMu","Strike_Lin:ReiMu","Strike_Lin:ReiMu","Defend_Lin:ReiMu","Defend_Lin:ReiMu","Defend_Lin:ReiMu","Defend_Lin:ReiMu","NB:ReiMu+1","Stagnation:ReiMu","AirStrike:ReiMu+1","TightArray:ReiMu+1","YinYang:ReiMu+1","RainPray2:ReiMu","Meditation:ReiMu","AirManeuver:ReiMu+1","CleanRite:ReiMu","CurseOfTheBell","MikOfLucky:ReiMu+1","UpKicking:ReiMu","OctopathBindingBorder2:ReiMu","SpreadBorder2:ReiMu"],"relics":["FlyPower:ReiMu","Bag of Preparation","theSenshi:FeatherClipsRelic","Nunchaku","Calling Bell","PreservedInsect","Matryoshka","Gambling Chip"],"acts_visited":["Exordium","TheCity"],"potions_floor_usage":[23,23],"damage_taken":[{"damage":0,"enemies":"2 Louse","floor":1,"turns":4},{"damage":2,"enemies":"Small Slimes","floor":3,"turns":4},{"damage":25,"enemies":"Gremlin Nob","floor":7,"turns":5},{"damage":0,"enemies":"Cultist","floor":13,"turns":2},{"damage":15,"enemies":"3 Sentries","floor":14,"turns":8},{"damage":15,"enemies":"Slime Boss","floor":16,"turns":13},{"damage":8,"enemies":"Shell Parasite","floor":18,"turns":6},{"damage":10,"enemies":"Spheric Guardian","floor":20,"turns":6},{"damage":18,"enemies":"Centurion and Healer","floor":21,"turns":7},{"damage":30,"enemies":"3 Cultists","floor":22,"turns":6},{"damage":19,"enemies":"Slavers","floor":23,"turns":2}],"seed_played":"3432368591868738331","potions_obtained":[{"floor":7,"key":"SmokeBomb"},{"floor":13,"key":"SpeedPotion"},{"floor":18,"key":"FearPotion"},{"floor":19,"key":"Weak Potion"}],"is_trial":false,"path_per_floor":["M","?","M","?","?","R","E","R","T","R","?","$","M","E","R","B",null,"M","?","M","M","M","E"],"character_chosen":"REIMU","items_purchased":[],"campfire_rested":0,"item_purchase_floors":[],"current_hp_per_floor":[66,66,64,57,57,57,32,32,32,32,32,32,38,29,29,20,59,57,57,53,41,17,0,0],"gold":215,"neow_bonus":"TWENTY_PERCENT_HP_BONUS","is_daily":false,"chose_seed":false,"campfire_upgraded":4,"win_rate":0.0,"timestamp":1609736292,"path_taken":["M","?","M","?","?","R","E","R","T","R","?","$","?","E","R","BOSS","M","?","M","M","?","E"],"items_purchased_type":[],"build_version":"2020-12-22","purchased_purges":0,"victory":false,"max_hp_per_floor":[72,72,72,72,72,72,72,72,72,72,72,72,72,72,72,72,72,72,72,72,72,72,72,72],"card_choices":[{"not_picked":["WonderfulDomain:ReiMu","OrbThrow:ReiMu"],"picked":"AirStrike:ReiMu","floor":1},{"not_picked":["WonderfulDomain:ReiMu","YinYangSign:ReiMu"],"picked":"TightArray:ReiMu","floor":3},{"not_picked":["Conquer:ReiMu","PassingAway:ReiMu"],"picked":"YinYang:ReiMu","floor":7},{"not_picked":["OrbThrow:ReiMu","KamiSacrifice:ReiMu"],"picked":"Meditation:ReiMu","floor":13},{"not_picked":["ShadowOfCrow2:ReiMu","AirStrike:ReiMu"],"picked":"AirManeuver:ReiMu","floor":14},{"not_picked":["CeremonyResonance:ReiMu","KyokaiOfKami:ReiMu"],"picked":"CleanRite:ReiMu","floor":16},{"not_picked":["Intuition:ReiMu","ForcedLanding:ReiMu"],"picked":"MikOfLucky:ReiMu+1","floor":18},{"not_picked":["SpreadBorder2:ReiMu","CareerPray:ReiMu"],"picked":"UpKicking:ReiMu","floor":20},{"not_picked":["Enchanting:ReiMu","ManaGlint:ReiMu"],"picked":"OctopathBindingBorder2:ReiMu","floor":21},{"not_picked":["AirManeuver:ReiMu","MountainWay:ReiMu"],"picked":"SpreadBorder2:ReiMu","floor":22}],"player_experience":1402709,"relics_obtained":[{"floor":7,"key":"Bag of Preparation"},{"floor":9,"key":"theSenshi:FeatherClipsRelic"},{"floor":14,"key":"Nunchaku"},{"floor":17,"key":"PreservedInsect"},{"floor":17,"key":"Matryoshka"},{"floor":17,"key":"Gambling Chip"}],"event_choices":[{"damage_healed":0,"gold_gain":0,"player_choice":"Grow","damage_taken":0,"max_hp_gain":0,"max_hp_loss":0,"event_name":"Living Wall","floor":2,"gold_loss":0,"cards_upgraded":["NB:ReiMu"]},{"cards_removed":["Strike_Lin:ReiMu"],"damage_healed":0,"gold_gain":0,"player_choice":"Card Removal","damage_taken":7,"max_hp_gain":0,"max_hp_loss":0,"event_name":"Golden Wing","floor":4,"gold_loss":0},{"damage_healed":0,"gold_gain":0,"player_choice":"1 cards matched","damage_taken":0,"max_hp_gain":0,"max_hp_loss":0,"event_name":"Match and Keep!","floor":11,"gold_loss":0,"cards_obtained":["RainPray2:ReiMu"]},{"damage_healed":0,"gold_gain":0,"player_choice":"Bought 1 Potion","damage_taken":0,"max_hp_gain":0,"max_hp_loss":0,"event_name":"The Woman in Blue","floor":19,"gold_loss":0}],"is_beta":false,"boss_relics":[{"not_picked":["Black Star","theSenshi:MoonKaleidoScopeRelic"],"picked":"Calling Bell"}],"items_purged_floors":[],"is_endless":false,"potions_floor_spawned":[7,13,18,20,22],"killed_by":"Slavers","ascension_level":15}}