{"host":"pr6x8hyknev46vut","time":1609753086,"event":{"mods":["Aspiration","BaseMod","CCEM","Colored Map","Colored Powertips","Downfall","Googly Eyes","Hermit","Highlight Path","Hubris","Minty Spire (QoL Compilation)","Permanent Neow","Replay The Spire","Shop Mod","Spicy Shops","StSLib","The Bug Knight","The Construct","The Cursed","The Disciple","The Necromancer","The Runesmith","The Servant 0.9.4"],"gold_per_floor":[99,118,118,132,148,21,21,52,52,52,65,65,85,85,105,200,200,50,68,68,68,84,84,84,84,99,99,115,115,131,157,174,270,270,270,283,383,33,53,53,103,103,103,121,146,69,69,69,82,82],"floor_reached":51,"playtime":3310,"items_purged":["Replay:UnknownCurse"],"score":797,"play_id":"b74248d0-97ed-41e7-9a0f-3aafb9685b81","local_time":"20210104103806","is_ascension_mode":false,"campfire_choices":[{"floor":1,"key":"RECALL"},{"floor":9,"key":"REST"},{"data":"hexamod:Float","floor":12,"key":"SMITH"},{"data":"hexamod:Rewind","floor":18,"key":"SMITH"},{"floor":27,"key":"REST"},{"floor":29,"key":"REST"},{"data":"Pot Of Greed","floor":35,"key":"SMITH"},{"floor":43,"key":"REST"},{"floor":47,"key":"REST"}],"circlet_count":0,"master_deck":["hexamod:Strike","hexamod:Strike","hexamod:Strike","hexamod:Strike","hexamod:Defend","hexamod:Defend","hexamod:Defend","hexamod:Defend","hexamod:Sear","hexamod:Float+1","hexamod:Hexaguard","hexamod:NightmareGuise","hexamod:SwordOfDarkness+1","hexamod:BurningTouch","hexamod:FlamesFromBeyond","hexamod:DynamicBlow","hexamod:SwordOfDarkness","hexamod:Rewind+1","hexamod:TimeWarp","hexamod:GhostShield","hexamod:WildfireWeapon","Pot Of Greed+1","Pot Of Greed","hexamod:RetreatToShadows+1","Pot Of Greed","hexamod:Rewind+1","hexamod:HeatShield","hexamod:EtherealExpedition","hexamod:SpectersWail","hexamod:Hexaguard+1","hexamod:BacktrackSmack","hexamod:ApocalypseNow","hexamod:AdvancingGuard","hexamod:ExtraCrispy","hexamod:StepThrough+1","hexamod:HeatCrush","hexamod:SearingWound","Pot Of Greed","hexamod:ExtraCrispy+1","Writhe","hexamod:PowerFromBeyond"],"relics":["hexamod:SpiritBrand","WarpedTongs","Mummified Hand","hubris:Backtick","Grinning Jar","downfall:HeartBlessingRed","downfall:HeartBlessingBlue","MutagenicStrength","Meat on the Bone","Pantograph","hubris:Towel","Runesmith:AutoHammer","construct:ClawGrip","Replay:WaspNest","hubris:Icosahedron","CCEMRelics:SpiritsEdge","CCEMRelics:Sandal","Runesmith:Nanobots","Medical Kit","aspiration:StickyExplosives_weak"],"acts_visited":["Exordium","TheCity","TheBeyond"],"potions_floor_usage":[19,30,33,45,50,50],"damage_taken":[{"damage":1,"enemies":"2 Louse","floor":2,"turns":3},{"damage":3,"enemies":"Cultist","floor":4,"turns":3},{"damage":1,"enemies":"Small Slimes","floor":5,"turns":4},{"damage":2,"enemies":"downfall:FleeingMerchant","floor":6,"turns":4},{"damage":12,"enemies":"Lagavulin","floor":8,"turns":6},{"damage":3,"enemies":"2 Fungi Beasts","floor":11,"turns":3},{"damage":3,"enemies":"Lots of Slimes","floor":13,"turns":4},{"damage":10,"enemies":"Red Slaver","floor":15,"turns":3},{"damage":26,"enemies":"downfall:Watcher","floor":16,"turns":12},{"damage":20,"enemies":"3 Byrds","floor":19,"turns":4},{"damage":0,"enemies":"Chosen","floor":22,"turns":3},{"damage":2,"enemies":"Snecko","floor":26,"turns":3},{"damage":19,"enemies":"Centurion and Healer","floor":28,"turns":6},{"damage":29,"enemies":"Cultist and Chosen","floor":30,"turns":6},{"damage":9,"enemies":"Book of Stabbing","floor":31,"turns":5},{"damage":1,"enemies":"Snecko","floor":32,"turns":5},{"damage":43,"enemies":"downfall:Defect","floor":33,"turns":11},{"damage":20,"enemies":"3 Shapes","floor":36,"turns":5},{"damage":0,"enemies":"downfall:FleeingMerchant","floor":38,"turns":4},{"damage":11,"enemies":"3 Darklings","floor":39,"turns":5},{"damage":5,"enemies":"Spire Growth","floor":44,"turns":4},{"damage":34,"enemies":"Giant Head","floor":45,"turns":9},{"damage":16,"enemies":"downfall:FleeingMerchant","floor":46,"turns":4},{"damage":15,"enemies":"Maw","floor":49,"turns":6},{"damage":71,"enemies":"downfall:Silent","floor":50,"turns":9}],"seed_played":"-425770817861298039","potions_obtained":[{"floor":4,"key":"SteroidPotion"},{"floor":5,"key":"Fire Potion"},{"floor":13,"key":"sneckomod:MuddlingPotion"},{"floor":19,"key":"Adrenaline Potion"},{"floor":30,"key":"hexamod:EctoCoolerPotion"},{"floor":31,"key":"Fire Potion"},{"floor":39,"key":"AttackPotion"},{"floor":49,"key":"Dexterity Potion"}],"is_trial":false,"path_per_floor":["R","M","?","M","M","$","T","E","R","?","M","R","M","?","M","B",null,"R","M","?","?","M","$","T","?","M","R","M","R","M","E","M","B",null,"R","M","?","$","M","?","T","T","R","M","E","$","R","?","M","B",null],"character_chosen":"THE_SPIRIT","items_purchased":["hexamod:FlamesFromBeyond","hexamod:DynamicBlow","Meat on the Bone","Replay:WaspNest","Medical Kit"],"campfire_rested":5,"item_purchase_floors":[6,6,23,38,46],"current_hp_per_floor":[84,83,83,80,79,77,77,65,84,84,81,81,78,84,74,48,84,94,74,74,74,74,58,58,58,56,84,65,93,64,55,54,48,94,94,74,74,74,63,63,63,63,91,86,52,48,76,76,61,27],"gold":82,"neow_bonus":"TWENTY_PERCENT_HP_BONUS","is_daily":false,"chose_seed":false,"campfire_upgraded":3,"win_rate":0.0,"timestamp":1609753086,"path_taken":["R","M","?","?","?","$","T","E","R","?","M","R","M","?","M","BOSS","R","M","?","?","?","?","T","?","M","R","M","R","M","E","M","BOSS","R","M","?","$","?","?","T","?","R","?","E","$","R","?","M","BOSS"],"items_purchased_type":["Card","Card","Relic","Relic","Relic"],"build_version":"2020-12-22","purchased_purges":1,"victory":true,"max_hp_per_floor":[84,84,84,84,84,84,84,84,84,84,84,84,84,84,84,84,84,94,94,94,94,94,94,94,94,94,94,94,94,94,94,94,94,94,94,94,94,94,94,94,94,94,94,94,94,94,94,94,94,94],"card_choices":[{"not_picked":["hexamod:NightmareGuise","hexamod:Firestarter"],"picked":"hexamod:Hexaguard","floor":2},{"not_picked":["hexamod:ThermalTransfer","hexamod:Firestarter"],"picked":"hexamod:NightmareGuise","floor":4},{"not_picked":["hexamod:GhostLash","hexamod:Haunt"],"picked":"hexamod:SwordOfDarkness","floor":5},{"not_picked":["hexamod:GhostOfSpirePresent","hexamod:HauntingEcho"],"picked":"hexamod:BurningTouch","floor":6},{"not_picked":["hexamod:GhostOfSpirePresent","hexamod:GhostflameBarrier"],"picked":"hexamod:SwordOfDarkness","floor":8},{"not_picked":["hexamod:SwordOfDarkness","hexamod:NightmareStrike"],"picked":"hexamod:Rewind","floor":11},{"not_picked":["hexamod:RainOfEmbers","hexamod:DynamicBlow"],"picked":"hexamod:TimeWarp","floor":13},{"not_picked":["hexamod:RainOfEmbers","hexamod:ChargedBarrage"],"picked":"hexamod:GhostShield","floor":15},{"not_picked":["hexamod:ParanormalForm","hexamod:GiftsFromTheDead"],"picked":"hexamod:WildfireWeapon","floor":16},{"not_picked":["hexamod:SwordOfDarkness+1","hexamod:BurningTouch"],"picked":"hexamod:RetreatToShadows+1","floor":19},{"not_picked":["hexamod:SwordOfDarkness+1","hexamod:GhostflameBarrier"],"picked":"hexamod:Rewind+1","floor":22},{"not_picked":["hexamod:Hexaguard","hexamod:HauntingEcho"],"picked":"hexamod:HeatShield","floor":26},{"not_picked":["hexamod:ShieldOfDarkness","hexamod:RainOfEmbers+1"],"picked":"hexamod:EtherealExpedition","floor":28},{"not_picked":["hexamod:ThermalTransfer","hexamod:HeatShield"],"picked":"hexamod:SpectersWail","floor":30},{"not_picked":["hexamod:GhostOfSpirePast","hexamod:SpectersWail+1"],"picked":"hexamod:Hexaguard+1","floor":31},{"not_picked":["hexamod:NightmareStrike","hexamod:FastForward+1"],"picked":"hexamod:BacktrackSmack","floor":32},{"not_picked":["hexamod:Toasty","hexamod:GhostflameInferno"],"picked":"hexamod:ApocalypseNow","floor":33},{"not_picked":["hexamod:DynamicBlow","hexamod:SwordOfDarkness"],"picked":"hexamod:AdvancingGuard","floor":36},{"not_picked":["hexamod:ShieldOfDarkness+1","hexamod:NightmareGuise+1"],"picked":"hexamod:ExtraCrispy","floor":38},{"not_picked":["hexamod:HauntingEcho+1","hexamod:DynamicBlow"],"picked":"hexamod:StepThrough+1","floor":39},{"not_picked":["hexamod:NightmareStrike+1","hexamod:ThermalTransfer"],"picked":"hexamod:HeatCrush","floor":44},{"not_picked":["hexamod:FastForward","hexamod:GhostLash"],"picked":"hexamod:SearingWound","floor":45},{"not_picked":["hexamod:AdvancingGuard","hexamod:NightmareStrike"],"picked":"hexamod:ExtraCrispy+1","floor":46},{"not_picked":["hexamod:PhantomFireball+1","hexamod:Firestarter"],"picked":"hexamod:PowerFromBeyond","floor":49}],"player_experience":74596,"relics_obtained":[{"floor":8,"key":"Mummified Hand"},{"floor":24,"key":"Pantograph"},{"floor":31,"key":"Runesmith:AutoHammer"},{"floor":41,"key":"CCEMRelics:SpiritsEdge"},{"floor":42,"key":"CCEMRelics:Sandal"},{"floor":45,"key":"Runesmith:Nanobots"},{"floor":48,"key":"aspiration:StickyExplosives_weak"}],"event_choices":[{"damage_healed":0,"gold_gain":0,"player_choice":"Rummage","damage_taken":0,"relics_obtained":["WarpedTongs"],"max_hp_gain":0,"max_hp_loss":0,"event_name":"Accursed Blacksmith","floor":3,"gold_loss":0,"cards_obtained":["Pain"]},{"damage_healed":0,"gold_gain":0,"player_choice":"Inject Mutagens","damage_taken":0,"relics_obtained":["MutagenicStrength"],"max_hp_gain":0,"max_hp_loss":0,"event_name":"Drug Dealer","floor":20,"gold_loss":0},{"cards_removed":["Pain"],"damage_healed":0,"gold_gain":0,"player_choice":"Purged","damage_taken":0,"max_hp_gain":0,"max_hp_loss":0,"event_name":"Purifier","floor":21,"gold_loss":0}],"is_beta":false,"boss_relics":[{"not_picked":["Runesmith:UraniumAnvil","Replay:Wanted Poster"],"picked":"hubris:Backtick"},{"not_picked":["aspiration:RunicSpoon","aspiration:FutureDiary"],"picked":"construct:ClawGrip"}],"items_purged_floors":[38],"is_endless":false,"potions_floor_spawned":[4,5,13,16,19,30,31,39,44,49],"ascension_level":0}}