{"host":"709gjpjg43u3i5a8","time":1609731504,"event":{"mods":["Act Like it!","BaseMod","Colored Map","Colored Powertips","Downfall","Duelist Mod","Gensokyo","GifTheSpireLib","Hallownest","Hermit","Hubris","Infinite Spire","Koishi","Marisa????????","Minty Spire (QoL Compilation)","Remilia??????","Shop Mod","StSLib","Td1madao Mod","The Administrix","The Animator","The Bug Knight","The Construct","The Cursed","The Disciple","The Hierophant","The Jungle","The Necromancer","The Poker Player","The Runesmith","The Servant 0.9.4"],"gold_per_floor":[110,120,120,148,166,191,191,228,228,259,67,104,104,104],"floor_reached":13,"playtime":1404,"items_purged":["animator:Strike"],"score":95,"play_id":"6914b3d9-2f77-48a1-9ce1-ae22970a6799","local_time":"20210103203824","is_ascension_mode":false,"campfire_choices":[],"circlet_count":0,"master_deck":["animator:Defend_TenSura","animator:Strike","animator:Defend","animator:Defend","animator:Defend","animator:Benimaru","animator:Shuna","animator:YachiyoNanami","animator:Arpeggio+1","animator:Shion","animator:Hakurou","animator:Evileye","animator:Eris","animator:Millim"],"relics":["animator:LivingPicture","animator:TheMissingPiece","infinitespire:Lucky Rock","Unceasing Top","Orichalcum","Membership Card"],"acts_visited":["Exordium"],"potions_floor_usage":[6,13,13],"damage_taken":[{"damage":4,"enemies":"2 Louse","floor":1,"turns":2},{"damage":4,"enemies":"Jaw Worm","floor":2,"turns":5},{"damage":12,"enemies":"infinitespire:Voidling","floor":4,"turns":5},{"damage":10,"enemies":"Large Slime","floor":5,"turns":5},{"damage":21,"enemies":"Lagavulin","floor":6,"turns":7},{"damage":8,"enemies":"HollowMod:MossKnight","floor":8,"turns":6},{"damage":1,"enemies":"Looter","floor":10,"turns":3},{"damage":41,"enemies":"Gremlin Nob","floor":13,"turns":5}],"seed_played":"5119173368992013962","potions_obtained":[{"floor":5,"key":"ColorlessPotion"},{"floor":8,"key":"AttackPotion"},{"floor":10,"key":"Dexterity Potion"}],"is_trial":false,"path_per_floor":["M","M","?","M","M","E","?","E","T","M","$","?","E"],"character_chosen":"THE_ANIMATOR","items_purchased":["Membership Card"],"campfire_rested":0,"item_purchase_floors":[11],"current_hp_per_floor":[62,58,58,50,41,20,20,12,12,14,14,14,0,0],"gold":104,"neow_bonus":"RANDOM_COMMON_RELIC","is_daily":false,"chose_seed":false,"campfire_upgraded":0,"win_rate":0.0,"timestamp":1609731504,"path_taken":["M","M","?","M","M","E","?","E","T","?","$","?","E"],"items_purchased_type":["Relic"],"build_version":"2020-12-22","purchased_purges":1,"victory":false,"max_hp_per_floor":[66,66,66,66,67,67,67,67,67,67,67,67,67,67],"card_choices":[{"not_picked":["animator:OrikoMikuni","animator:Tyuule"],"picked":"animator:YachiyoNanami","floor":1},{"not_picked":["animator:Kazuma","animator:Vanir"],"picked":"animator:Arpeggio","floor":2},{"not_picked":["animator:SilverFang","animator:Genos"],"picked":"animator:Shion","floor":4},{"not_picked":["animator:Millim","animator:Shuna"],"picked":"animator:Hakurou","floor":5},{"not_picked":["animator:Shuna","animator:Entoma"],"picked":"animator:Evileye","floor":6},{"not_picked":["animator:IrohaTamaki","animator:YuiTsuruno"],"picked":"animator:Eris","floor":8},{"not_picked":["animator:Chris","animator:Evileye"],"picked":"animator:Millim","floor":10}],"player_experience":447342,"relics_obtained":[{"floor":6,"key":"Unceasing Top"},{"floor":8,"key":"Orichalcum"}],"event_choices":[{"damage_healed":0,"gold_gain":0,"player_choice":"Grow","damage_taken":0,"max_hp_gain":0,"max_hp_loss":0,"event_name":"Living Wall","floor":3,"gold_loss":0,"cards_upgraded":["animator:Arpeggio"]},{"cards_removed":["animator:Strike"],"damage_healed":0,"gold_gain":0,"player_choice":"Purged","damage_taken":0,"max_hp_gain":0,"max_hp_loss":0,"event_name":"Purifier","floor":7,"gold_loss":0}],"is_beta":false,"boss_relics":[],"items_purged_floors":[11],"is_endless":false,"potions_floor_spawned":[5,8,10],"killed_by":"Gremlin Nob","ascension_level":0}}