{"host":"56ghxnzsglgdq727","time":1609730358,"event":{"mods":["AchievementEnabler","BaseMod","Downfall","Minty Spire (QoL Compilation)","StSLib"],"gold_per_floor":[99,99,24,24,124,124,147,182,182,182,199,224,224,234,245,245,245,245],"floor_reached":16,"playtime":366,"items_purged":["Slimebound:Split"],"score":106,"play_id":"d318b269-5fbb-4de0-9809-faae1c9e3952","local_time":"20210103221918","is_ascension_mode":true,"campfire_choices":[{"data":"Slimebound:Tackle","floor":1,"key":"SMITH"},{"data":"Slimebound:Darklings","floor":6,"key":"SMITH"},{"floor":10,"key":"REST"}],"circlet_count":0,"master_deck":["Slimebound:Strike_Slimebound","Slimebound:Strike_Slimebound","Slimebound:Strike_Slimebound","Slimebound:Tackle+1","Slimebound:Defend_Slimebound","Slimebound:Defend_Slimebound","Slimebound:Defend_Slimebound","Slimebound:Defend_Slimebound","Slimebound:CorrosiveSpit","Slimebound:Darklings+1","Slimebound:SlimeBrawl","Slimebound:GrowthPunch","Slimebound:SamplingLick"],"relics":["Slimebound:AbsorbEndCombat","downfall:HeartsMalice","Tiny Chest","HornCleat","Odd Mushroom","Frozen Egg 2"],"acts_visited":["Exordium"],"potions_floor_usage":[12,16,16,16],"damage_taken":[{"damage":0,"enemies":"Jaw Worm","floor":2,"turns":1},{"damage":0,"enemies":"downfall:FleeingMerchant","floor":3,"turns":1},{"damage":0,"enemies":"Small Slimes","floor":4,"turns":1},{"damage":49,"enemies":"Gremlin Nob","floor":8,"turns":4},{"damage":18,"enemies":"Cultist","floor":11,"turns":3},{"damage":29,"enemies":"The Mushroom Lair","floor":12,"turns":5},{"damage":15,"enemies":"Blue Slaver","floor":14,"turns":4},{"damage":16,"enemies":"3 Louse","floor":15,"turns":3},{"damage":34,"enemies":"downfall:Watcher","floor":16,"turns":5}],"seed_played":"4671816281129959399","potions_obtained":[{"floor":11,"key":"BlessingOfTheForge"},{"floor":12,"key":"Slimebound:SlimyTonguePotion"},{"floor":14,"key":"Energy Potion"},{"floor":15,"key":"Ancient Potion"}],"is_trial":false,"path_per_floor":["R","M","$","M","?","R","T","E","?","R","M","?","T","M","M","B"],"character_chosen":"SLIMEBOUND","items_purchased":[],"campfire_rested":1,"item_purchase_floors":[],"current_hp_per_floor":[60,60,60,60,60,60,60,25,25,43,41,28,28,29,27,0,0,0],"gold":245,"neow_bonus":"THREE_ENEMY_KILL","is_daily":false,"chose_seed":false,"campfire_upgraded":2,"win_rate":0.0,"timestamp":1609730358,"path_taken":["R","M","$","M","?","R","T","E","?","R","?","?","?","M","M","BOSS"],"items_purchased_type":[],"build_version":"2020-12-22","purchased_purges":1,"victory":false,"max_hp_per_floor":[60,60,60,60,60,60,60,60,60,60,60,60,60,60,60,60,60,60],"card_choices":[{"not_picked":["Slimebound:SlimeSpikes","Slimebound:SplitAcid"],"picked":"Slimebound:FinishingTackle","floor":2},{"not_picked":["Slimebound:ServeAndProtect","Slimebound:LeechingTouch"],"picked":"Slimebound:Darklings","floor":3},{"not_picked":["Slimebound:Schlurp","Slimebound:RejuvenatingLick","Slimebound:LivingWall"],"picked":"SKIP","floor":4},{"not_picked":["Slimebound:Schlurp","Slimebound:LeechEnergy"],"picked":"Slimebound:SlimeBrawl","floor":8},{"not_picked":["Slimebound:SplitMire","Slimebound:LeechEnergy","Slimebound:ComboTackle"],"picked":"SKIP","floor":11},{"not_picked":["Slimebound:SplitLeeching","Slimebound:LeechEnergy"],"picked":"Slimebound:GrowthPunch","floor":14},{"not_picked":["Slimebound:SplitAcid","Slimebound:Repurpose"],"picked":"Slimebound:SamplingLick","floor":15}],"player_experience":116828,"relics_obtained":[{"floor":7,"key":"Tiny Chest"},{"floor":8,"key":"HornCleat"},{"floor":12,"key":"Odd Mushroom"},{"floor":13,"key":"Frozen Egg 2"}],"event_choices":[{"cards_removed":["Slimebound:FinishingTackle"],"damage_healed":0,"gold_gain":0,"player_choice":"Purged","damage_taken":0,"max_hp_gain":0,"max_hp_loss":0,"event_name":"Purifier","floor":9,"gold_loss":0},{"damage_healed":0,"gold_gain":0,"player_choice":"Fought Mushrooms","damage_taken":0,"max_hp_gain":0,"max_hp_loss":0,"event_name":"Mushrooms","floor":12,"gold_loss":0}],"is_beta":false,"boss_relics":[],"items_purged_floors":[3],"is_endless":false,"potions_floor_spawned":[11,12,14,15],"killed_by":"downfall:Watcher","ascension_level":2}}