{"host":"rz01j32460kf2mtw","time":1609803812,"event":{"mods":["BaseMod","Downfall","Minty Spire (QoL Compilation)","Quick Restart","StSLib"],"gold_per_floor":[99,117,117,2,15,26,49,61,73,85,108,133,173,204,229,337,349,361,383,380,412,22,22,22,22,22,50,65,94,194,194,210,307,307,307,320,332,332,346,371,420,446,460,460,460,460],"floor_reached":44,"playtime":4385,"items_purged":["champ:Strike"],"score":560,"play_id":"c48a29fa-30e4-4ed1-952b-715ee20c2d1b","local_time":"20210104164332","is_ascension_mode":false,"campfire_choices":[{"data":"champ:Taunt","floor":1,"key":"SMITH"},{"data":"champ:Circumvent","floor":8,"key":"SMITH"},{"data":"champ:UltimateStance","floor":18,"key":"SMITH"},{"data":"champ:Improvising","floor":23,"key":"SMITH"},{"data":"champ:ShieldWall","floor":26,"key":"SMITH"},{"data":"champ:UltimateStance","floor":35,"key":"SMITH"}],"circlet_count":0,"master_deck":["champ:Strike","champ:Strike","champ:Defend","champ:Defend","champ:Defend","champ:Execute","champ:Taunt+1","champ:GutPunch","champ:RisingSlash","champ:BringItOn","champ:DefensiveShout","champ:Shatter","champ:Circumvent+1","champ:RecklessLeap","champ:Improvising+1","champ:TornadoPunch","champ:StanceDance","champ:UltimateStance+1","champ:GutPunch+1","champ:ArenaPreparation+1","champ:GutPunch","champ:ShieldWall+1","champ:PerfectedStrike","champ:ShieldThrow","champ:BringItOn","champ:MurderStrike","J.A.X.","champ:GutPunch","Necronomicurse","champ:UltimateStance+1","champ:FlashCut+1","champ:PerfectedStrike+1","champ:FlashCut+1"],"relics":["champ:ChampionCrownUpgraded","MawBank","Thread and Needle","Shuriken","Centennial Puzzle","Ornamental Fan","Meat on the Bone","MutagenicStrength","Necronomicon","SlaversCollar","champ:FightingForDummies","Happy Flower","Orichalcum"],"acts_visited":["Exordium","TheCity","TheBeyond"],"potions_floor_usage":[13,27,28,29,40,40,42,42],"damage_taken":[{"damage":7,"enemies":"2 Louse","floor":2,"turns":3},{"damage":15,"enemies":"downfall:FleeingMerchant","floor":4,"turns":4},{"damage":0,"enemies":"Cultist","floor":5,"turns":2},{"damage":9,"enemies":"Small Slimes","floor":6,"turns":3},{"damage":9,"enemies":"2 Fungi Beasts","floor":11,"turns":3},{"damage":3,"enemies":"Red Slaver","floor":12,"turns":3},{"damage":31,"enemies":"Lagavulin","floor":13,"turns":6},{"damage":16,"enemies":"Exordium Thugs","floor":14,"turns":4},{"damage":23,"enemies":"Large Slime","floor":15,"turns":4},{"damage":59,"enemies":"downfall:Silent","floor":16,"turns":8},{"damage":23,"enemies":"Chosen","floor":19,"turns":3},{"damage":9,"enemies":"downfall:FleeingMerchant","floor":20,"turns":4},{"damage":34,"enemies":"3 Byrds","floor":21,"turns":5},{"damage":38,"enemies":"downfall:FleeingMerchant","floor":22,"turns":4},{"damage":67,"enemies":"Gremlin Leader","floor":27,"turns":3},{"damage":53,"enemies":"Snake Plant","floor":28,"turns":3},{"damage":67,"enemies":"Book of Stabbing","floor":29,"turns":5},{"damage":42,"enemies":"downfall:Augmenter","floor":30,"turns":5},{"damage":5,"enemies":"Cultist and Chosen","floor":32,"turns":4},{"damage":55,"enemies":"downfall:Watcher","floor":33,"turns":8},{"damage":18,"enemies":"3 Darklings","floor":36,"turns":3},{"damage":15,"enemies":"3 Shapes","floor":37,"turns":4},{"damage":69,"enemies":"Maw","floor":39,"turns":6},{"damage":56,"enemies":"Reptomancer","floor":40,"turns":6},{"damage":42,"enemies":"Giant Head","floor":42,"turns":5},{"damage":13,"enemies":"4 Shapes","floor":43,"turns":3},{"damage":100,"enemies":"Transient","floor":44,"turns":5}],"seed_played":"-6509244973987091349","potions_obtained":[{"floor":5,"key":"Ancient Potion"},{"floor":6,"key":"sneckomod:MuddlingPotion"},{"floor":15,"key":"Slimebound:ThreeZeroPotion"},{"floor":21,"key":"Dexterity Potion"},{"floor":27,"key":"SteroidPotion"},{"floor":28,"key":"PowerPotion"},{"floor":29,"key":"SteroidPotion"},{"floor":39,"key":"Energy Potion"},{"floor":40,"key":"Swift Potion"},{"floor":42,"key":"Strength Potion"}],"is_trial":false,"path_per_floor":["R","M","?","$","M","M","T","R","?","?","M","M","E","M","M","B",null,"R","M","$","M","$","R","T","?","R","E","M","E","?","?","M","B",null,"R","M","M","?","M","E","T","E","M","M"],"character_chosen":"THE_CHAMP","items_purchased":["champ:BringItOn","champ:DefensiveShout","Shuriken","champ:ShieldWall"],"campfire_rested":0,"item_purchase_floors":[4,4,22,22],"current_hp_per_floor":[99,97,97,92,92,92,92,92,92,92,92,89,74,64,52,22,99,99,99,98,98,98,98,98,98,98,94,84,73,66,50,62,54,99,99,97,97,97,88,64,64,61,61,0,0,0],"gold":460,"neow_bonus":"TEN_PERCENT_HP_BONUS","is_daily":false,"chose_seed":false,"campfire_upgraded":6,"win_rate":0.0,"timestamp":1609803812,"path_taken":["R","M","?","?","?","M","T","R","?","?","M","M","E","M","M","BOSS","R","M","$","M","$","R","T","?","R","E","M","E","?","?","M","BOSS","R","M","M","?","M","E","T","E","M","M"],"items_purchased_type":["Card","Card","Relic","Card"],"build_version":"2020-12-22","purchased_purges":1,"victory":false,"max_hp_per_floor":[99,99,99,99,99,99,99,99,99,99,99,99,99,99,99,99,99,99,99,99,99,99,99,99,99,99,99,99,99,99,99,99,99,99,99,99,99,99,99,99,99,99,99,99,99,99],"card_choices":[{"not_picked":["champ:BerserkersShout","champ:SkillfulDodge"],"picked":"champ:GutPunch","floor":2},{"not_picked":["champ:DancingMaster","champ:BringItOn"],"picked":"champ:RisingSlash","floor":4},{"not_picked":["champ:GutPunch","champ:ShieldWall"],"picked":"champ:Shatter","floor":5},{"not_picked":["champ:EnGarde","champ:Lariat"],"picked":"champ:Circumvent","floor":6},{"not_picked":["champ:GladiatorStyle","champ:CrownThrow"],"picked":"champ:RecklessLeap","floor":11},{"not_picked":["champ:FlashCut","champ:Shatter"],"picked":"champ:StanceDance","floor":12},{"not_picked":["champ:BerserkersShout","champ:CrownThrow"],"picked":"champ:Improvising","floor":13},{"not_picked":["champ:FanOfKnives","champ:CalledShot"],"picked":"champ:TornadoPunch","floor":14},{"not_picked":["champ:Backstep","champ:Haymaker"],"picked":"champ:StanceDance","floor":15},{"not_picked":["champ:IgnorePain","champ:ShieldSlam"],"picked":"champ:UltimateStance","floor":16},{"not_picked":["champ:BerserkersShout","champ:RecklessLeap"],"picked":"champ:GutPunch+1","floor":19},{"not_picked":["champ:BringItOn","champ:Backstep+1"],"picked":"champ:ArenaPreparation+1","floor":20},{"not_picked":["champ:FocusedBerserking","champ:Haymaker"],"picked":"champ:GutPunch","floor":21},{"not_picked":["champ:BerserkersShout","champ:BladeFlurry","champ:DefensiveShout"],"picked":"SKIP","floor":22},{"not_picked":["champ:Endure","champ:TornadoPunch"],"picked":"champ:PerfectedStrike","floor":27},{"not_picked":["champ:FocusedDefense","champ:StanceDance","champ:Duel"],"picked":"SKIP","floor":28},{"not_picked":["champ:PreemptiveStrike","champ:FanOfKnives"],"picked":"champ:ShieldThrow","floor":29},{"not_picked":[],"picked":"J.A.X.","floor":30},{"not_picked":["champ:ArenaPreparation","champ:Parry"],"picked":"champ:GutPunch","floor":30},{"not_picked":["champ:Haymaker","champ:PerfectedStrike","champ:EnGarde"],"picked":"SKIP","floor":32},{"not_picked":["champ:ShieldThrow","champ:SteelEdge"],"picked":"champ:UltimateStance","floor":33},{"not_picked":["champ:FocusedDefense+1","champ:ArenaPreparation+1","champ:PerfectedStrike+1"],"picked":"SKIP","floor":36},{"not_picked":["champ:FocusedBerserking","champ:AdrenalArmor+1"],"picked":"champ:FlashCut+1","floor":37},{"not_picked":["champ:BerserkersShout","champ:StanceDance","champ:Circumvent"],"picked":"SKIP","floor":39},{"not_picked":["champ:VampiricStrike","champ:FancyFootwork"],"picked":"champ:PerfectedStrike+1","floor":40},{"not_picked":["champ:BringItOn","champ:FaceSlap+1"],"picked":"champ:FlashCut+1","floor":42},{"not_picked":["champ:GutPunch+1","champ:Haymaker","champ:StanceDance+1"],"picked":"SKIP","floor":43}],"player_experience":861466,"relics_obtained":[{"floor":7,"key":"MawBank"},{"floor":13,"key":"Thread and Needle"},{"floor":24,"key":"Centennial Puzzle"},{"floor":27,"key":"Ornamental Fan"},{"floor":29,"key":"Meat on the Bone"},{"floor":30,"key":"MutagenicStrength"},{"floor":31,"key":"Necronomicon"},{"floor":40,"key":"champ:FightingForDummies"},{"floor":41,"key":"Happy Flower"},{"floor":42,"key":"Orichalcum"}],"event_choices":[{"damage_healed":0,"gold_gain":0,"player_choice":"Ignored","damage_taken":0,"max_hp_gain":0,"max_hp_loss":0,"event_name":"NoteForYourself","floor":3,"gold_loss":0},{"damage_healed":0,"gold_gain":0,"player_choice":"Ignored","damage_taken":0,"max_hp_gain":0,"max_hp_loss":0,"event_name":"Ghosts","floor":25,"gold_loss":0},{"cards_removed":["champ:StanceDance"],"damage_healed":0,"gold_gain":0,"player_choice":"Removed Skill","damage_taken":0,"max_hp_gain":0,"max_hp_loss":0,"event_name":"Falling","floor":38,"gold_loss":0}],"is_beta":false,"boss_relics":[{"not_picked":["Sozu","Runic Dome"],"picked":"champ:ChampionCrownUpgraded"},{"not_picked":["Tiny House","Cursed Key"],"picked":"SlaversCollar"}],"items_purged_floors":[22],"is_endless":false,"potions_floor_spawned":[5,6,15,21,27,28,29,32,39,40,42],"killed_by":"Transient","ascension_level":0}}