{"host":"9w1j3v3kvq5208ps","time":1609763423,"event":{"mods":["2.2 Compatiblity","BaseMod","CapriCore","Colored Map","DeckTracker","Highlight Path","Keyboard Shortcuts","Minty Spire (QoL Compilation)","Permanent Neow","Quick Restart","StSLib","SuperFastMode","The Immortal","everything is the same but u backflip on backflip"],"gold_per_floor":[116,129,140,42,42,73,73,83,83,83,99,110,110,124,124,229,229,243,243,254,274,288,288,288,288],"floor_reached":23,"playtime":4033,"items_purged":["MokouMod:Defend"],"score":197,"play_id":"71930ec9-90c3-4f10-9334-d0b8ae329d4f","local_time":"20210104213023","is_ascension_mode":false,"campfire_choices":[{"data":"MokouMod:AdaptivePyromancy","floor":7.0,"key":"SMITH"},{"floor":10.0,"key":"REST"},{"floor":13.0,"key":"REST"},{"floor":15.0,"key":"REST"},{"floor":23,"key":"REST"}],"circlet_count":0,"master_deck":["MokouMod:Strike","MokouMod:Strike","MokouMod:Strike+1","MokouMod:Strike+1","MokouMod:Defend","MokouMod:Defend","MokouMod:Defend","MokouMod:HeatSpark","MokouMod:ProfanedFlare","MokouMod:AdaptivePyromancy+1","MokouMod:Refresh","MokouMod:FlamingFireTalons","MokouMod:BurningDraft","MokouMod:FlareStarter","MokouMod:RadiantBlade","MokouMod:ShiftIgnition","MokouMod:IgnitionBarrier","MokouMod:BlazingComet","MokouMod:SearingBlow","MokouMod:Overheat","MokouMod:FujiyamaVolcano","MokouMod:Ember+1","MokouMod:UncontrollableSolarReaction+1"],"relics":["MokouMod:PhoenixFeather","Kunai","The Courier","SacredBark"],"acts_visited":["TheCity"],"potions_floor_usage":[20,21,22],"damage_taken":[{"damage":1.0,"enemies":"Jaw Worm","floor":1.0,"turns":4.0},{"damage":10.0,"enemies":"2 Louse","floor":2.0,"turns":3.0},{"damage":1.0,"enemies":"Cultist","floor":3.0,"turns":3.0},{"damage":28.0,"enemies":"Lagavulin","floor":6.0,"turns":4.0},{"damage":5.0,"enemies":"3 Louse","floor":8.0,"turns":3.0},{"damage":3.0,"enemies":"Lots of Slimes","floor":11.0,"turns":3.0},{"damage":10.0,"enemies":"Looter","floor":12.0,"turns":2.0},{"damage":9.0,"enemies":"Large Slime","floor":14.0,"turns":3.0},{"damage":80.0,"enemies":"The Guardian","floor":16.0,"turns":14.0},{"damage":0,"enemies":"Spheric Guardian","floor":18,"turns":1},{"damage":5,"enemies":"2 Thieves","floor":20,"turns":3},{"damage":42,"enemies":"Centurion and Healer","floor":21,"turns":6},{"damage":32,"enemies":"Chosen and Byrds","floor":22,"turns":7}],"seed_played":"1674629145037251897","potions_obtained":[{"floor":1.0,"key":"FearPotion"},{"floor":8.0,"key":"Swift Potion"},{"floor":12.0,"key":"FearPotion"},{"floor":16.0,"key":"SneckoOil"},{"floor":19,"key":"Fire Potion"},{"floor":19,"key":"Swift Potion"},{"floor":19,"key":"Fire Potion"}],"is_trial":false,"path_per_floor":["M","M","M","$","?","E","R","M","T","R","M","M","R","M","R","B",null,"M","?","M","M","M","R"],"character_chosen":"MKU","items_purchased":["MokouMod:BurningDraft"],"campfire_rested":4,"item_purchase_floors":[4],"current_hp_per_floor":[74,64,63,63,48,20,20,15,15,37,34,24,46,37,59,18,75,75,75,70,28,18,40,40,40],"gold":288,"neow_bonus":"TRANSFORM_CARD","is_daily":false,"chose_seed":false,"campfire_upgraded":1,"win_rate":0.0,"timestamp":1609763423,"path_taken":["M","M","M","$","?","E","R","M","T","R","M","M","R","M","R","BOSS","M","?","M","M","M","R"],"items_purchased_type":["Card"],"build_version":"2020-12-22","purchased_purges":1,"victory":false,"max_hp_per_floor":[75,75,75,75,75,75,75,75,75,75,75,75,75,75,75,75,75,75,75,75,75,75,75,75,75],"card_choices":[{"not_picked":["MokouMod:InfernalWave","MokouMod:Overheat"],"picked":"MokouMod:AdaptivePyromancy","floor":1.0},{"not_picked":["MokouMod:IndiscriminateIgnition","MokouMod:ControlledCombustion"],"picked":"MokouMod:Refresh","floor":2.0},{"not_picked":["MokouMod:InfernalWave","MokouMod:ControlledCombustion"],"picked":"MokouMod:FlamingFireTalons","floor":3.0},{"not_picked":["MokouMod:Sear","MokouMod:SearingShot"],"picked":"MokouMod:FlareStarter","floor":6.0},{"not_picked":["MokouMod:PhoenixFeathers","MokouMod:Ember"],"picked":"MokouMod:RadiantBlade","floor":8.0},{"not_picked":["MokouMod:WarmUp","MokouMod:AdaptivePyromancy"],"picked":"MokouMod:ShiftIgnition","floor":11.0},{"not_picked":["MokouMod:Burn","MokouMod:SearingShot"],"picked":"MokouMod:IgnitionBarrier","floor":12.0},{"not_picked":["MokouMod:SearingShot","MokouMod:FlareStarter"],"picked":"MokouMod:BlazingComet","floor":14.0},{"not_picked":["MokouMod:RadiantBlade","MokouMod:ExplosiveFlame"],"picked":"MokouMod:SearingBlow","floor":16.0},{"not_picked":["MokouMod:ThermalPressure","MokouMod:IllusoryBattlefield"],"picked":"MokouMod:Overheat","floor":18},{"not_picked":["MokouMod:IndiscriminateIgnition","MokouMod:Overheat"],"picked":"MokouMod:FujiyamaVolcano","floor":20},{"not_picked":["MokouMod:Afterburner","MokouMod:EternalBurstReactor"],"picked":"MokouMod:Ember+1","floor":21},{"not_picked":["MokouMod:Afterburner","MokouMod:Rebirth"],"picked":"MokouMod:UncontrollableSolarReaction+1","floor":22}],"player_experience":191262,"relics_obtained":[{"floor":6.0,"key":"Kunai"},{"floor":9.0,"key":"The Courier"}],"event_choices":[{"damage_healed":0.0,"max_hp_gain":0.0,"max_hp_loss":0.0,"gold_gain":0.0,"event_name":"Shining Light","player_choice":"Entered Light","floor":5.0,"gold_loss":0.0,"damage_taken":15.0,"cards_upgraded":["MokouMod:Strike","MokouMod:Strike"]},{"damage_healed":0,"gold_gain":0,"player_choice":"Got Potions","damage_taken":0,"max_hp_gain":0,"max_hp_loss":0,"event_name":"Lab","floor":19,"gold_loss":0}],"is_beta":false,"boss_relics":[{"not_picked":["Cursed Key","Fusion Hammer"],"picked":"SacredBark"}],"items_purged_floors":[4],"is_endless":false,"potions_floor_spawned":[1,8,12,16],"ascension_level":0}}