{"host":"ormi09wwzv7sq47a","time":1609770017,"event":{"mods":["2.2 Compatiblity","AchievementEnabler","Act Like it!","BaseMod","Bestiary","Better Altar","Better Note","Better Sensory Stone","Better Skull","Better Third Choice","Better Vampires","BetterRewards","Block Reminder","Card Forge","Colored Map","Colored Powertips","Curses Come First","DeckTracker","Downfall","Highlight Path","Minty Spire (QoL Compilation)","Permanent Neow","Quick Restart","Rare Cards Sparkle","Relic Stats","Shop Mod","StSLib","The Jungle"],"gold_per_floor":[110,129,129,129,144,144,177,195,195,195,195,195,214,226,226,226,226,226],"floor_reached":16,"playtime":959,"items_purged":["Guardian:Strike_Guardian"],"score":304,"play_id":"91ebfe22-96a7-42b2-a3e0-9bf900cdc0c8","local_time":"20210104122017","is_ascension_mode":true,"campfire_choices":[{"data":"Guardian:TwinSlam","floor":6.0,"key":"SMITH"},{"data":"Guardian:CrystalBeam","floor":10.0,"key":"SMITH"},{"data":"Guardian:BronzeArmor","floor":11.0,"key":"SMITH"},{"data":"Guardian:TemporalShield","floor":12.0,"key":"SMITH"},{"floor":15.0,"key":"REST"}],"circlet_count":0,"master_deck":["AscendersBane","Guardian:Strike_Guardian","Guardian:Strike_Guardian","Guardian:Strike_Guardian","Guardian:Defend_Guardian","Guardian:Defend_Guardian","Guardian:Defend_Guardian","Guardian:Defend_Guardian+1","Guardian:CurlUp+1","Guardian:TwinSlam+1","Guardian:TemporalShield+1","Guardian:BronzeArmor+1","Guardian:CrystalBeam+1","Guardian:Recover","Guardian:FloatingOrbs"],"relics":["Guardian:ModeShifter","Hammer of Thor","Seething Fire","Anvil of the Gods","Mango","War Paint","WingedGreaves"],"acts_visited":["Exordium"],"potions_floor_usage":[],"damage_taken":[{"damage":0.0,"enemies":"Small Slimes","floor":1.0,"turns":4.0},{"damage":0.0,"enemies":"Jaw Worm","floor":2.0,"turns":2.0},{"damage":1.0,"enemies":"Cultist","floor":5.0,"turns":4.0},{"damage":52.0,"enemies":"Gremlin Nob","floor":7.0,"turns":5.0},{"damage":0.0,"enemies":"Looter","floor":8.0,"turns":3.0},{"damage":0.0,"enemies":"Lots of Slimes","floor":13.0,"turns":3.0},{"damage":0.0,"enemies":"Exordium Thugs","floor":14.0,"turns":4.0},{"damage":46,"enemies":"Slime Boss","floor":16,"turns":19}],"seed_played":"8417036996964917410","potions_obtained":[{"floor":2.0,"key":"AttackPotion"},{"floor":4.0,"key":"champ:CounterPotion"},{"floor":8.0,"key":"SpeedPotion"},{"floor":13.0,"key":"Energy Potion"}],"is_trial":false,"path_per_floor":["M","M","?","?","M","R","E","M","T","R","R","R","M","M","R","B"],"character_chosen":"GUARDIAN","items_purchased":["War Paint","Guardian:Gem_Cyan","champ:CounterPotion"],"campfire_rested":1,"item_purchase_floors":[0,0,0],"current_hp_per_floor":[72,72,72,72,71,71,19,19,19,19,19,19,19,19,44,0,0,0],"gold":226,"neow_bonus":"","is_daily":false,"chose_seed":false,"campfire_upgraded":4,"win_rate":0.0,"timestamp":1609770017,"path_taken":["M","M","?","?","M","R","E","M","T","R","R","R","M","M","R","BOSS"],"items_purchased_type":["Relic","Card","Potion"],"build_version":"2020-12-22","purchased_purges":1,"victory":false,"max_hp_per_floor":[86,86,86,86,86,86,86,86,86,86,86,86,86,86,86,86,86,86],"relic_stats":{"counters":[34,201],"War Paint":["Guardian:Defend_Guardian","Guardian:CurlUp"],"obtain_stats":[{"Guardian:BottledStasis":41,"Lantern":31,"Guardian:ModeShifterPlus":34,"Guardian:ModeShifter":0,"Oddly Smooth Stone":42,"Guardian:StasisCodex":9,"Mango":0,"PreservedInsect":43,"Hammer of Thor":0,"Guardian:PocketSentry":8,"Incense Burner":36,"Seething Fire":0,"Bottled Tornado":44,"War Paint":0,"Guardian:PickAxe":3,"Bottled Flame":54,"Anvil of the Gods":0,"Bird Faced Urn":0,"Philosopher\u0027s Stone":17,"WingedGreaves":7,"Red Mask":47,"Kunai":23,"StrikeDummy":48},{"Guardian:BottledStasis":20,"Lantern":16,"Guardian:ModeShifterPlus":17,"Guardian:ModeShifter":0,"Oddly Smooth Stone":21,"Guardian:StasisCodex":3,"Mango":26,"PreservedInsect":21,"Hammer of Thor":0,"Guardian:PocketSentry":3,"Incense Burner":19,"Seething Fire":0,"Bottled Tornado":21,"War Paint":26,"Guardian:PickAxe":2,"Bottled Flame":25,"Anvil of the Gods":0,"Bird Faced Urn":0,"Philosopher\u0027s Stone":7,"WingedGreaves":30,"Red Mask":22,"Kunai":12,"StrikeDummy":23},{"Guardian:BottledStasis":111,"Lantern":84,"Guardian:ModeShifterPlus":96,"Guardian:ModeShifter":0,"Oddly Smooth Stone":118,"Guardian:StasisCodex":9,"Mango":157,"PreservedInsect":118,"Hammer of Thor":0,"Guardian:PocketSentry":9,"Incense Burner":108,"Seething Fire":0,"Bottled Tornado":118,"War Paint":157,"Guardian:PickAxe":6,"Bottled Flame":152,"Anvil of the Gods":0,"Bird Faced Urn":0,"Philosopher\u0027s Stone":33,"WingedGreaves":172,"Red Mask":126,"Kunai":60,"StrikeDummy":135}]},"card_choices":[{"not_picked":["Guardian:CrystalBeam","Guardian:Gem_Green"],"picked":"Guardian:Gem_White","floor":1.0},{"not_picked":["Guardian:TimeCapacitor","Guardian:VentSteam"],"picked":"Guardian:TemporalShield","floor":2.0},{"not_picked":["Guardian:CrystalBeam","Guardian:Gem_Green"],"picked":"Guardian:Gem_Cyan","floor":5.0},{"not_picked":["Guardian:ChargeCore","Guardian:PrismaticBarrier"],"picked":"Guardian:BronzeArmor","floor":7.0},{"not_picked":["Guardian:Gem_Crimson","Guardian:Preprogram"],"picked":"Guardian:CrystalBeam","floor":8.0},{"not_picked":["Guardian:RollAttack","Guardian:Gem_Green"],"picked":"Guardian:Recover","floor":13.0},{"not_picked":["Guardian:TemporalStrike","Guardian:Repulse"],"picked":"Guardian:FloatingOrbs","floor":14.0}],"player_experience":856329,"relics_obtained":[{"floor":7.0,"key":"WingedGreaves"}],"event_choices":[{"damage_healed":72.0,"max_hp_gain":0.0,"max_hp_loss":86.0,"gold_gain":0.0,"event_name":"betterThird:BetterShining","player_choice":"Leave","floor":3.0,"gold_loss":0.0,"damage_taken":0.0},{"damage_healed":0.0,"max_hp_gain":0.0,"max_hp_loss":0.0,"gold_gain":0.0,"event_name":"Lab","player_choice":"Got Potions","floor":4.0,"gold_loss":0.0,"damage_taken":0.0}],"is_beta":false,"boss_relics":[],"items_purged_floors":[0],"is_endless":false,"potions_floor_spawned":[2,8,13],"killed_by":"Slime Boss","ascension_level":20}}