{"host":"dd2mx3pm3ovi0t1n","time":1609733653,"event":{"mods":["2.2 Compatiblity","AchievementEnabler","Ascension Reborn","Aspiration","BaseMod","Beaked The Cultist","Better Altar","Better Match","Better Note","Better Sensory Stone","Better Skull","Better Third Choice","BetterRewards","Colored Map","Colored Powertips","Conspire","Defuse TimeMaze Blight","Downfall","Energized Spire","Friendly Minions","GifTheSpireLib","Glutton Mod","Gold Saver","Gremlin Mod","Halation","Hermit","Highlight Path","HololiveMod","Hubris","Infinite Spire","Jedi Mod","Jorbs\u0027s Wanderer Trilogy","KomeijiMod","Marisa????????","Marked Mod","Mimic Mod","Minty Spire (QoL Compilation)","Permanent Neow","Quick Restart","Replay The Spire","Robot Space Explorer","Shop Mod","Spicy Shops","Spikes Relics","StSLib","Stuff the Spire","TestMod","The Blackbeard","The Construct","The Cursed","The Disciple","The Hierophant","The Necromancer","The Runesmith","The Sage","The Servant 0.9.4","Uncapped","Wandering Minibosses","Yuri Mod","vexMod","????"],"gold_per_floor":[902,35,35,50,50,50,140,140,208,251,281,0,80,117,117,291,291,325,325,325,337,29,83,43,43,113,445,112,188,188,215,215,381,381,424,424,167,196,260,260,310,354,354,419,419,419,435,513,513,627],"floor_reached":51,"playtime":3023,"items_purged":["blackbeard:BlackbeardStrike","blackbeard:BlackbeardStrike","StuffTheSpire:CuriosityCurse","Shame"],"score":857,"play_id":"92d692d7-20a6-4b12-97fa-11024908b6fa","local_time":"20210103201413","is_ascension_mode":true,"campfire_choices":[{"data":"blackbeard:Cutlass","floor":6.0,"key":"SMITH"},{"data":"blackbeard:Halberd","floor":8.0,"key":"SMITH"},{"data":"blackbeard:InfiniteBarrage","floor":15.0,"key":"SMITH"},{"data":"blackbeard:Upgrade","floor":25,"key":"SMITH"},{"data":"blackbeard:WeaponProficiency","floor":30,"key":"SMITH"},{"data":"blackbeard:Fencing","floor":32,"key":"SMITH"},{"floor":40,"key":"REST"},{"data":"blackbeard:Fencing","floor":40,"key":"SMITH"},{"data":"blackbeard:MegaUpgrade","floor":46,"key":"SMITH"},{"data":"blackbeard:CannonballSupply","floor":49,"key":"SMITH"}],"circlet_count":0,"master_deck":["blackbeard:BlackbeardStrike","blackbeard:BlackbeardStrike","blackbeard:IntimidatingStrike","blackbeard:BlackbeardDefend","blackbeard:Cutlass+1","blackbeard:Bandana","blackbeard:Bandana","blackbeard:CloakAndCannonball","blackbeard:CloakAndCannonball","jedi:brewingpoison","Blur","StuffTheSpire:DoubleShiv","blackbeard:Halberd+1","blackbeard:Upgrade+1","blackbeard:Sharpening","blackbeard:Fencing+1","blackbeard:InfiniteBarrage+1","blackbeard:RearmingStrike+1","blackbeard:Fencing+1","blackbeard:WeaponMastery+1","blackbeard:SwordDance","blackbeard:InfiniteBarrage+1","blackbeard:WoodenLeg","blackbeard:WoodenLeg","blackbeard:WeaponProficiency+1","blackbeard:FinalBarrage+1","blackbeard:Spear+1","blackbeard:MegaUpgrade+1","blackbeard:Dagger+1","blackbeard:RearmingStrike+1","blackbeard:Dagger+1","blackbeard:CannonballSupply+1"],"relics":["blackbeard:LoadTheCannons","testmod-TestBox","testmod-Charity","infinitespire:EmpoweringShard","jedi:cryingmask","Bag of Preparation","vexMod:Dragonfruit","testmod-EqualTreatment","MerchantsRug","hubris:OldNail","Boot","conspire:Dentures","Pear","Molten Egg 2","vexMod:ConsolationPrize","Smiling Mask","Sling","testmod-ArcanaOfDestiny","energizedSpire:CursedPentagram","BargainBundle","Pen Nib","ShirouKen","jedi:bottledfury","wanderingMiniBosses:LockLocket","hubris:TinFlute","conspire:Flyswatter","vexMod:BigBerry","infinitespire:Magic Flask","Gremlin Food","StuffTheSpire:Experiment12","RetroEgg","RollingBoulder"],"acts_visited":["Exordium","TheCity","TheBeyond"],"potions_floor_usage":[],"damage_taken":[{"damage":0.0,"enemies":"2 Louse","floor":1.0,"turns":1.0},{"damage":6.0,"enemies":"conspire:RoseBush","floor":4.0,"turns":1.0},{"damage":25.0,"enemies":"Replay:BlueRogue","floor":7.0,"turns":4.0},{"damage":4.0,"enemies":"infinitespire:Voidling","floor":9.0,"turns":3.0},{"damage":2.0,"enemies":"infinitespire:Voidling","floor":10.0,"turns":3.0},{"damage":0.0,"enemies":"Exordium Thugs","floor":11.0,"turns":1.0},{"damage":8.0,"enemies":"Lagavulin","floor":13.0,"turns":3.0},{"damage":0.0,"enemies":"Large Slime","floor":14.0,"turns":3.0},{"damage":39.0,"enemies":"The Guardian","floor":16.0,"turns":5.0},{"damage":0.0,"enemies":"Spheric Guardian","floor":18.0,"turns":2.0},{"damage":0,"enemies":"3 Byrds","floor":21,"turns":3},{"damage":0,"enemies":"Centurion and Healer","floor":23,"turns":2},{"damage":3,"enemies":"Snecko","floor":26,"turns":3},{"damage":15,"enemies":"Snecko","floor":27,"turns":5},{"damage":23,"enemies":"Book of Stabbing","floor":29,"turns":3},{"damage":12,"enemies":"3 Cultists","floor":31,"turns":3},{"damage":24,"enemies":"Collector","floor":33,"turns":4},{"damage":0,"enemies":"Orb Walker","floor":35,"turns":1},{"damage":0,"enemies":"3 Shapes","floor":38,"turns":1},{"damage":21,"enemies":"Sphere and 2 Shapes","floor":41,"turns":3},{"damage":17,"enemies":"4 Shapes","floor":42,"turns":2},{"damage":8,"enemies":"R_Hoarder","floor":44,"turns":3},{"damage":3,"enemies":"Spire Growth","floor":47,"turns":2},{"damage":20,"enemies":"Jaw Worm Horde","floor":48,"turns":2},{"damage":78,"enemies":"Donu and Deca","floor":50,"turns":5}],"seed_played":"7561282333658270950","potions_obtained":[{"floor":1.0,"key":"Toxic Potion"},{"floor":11.0,"key":"SpeedPotion"},{"floor":13.0,"key":"Elixir"}],"is_trial":false,"path_per_floor":["M","$","?","M","?","R","E","R","MIM","M","M","$","E","M","R","B",null,"M","?","?","M","$","M","?","R","MIM","M","$","E","R","M","R","B",null,"M","?","$","M","?","R","M","M","T","E","?","R","M","M","R","B",null],"character_chosen":"BLACKBEARD_CLASS","items_purchased":["blackbeard:Bandana","infinitespire:EmpoweringShard","jedi:cryingmask","Bag of Preparation","vexMod:Dragonfruit","MerchantsRug","hubris:OldNail","Boot","conspire:Dentures","Pear","blackbeard:InfiniteBarrage","Sling","blackbeard:RearmingStrike+1","BargainBundle","Pen Nib","ShirouKen","blackbeard:WoodenLeg","blackbeard:WeaponProficiency","hubris:TinFlute","Gremlin Food"],"campfire_rested":1,"item_purchase_floors":[0,0,0,0,0,2,2,2,2,2,12,12,12,22,22,22,22,28,28,37],"current_hp_per_floor":[81,91,91,86,86,86,72,72,75,84,89,89,90,96,96,73,153,158,158,158,159,164,171,171,171,174,182,182,168,168,159,159,145,252,256,256,261,265,266,266,256,248,248,247,247,247,247,235,235,171],"gold":627,"neow_bonus":"","is_daily":false,"chose_seed":false,"campfire_upgraded":9,"win_rate":0.0,"timestamp":1609733653,"path_taken":["M","$","?","M","?","R","E","R","MIM","M","?","?","E","M","R","BOSS","M","?","?","M","$","M","?","R","MIM","?","$","E","R","M","R","BOSS","M","?","$","M","?","R","?","M","T","E","?","R","?","M","R","BOSS"],"items_purchased_type":["Card","Relic","Relic","Relic","Relic","Relic","Relic","Relic","Relic","Relic","Card","Relic","Card","Relic","Relic","Relic","Card","Card","Relic","Relic"],"build_version":"2020-12-22","purchased_purges":4,"victory":true,"max_hp_per_floor":[81,91,91,92,92,92,103,103,110,117,122,122,131,137,137,153,153,158,158,158,159,164,171,171,171,177,200,200,209,209,212,212,222,252,256,256,261,265,266,266,277,286,286,293,293,293,296,304,304,318],"card_choices":[{"not_picked":["blackbeard:TacticalRetreat","blackbeard:DangerousBlow"],"picked":"blackbeard:CloakAndCannonball","floor":1.0},{"not_picked":["blackbeard:CaptainsCabin","blackbeard:Shrapnel+1"],"picked":"blackbeard:CloakAndCannonball","floor":4.0},{"not_picked":["blackbeard:ChaoticDefense","blackbeard:PiratesWill"],"picked":"blackbeard:Halberd","floor":7.0},{"not_picked":["blackbeard:TacticalRetreat","blackbeard:Shrapnel+1"],"picked":"blackbeard:Upgrade","floor":9.0},{"not_picked":["blackbeard:GoldenDefense","blackbeard:BlindAttacks+1"],"picked":"blackbeard:Sharpening","floor":10.0},{"not_picked":["blackbeard:TerrorOfTheSeas","blackbeard:FishingNets"],"picked":"blackbeard:Fencing","floor":11.0},{"not_picked":["blackbeard:Sharpening","blackbeard:FishingNets"],"picked":"blackbeard:Fencing","floor":13.0},{"not_picked":["blackbeard:Shrapnel+1","blackbeard:GoldenDefense","blackbeard:DeadlyArsenal"],"picked":"SKIP","floor":14.0},{"not_picked":["blackbeard:Lifeboat","blackbeard:UndeadForm"],"picked":"blackbeard:WeaponMastery","floor":16.0},{"not_picked":["blackbeard:Eyepatch+1","blackbeard:BrownPants"],"picked":"blackbeard:SwordDance","floor":18.0},{"not_picked":["blackbeard:GoldenDefense","blackbeard:TacticalRetreat","blackbeard:Toast"],"picked":"SKIP","floor":21},{"not_picked":["blackbeard:PiratesWill+1","blackbeard:RemoveScurvy+1","blackbeard:BlindAttacks+1"],"picked":"SKIP","floor":23},{"not_picked":["blackbeard:Toast","blackbeard:BlindAttacks+1"],"picked":"blackbeard:WoodenLeg","floor":27},{"not_picked":["blackbeard:Eyepatch+1","blackbeard:BeatUp+1"],"picked":"blackbeard:FinalBarrage+1","floor":29},{"not_picked":["blackbeard:SwordDance","blackbeard:FieryDefense"],"picked":"blackbeard:Spear+1","floor":31},{"not_picked":["blackbeard:UndeadForm","blackbeard:Intoxication"],"picked":"blackbeard:MegaUpgrade","floor":33},{"not_picked":["blackbeard:Toast","blackbeard:Anchor","blackbeard:Shrapnel+1"],"picked":"SKIP","floor":35},{"not_picked":["blackbeard:PirateHook+1","blackbeard:Fencing","blackbeard:FieryDefense"],"picked":"SKIP","floor":38},{"not_picked":["blackbeard:Provisioning","blackbeard:GoldenStrike+1"],"picked":"blackbeard:Dagger+1","floor":41},{"not_picked":["blackbeard:PirateEarring","blackbeard:BeatUp+1"],"picked":"blackbeard:RearmingStrike+1","floor":42},{"not_picked":["blackbeard:PowderKeg","blackbeard:DelayedPain+1"],"picked":"blackbeard:Dagger+1","floor":44},{"not_picked":["blackbeard:Anchor","blackbeard:GoldenStrike+1","blackbeard:CloakAndCannonball"],"picked":"SKIP","floor":47},{"not_picked":["blackbeard:ChaoticDefense","blackbeard:WiseDefense"],"picked":"blackbeard:CannonballSupply","floor":48}],"player_experience":497690,"relics_obtained":[{"floor":7.0,"key":"vexMod:ConsolationPrize"},{"floor":9.0,"key":"Smiling Mask"},{"floor":13.0,"key":"testmod-ArcanaOfDestiny"},{"floor":26,"key":"jedi:bottledfury"},{"floor":27,"key":"wanderingMiniBosses:LockLocket"},{"floor":29,"key":"conspire:Flyswatter"},{"floor":39,"key":"StuffTheSpire:Experiment12"},{"floor":43,"key":"RetroEgg"},{"floor":44,"key":"RollingBoulder"}],"event_choices":[{"cards_removed":["Injury"],"damage_healed":0,"gold_gain":0,"player_choice":"Purged","damage_taken":0,"max_hp_gain":0,"max_hp_loss":0,"event_name":"Purifier","floor":19,"gold_loss":0},{"damage_healed":0,"gold_gain":0,"player_choice":"Copied","damage_taken":0,"max_hp_gain":0,"max_hp_loss":0,"event_name":"Duplicator","floor":20,"gold_loss":0,"cards_obtained":["blackbeard:InfiniteBarrage"]},{"damage_healed":0,"gold_gain":0,"player_choice":"Upgrade","damage_taken":0,"max_hp_gain":0,"max_hp_loss":0,"event_name":"Designer","floor":24,"gold_loss":40,"cards_upgraded":["blackbeard:WeaponMastery"]},{"cards_removed":["SwitchThreat"],"damage_healed":0,"gold_gain":0,"player_choice":"Purged","damage_taken":0,"max_hp_gain":0,"max_hp_loss":0,"event_name":"Purifier","floor":45,"gold_loss":0}],"is_beta":false,"boss_relics":[{"not_picked":["aspiration:RandomNobGenerator","Hololive_Finger"],"picked":"energizedSpire:CursedPentagram"},{"not_picked":["energizedSpire:DeadBattery","energizedSpire:RedRose"],"picked":"vexMod:BigBerry"}],"items_purged_floors":[22,22,37,37],"is_endless":false,"potions_floor_spawned":[1,11,13,16,27,29,33,44,47],"ascension_level":0}}