{"host":"h4lp0eeso8a0ssq0","time":1609724567,"event":{"mods":["2.2 Compatiblity","AchievementEnabler","BaseMod","CapriCore","Colored Map","Lobotomy","Minty Spire (QoL Compilation)","StSLib","SuperFastMode"],"gold_per_floor":[116,136,136,136,149,149,159,159,159,170,187,187,204,229,229,327,327,346,373,1,1,1,1,18,53,53,86,103,123,134,166,166,261,261,280,295,312,62,81,95,95,95,120,120,140,157,207,207,207,207,207,207,207,57,83,83,83],"floor_reached":56,"playtime":2307,"items_purged":["Strike_G","Strike_G"],"score":738,"play_id":"95270d75-fd17-4979-845b-ebdc4e2e7450","local_time":"20210104104247","is_ascension_mode":false,"campfire_choices":[{"data":"Sucker Punch","floor":6.0,"key":"SMITH"},{"data":"Cloak And Dagger","floor":8.0,"key":"SMITH"},{"data":"Accuracy","floor":12.0,"key":"SMITH"},{"floor":15.0,"key":"REST"},{"data":"Accuracy","floor":23.0,"key":"SMITH"},{"floor":32.0,"key":"REST"},{"floor":41,"key":"RECALL"},{"floor":44,"key":"REST"},{"floor":49,"key":"REST"},{"floor":53,"key":"REST"}],"circlet_count":0,"master_deck":["Strike_G","Strike_G+1","Defend_G+1","Defend_G","Defend_G","Defend_G","Defend_G","Survivor","Neutralize+1","Backflip","Accuracy+1","Quick Slash+1","Sucker Punch+1","Cloak And Dagger+1","Accuracy+1","Burst","Blade Dance+1","Caltrops","PiercingWail+1","Malaise","Prepared","Calculated Gamble+1","Adrenaline","Sucker Punch+1","Finisher+1","Phantasmal Killer"],"relics":["Ring of the Snake","Torii","Whetstone","Bottled Tornado","Sozu","Red Mask","Gambling Chip","Enchiridion","Pear","HornCleat","Blood Vial","Fusion Hammer","Strawberry","Happy Flower","Prayer Wheel","Chemical X","Art of War"],"acts_visited":["Exordium","TheCity","TheBeyond","TheEnding"],"potions_floor_usage":[56,56,56],"damage_taken":[{"damage":0.0,"enemies":"Small Slimes","floor":1.0,"turns":3.0},{"damage":0.0,"enemies":"Jaw Worm","floor":2.0,"turns":5.0},{"damage":0.0,"enemies":"2 Louse","floor":5.0,"turns":3.0},{"damage":0.0,"enemies":"2 Fungi Beasts","floor":7.0,"turns":4.0},{"damage":0.0,"enemies":"Large Slime","floor":10.0,"turns":6.0},{"damage":1.0,"enemies":"Blue Slaver","floor":11.0,"turns":4.0},{"damage":2.0,"enemies":"Lots of Slimes","floor":13.0,"turns":4.0},{"damage":3.0,"enemies":"3 Sentries","floor":14.0,"turns":9.0},{"damage":24.0,"enemies":"Hexaghost","floor":16.0,"turns":12.0},{"damage":5.0,"enemies":"Shell Parasite","floor":18.0,"turns":6.0},{"damage":3.0,"enemies":"Masked Bandits","floor":19.0,"turns":4.0},{"damage":1.0,"enemies":"Chosen","floor":24.0,"turns":3.0},{"damage":0.0,"enemies":"Slavers","floor":25.0,"turns":5.0},{"damage":0.0,"enemies":"Gremlin Leader","floor":27.0,"turns":3.0},{"damage":1.0,"enemies":"Centurion and Healer","floor":28.0,"turns":4.0},{"damage":2.0,"enemies":"Snake Plant","floor":29.0,"turns":2.0},{"damage":1.0,"enemies":"Shelled Parasite and Fungi","floor":30.0,"turns":4.0},{"damage":11.0,"enemies":"Slavers","floor":31.0,"turns":5.0},{"damage":28.0,"enemies":"Collector","floor":33.0,"turns":10.0},{"damage":1.0,"enemies":"3 Darklings","floor":35.0,"turns":3.0},{"damage":0.0,"enemies":"Orb Walker","floor":36.0,"turns":2.0},{"damage":0.0,"enemies":"3 Darklings","floor":37.0,"turns":4.0},{"damage":13.0,"enemies":"Writhing Mass","floor":39.0,"turns":7.0},{"damage":11.0,"enemies":"4 Shapes","floor":40.0,"turns":5.0},{"damage":0,"enemies":"3 Darklings","floor":45,"turns":3},{"damage":1,"enemies":"Maw","floor":46,"turns":5},{"damage":0,"enemies":"Mind Bloom Boss Battle","floor":47,"turns":4},{"damage":65,"enemies":"Awakened One","floor":50,"turns":12},{"damage":1,"enemies":"Shield and Spear","floor":55,"turns":5},{"damage":100,"enemies":"The Heart","floor":56,"turns":8}],"seed_played":"-2508681165248288643","potions_obtained":[{"floor":2.0,"key":"DistilledChaos"},{"floor":11.0,"key":"Fire Potion"},{"floor":14.0,"key":"Strength Potion"},{"floor":16.0,"key":"Ancient Potion"}],"is_trial":false,"path_per_floor":["M","M","?","?","M","R","M","R","T","M","M","R","M","E","R","B",null,"M","?","$","?","?","R","M","E","T","E","M","M","M","E","R","B",null,"M","M","M","$","M","M","R","?","T","R","M","M","?","?","R","B",null,null,"R","$","E","B"],"character_chosen":"THE_SILENT","items_purchased":["Gambling Chip","Strawberry","Chemical X"],"campfire_rested":5,"item_purchase_floors":[20,38,54],"current_hp_per_floor":[49,49,35,35,35,35,35,35,35,35,34,34,32,29,50,26,70,65,62,62,46,46,46,45,55,55,55,54,52,51,40,64,38,80,79,80,80,87,74,65,65,65,65,87,87,86,87,83,83,18,18,83,83,83,82,0,0],"gold":83,"neow_bonus":"ONE_RARE_RELIC","is_daily":false,"chose_seed":false,"campfire_upgraded":4,"win_rate":0.0,"timestamp":1609724567,"path_taken":["M","M","?","?","M","R","M","R","T","M","M","R","M","E","R","BOSS","M","?","$","?","?","R","?","E","T","E","M","M","?","E","R","BOSS","M","M","M","$","M","M","R","?","T","R","M","?","?","?","R","BOSS","R","$","E","BOSS"],"items_purchased_type":["Relic","Relic","Relic"],"build_version":"2020-12-22","purchased_purges":2,"victory":false,"max_hp_per_floor":[70,70,70,70,70,70,70,70,70,70,70,70,70,70,70,70,70,70,70,70,70,70,70,70,80,80,80,80,80,80,80,80,80,80,80,80,80,87,87,87,87,87,87,87,87,87,87,83,83,83,83,83,83,83,83,83,83],"card_choices":[{"not_picked":["Sucker Punch","Outmaneuver"],"picked":"Backflip","floor":1.0},{"not_picked":["Burst","Cloak And Dagger"],"picked":"Accuracy","floor":2.0},{"not_picked":["Slice","Expertise"],"picked":"Sucker Punch","floor":5.0},{"not_picked":["Expertise","Bouncing Flask"],"picked":"Cloak And Dagger","floor":7.0},{"not_picked":["Flying Knee","Deadly Poison","Distraction"],"picked":"SKIP","floor":10.0},{"not_picked":["Flying Knee","Reflex","Catalyst"],"picked":"SKIP","floor":11.0},{"not_picked":["Leg Sweep","Dagger Spray"],"picked":"Accuracy","floor":13.0},{"not_picked":["Crippling Poison","Dodge and Roll","A Thousand Cuts"],"picked":"SKIP","floor":14.0},{"not_picked":["A Thousand Cuts","Bullet Time"],"picked":"Burst","floor":16.0},{"not_picked":["PiercingWail+1","Acrobatics"],"picked":"Blade Dance+1","floor":18.0},{"not_picked":["Slice","PiercingWail"],"picked":"Caltrops","floor":19.0},{"not_picked":["Dagger Throw+1","Concentrate"],"picked":"PiercingWail+1","floor":24.0},{"not_picked":["Sucker Punch","Footwork+1","Flying Knee"],"picked":"SKIP","floor":25.0},{"not_picked":["Sucker Punch","Footwork+1","Flying Knee"],"picked":"SKIP","floor":25.0},{"not_picked":["Sucker Punch","Footwork+1","Flying Knee"],"picked":"SKIP","floor":25.0},{"not_picked":["Quick Slash+1","Distraction"],"picked":"Malaise","floor":27.0},{"not_picked":["Quick Slash","All Out Attack"],"picked":"Prepared","floor":28.0},{"not_picked":["Bane","Infinite Blades","Flying Knee+1"],"picked":"SKIP","floor":29.0},{"not_picked":["Dash+1","Finisher"],"picked":"Calculated Gamble+1","floor":30.0},{"not_picked":["Blur+1","Underhanded Strike","A Thousand Cuts"],"picked":"SKIP","floor":31.0},{"not_picked":["Grand Finale","Die Die Die"],"picked":"Adrenaline","floor":33.0},{"not_picked":["Bane+1","Noxious Fumes+1","PiercingWail"],"picked":"SKIP","floor":35.0},{"not_picked":["Deflect","Dagger Spray+1"],"picked":"Sucker Punch+1","floor":36.0},{"not_picked":["Bane+1","Noxious Fumes","Slice+1"],"picked":"SKIP","floor":37.0},{"not_picked":["Deadly Poison","Flechettes"],"picked":"Finisher","floor":39.0},{"not_picked":["PiercingWail+1","Outmaneuver","Slice"],"picked":"SKIP","floor":40.0},{"not_picked":["Reflex+1","Noxious Fumes","Deflect"],"picked":"SKIP","floor":45},{"not_picked":["Backstab","Underhanded Strike"],"picked":"Phantasmal Killer","floor":46},{"not_picked":["Sucker Punch+1","Bouncing Flask","Slice"],"picked":"SKIP","floor":55}],"player_experience":43287,"relics_obtained":[{"floor":9.0,"key":"Whetstone"},{"floor":14.0,"key":"Bottled Tornado"},{"floor":19.0,"key":"Red Mask"},{"floor":21.0,"key":"Enchiridion"},{"floor":25.0,"key":"Pear"},{"floor":27.0,"key":"HornCleat"},{"floor":31.0,"key":"Blood Vial"},{"floor":43,"key":"Happy Flower"},{"floor":47,"key":"Prayer Wheel"},{"floor":55,"key":"Art of War"}],"event_choices":[{"damage_healed":0.0,"max_hp_gain":0.0,"max_hp_loss":0.0,"gold_gain":0.0,"event_name":"Shining Light","player_choice":"Entered Light","floor":3.0,"gold_loss":0.0,"damage_taken":14.0,"cards_upgraded":["Neutralize","Defend_G"]},{"damage_healed":0.0,"max_hp_gain":0.0,"max_hp_loss":0.0,"gold_gain":0.0,"cards_transformed":["Strike_G"],"event_name":"Living Wall","player_choice":"Change","floor":4.0,"gold_loss":0.0,"damage_taken":0.0,"cards_obtained":["Quick Slash"]},{"damage_healed":0.0,"max_hp_gain":0.0,"max_hp_loss":0.0,"gold_gain":0.0,"event_name":"Masked Bandits","player_choice":"Fought Bandits","floor":19.0,"gold_loss":0.0,"damage_taken":0.0},{"damage_healed":0.0,"max_hp_gain":0.0,"max_hp_loss":0.0,"gold_gain":0.0,"event_name":"Cursed Tome","player_choice":"Obtained Book","floor":21.0,"gold_loss":0.0,"damage_taken":16.0},{"damage_healed":0,"gold_gain":0,"player_choice":"Upgraded","damage_taken":0,"max_hp_gain":0,"max_hp_loss":0,"event_name":"Upgrade Shrine","floor":42,"gold_loss":0,"cards_upgraded":["Finisher"]},{"damage_healed":0,"gold_gain":0,"player_choice":"Fight","damage_taken":0,"max_hp_gain":0,"max_hp_loss":0,"event_name":"MindBloom","floor":47,"gold_loss":0},{"damage_healed":0,"gold_gain":0,"player_choice":"Max HP","damage_taken":0,"max_hp_gain":0,"max_hp_loss":4,"event_name":"Winding Halls","floor":48,"gold_loss":0}],"is_beta":false,"boss_relics":[{"not_picked":["Snecko Eye","Tiny House"],"picked":"Sozu"},{"not_picked":["Coffee Dripper","Pandora\u0027s Box"],"picked":"Fusion Hammer"}],"items_purged_floors":[20,38],"is_endless":false,"potions_floor_spawned":[2,11,14,16,18,19,25,29,30,31,37,39,47],"killed_by":"The Heart","ascension_level":0}}