{"host":"appz8zkad29u9482","time":1609750928,"event":{"mods":["2.2 Compatiblity","Act Like it!","Aspiration","BaseMod","Beaked The Cultist","Better Altar","Better Match","Better Note","Better Skull","Better Third Choice","BetterRewards","CapriCore","Conspire","Disable Question Mark Monsters","Energized Spire","Gensokyo","GifTheSpireLib","Gold Saver","Halation","Hermit","Hubris","Infinite Spire","Jedi Mod","Jorbs\u0027s Wanderer Trilogy","Koishi","Marisa????????","Minty Spire (QoL Compilation)","Permanent Neow","Reimu??????","Replay The Spire","Spicy Shops","StSLib","Strawberry Spire","Stuff the Spire","The Administrix","The Cursed","The Hierophant","The Immortal","The Marked","The Servant 0.9.4","yUi"],"gold_per_floor":[787,799,799,813,823,857,857,857,857,871,19,54,65,65,65,164,164,181,281,291,310,325,353,353,353],"floor_reached":24,"playtime":1412,"items_purged":[],"score":242,"play_id":"9875052f-63e0-4ec7-a6fd-e11af70b585b","local_time":"20210103230208","is_ascension_mode":true,"campfire_choices":[{"data":"jedi:unstablefumes","floor":7,"key":"SMITH"},{"data":"jedi:studypoison","floor":15,"key":"SMITH"}],"circlet_count":0,"master_deck":["Strike_G","Strike_G","Strike_G","Strike_G","Strike_G","Defend_G","Defend_G","Defend_G","Defend_G","Defend_G","Survivor","Neutralize","Glass Knife","Dagger Throw","Eviscerate","strawberrySpire:Trickbox","strawberrySpire:Plunge","jedi:unstablefumes+1","StuffTheSpire:ClusterCrunch","ReplayTheSpireMod:Brewmster+1","Unload","jedi:studypoison+1","All Out Attack","jedi:acidrain","Venomology","strawberrySpire:SideSwipe","jedi:unstablefumes+1","ReplayTheSpireMod:Necrosis"],"relics":["Ring of the Snake","BranchBurnRelic","Torii","jedi:Pinwheel","TwistedFunnel","conspire:GiftBox","hubris:OldNail","hubris:RunicObelisk","infinitespire:Satchel"],"acts_visited":["Exordium","TheCity"],"potions_floor_usage":[16,16,16,16,16,16,18,18,20,21,22,23,23,23,23,24,24,24,24,24],"damage_taken":[{"damage":0,"enemies":"Small Slimes","floor":1,"turns":3},{"damage":1,"enemies":"Cultist","floor":2,"turns":3},{"damage":3,"enemies":"Jaw Worm","floor":4,"turns":3},{"damage":0,"enemies":"2 Fungi Beasts","floor":5,"turns":2},{"damage":37,"enemies":"3 Sentries","floor":6,"turns":9},{"damage":1,"enemies":"3 Louse","floor":10,"turns":2},{"damage":1,"enemies":"Gremlin Nob","floor":12,"turns":3},{"damage":0,"enemies":"Looter","floor":13,"turns":2},{"damage":26,"enemies":"The Guardian","floor":16,"turns":7},{"damage":1,"enemies":"Spheric Guardian","floor":18,"turns":3},{"damage":10,"enemies":"2 Thieves","floor":20,"turns":2},{"damage":8,"enemies":"Snecko","floor":21,"turns":4},{"damage":10,"enemies":"Shelled Parasite and Fungi","floor":22,"turns":3},{"damage":39,"enemies":"Slavers","floor":23,"turns":4},{"damage":8,"enemies":"3 Cultists","floor":24,"turns":2}],"seed_played":"3087982200094905605","potions_obtained":[{"floor":4,"key":"PowerPotion"},{"floor":10,"key":"Venom Potion"},{"floor":13,"key":"GamblersBrew"},{"floor":16,"key":"BlessingOfTheForge"},{"floor":21,"key":"DistilledChaos"}],"is_trial":false,"path_per_floor":["M","M","?","M","M","E","R","T","T","M","$","E","M","?","R","B",null,"M","?","M","M","M","E","M"],"character_chosen":"THE_SILENT","items_purchased":["ReplayTheSpireMod:Brewmster","Unload","TwistedFunnel","conspire:GiftBox"],"campfire_rested":0,"item_purchase_floors":[11,11,11,11],"current_hp_per_floor":[70,69,70,67,67,30,30,30,30,34,34,33,33,33,33,22,70,69,69,59,51,41,2,0,0],"gold":353,"neow_bonus":"ONE_RANDOM_RARE_CARD","is_daily":false,"chose_seed":false,"campfire_upgraded":2,"win_rate":0.0,"timestamp":1609750928,"path_taken":["M","M","?","M","?","E","R","?","T","M","?","E","M","?","R","BOSS","M","?","M","?","M","E","M"],"items_purchased_type":["Card","Card","Relic","Relic"],"build_version":"2020-12-22","purchased_purges":0,"victory":false,"max_hp_per_floor":[70,70,70,70,70,70,70,70,70,70,70,70,70,70,70,70,70,70,70,70,70,70,70,70,70],"card_choices":[{"not_picked":["jedi:pocketpoison","StuffTheSpire:Python"],"picked":"Dagger Throw","floor":1},{"not_picked":["Hidden Blade","conspire:PoisonWeapons"],"picked":"Eviscerate","floor":2},{"not_picked":["Deadly Poison","Toxin Wave"],"picked":"strawberrySpire:Trickbox","floor":4},{"not_picked":["Poisoned Stab","ReplayTheSpireMod:Necrosis"],"picked":"strawberrySpire:Plunge","floor":5},{"not_picked":["Sucker Punch","Predator"],"picked":"jedi:unstablefumes","floor":6},{"not_picked":["PiercingWail","Cloak And Dagger"],"picked":"StuffTheSpire:ClusterCrunch","floor":10},{"not_picked":["Glass Knife","Wraith Form v2"],"picked":"jedi:studypoison","floor":11},{"not_picked":["Caltrops","strawberrySpire:SideSwipe"],"picked":"All Out Attack","floor":12},{"not_picked":["Blade Dance","Backflip"],"picked":"jedi:acidrain","floor":13},{"not_picked":["Night Terror","Atom Bomb"],"picked":"Venomology","floor":16},{"not_picked":["strawberrySpire:Slide","Sucker Punch","ReplayTheSpireMod:Tripwire"],"picked":"SKIP","floor":18},{"not_picked":["StuffTheSpire:Injection","Cloak And Dagger"],"picked":"strawberrySpire:SideSwipe","floor":20},{"not_picked":["strawberrySpire:Slide","Dagger Spray","Expertise"],"picked":"SKIP","floor":21},{"not_picked":["Underhanded Strike","Toxin Wave"],"picked":"jedi:unstablefumes+1","floor":22},{"not_picked":["Dash","strawberrySpire:Rummage+1"],"picked":"ReplayTheSpireMod:Necrosis","floor":23}],"player_experience":436708,"relics_obtained":[{"floor":6,"key":"Dead Branch"},{"floor":8,"key":"Torii"},{"floor":9,"key":"jedi:Pinwheel"},{"floor":12,"key":"hubris:OldNail"},{"floor":23,"key":"infinitespire:Satchel"}],"event_choices":[{"damage_healed":1,"gold_gain":0,"player_choice":"Full Heal","damage_taken":0,"max_hp_gain":0,"max_hp_loss":0,"event_name":"Wheel of Change","floor":3,"gold_loss":0},{"damage_healed":0,"gold_gain":0,"player_choice":"Grow","damage_taken":0,"max_hp_gain":0,"max_hp_loss":0,"event_name":"Living Wall","floor":14,"gold_loss":0,"cards_upgraded":["ReplayTheSpireMod:Brewmster"]},{"damage_healed":0,"gold_gain":100,"player_choice":"Pray","damage_taken":0,"max_hp_gain":0,"max_hp_loss":0,"event_name":"Golden Shrine","floor":19,"gold_loss":0}],"is_beta":false,"boss_relics":[{"not_picked":["Runic Dome","aspiration:RitualDagger"],"picked":"hubris:RunicObelisk"}],"items_purged_floors":[],"is_endless":false,"potions_floor_spawned":[4,10,13,16,18,21],"killed_by":"3 Cultists","ascension_level":1}}