{"host":"cwd5s03r1oaxs6mx","time":1609774645,"event":{"mods":["Act Like it!","BaseMod","Better Third Choice","BetterRewards","CapriCore","Card Filter","Colored Map","Custom Start","DeckTracker","Friendly Minions","Hubris","Infinite Spire","Marisa£¨Ùöéë¡¡Øª×âÞÞ£©","Minty Spire (QoL Compilation)","Quick Restart","Relic Stats","Shop Mod","Spicy Shops","StSLib","SuperFastMode"],"gold_per_floor":[109,109,109,127,227,227,260,280,303,303,338,351,368,397,397,501,501,519,538,538,554,567,599,599,628,681,681,692,722,722,722,722,824,824,842,853,614,614,614,614,644,644,644,679,679,679,707,707,707,707,707,707,331,363,363,363],"floor_reached":55,"playtime":1741,"items_purged":["UpSweep","Strike_MRS","Strike_MRS","Strike_MRS","Strike_MRS","Defend_MRS","DoubleSpark"],"score":1169,"play_id":"1e2698f6-0270-4536-a3b9-afe6a6f4736a","local_time":"20210105003725","is_ascension_mode":true,"campfire_choices":[{"data":"RefractionSpark","floor":6.0,"key":"SMITH"},{"data":"MillisecondPulsars","floor":10.0,"key":"SMITH"},{"floor":15.0,"key":"REST"},{"floor":24.0,"key":"REST"},{"data":"RefractionSpark","floor":27.0,"key":"SMITH"},{"floor":32.0,"key":"REST"},{"data":"Apotheosis","floor":40.0,"key":"SMITH"},{"floor":46.0,"key":"REST"},{"floor":49,"key":"RECALL"},{"data":"MachineGunSpark","floor":52,"key":"SMITH"}],"circlet_count":0,"master_deck":["Defend_MRS","Defend_MRS","Defend_MRS","MasterSpark","OneTimeOff","MachineGunSpark+1","RefractionSpark+1","MagicAbsorber","Singularity","MachineGunSpark+1","RefractionSpark+1","DoubleSpark+1","MillisecondPulsars+1","MachineGunSpark","MilkyWay+1","MagicAbsorber+1","Parasite","Parasite","MilkyWay","JA","EnergyFlow","Apotheosis+1","UltimateShortwave+1","hubris:EnhanceAbility","Acceleration"],"relics":["MiniHakkero","Membership Card","infinitespire:BottledMercury","hubris:Towel","Lantern","Pen Nib","Bronze Scales","hubris:PeanutButter","ExperimentalFamiliar","Whetstone","Regal Pillow","Oddly Smooth Stone","ShroomBag","hubris:ScarierMask","hubris:BottledRain","Meat on the Bone","infinitespire:Bottled Soul","hubris:Icosahedron","Strawberry","Pear","Bag of Preparation","War Paint"],"acts_visited":["Exordium","TheCity","TheBeyond","TheEnding"],"potions_floor_usage":[55],"damage_taken":[{"damage":0.0,"enemies":"2 Louse","floor":1.0,"turns":2.0},{"damage":2.0,"enemies":"Jaw Worm","floor":4.0,"turns":3.0},{"damage":0.0,"enemies":"Gremlin Nob","floor":7.0,"turns":2.0},{"damage":0.0,"enemies":"Small Slimes","floor":8.0,"turns":3.0},{"damage":20.0,"enemies":"3 Sentries","floor":11.0,"turns":7.0},{"damage":20.0,"enemies":"Gremlin Gang","floor":12.0,"turns":3.0},{"damage":1.0,"enemies":"Looter","floor":13.0,"turns":2.0},{"damage":10.0,"enemies":"Lagavulin","floor":14.0,"turns":5.0},{"damage":35.0,"enemies":"The Guardian","floor":16.0,"turns":6.0},{"damage":0.0,"enemies":"Chosen","floor":18.0,"turns":3.0},{"damage":3.0,"enemies":"Spheric Guardian","floor":19.0,"turns":3.0},{"damage":11.0,"enemies":"Snake Plant","floor":21.0,"turns":2.0},{"damage":0.0,"enemies":"Shelled Parasite and Fungi","floor":22.0,"turns":1.0},{"damage":32.0,"enemies":"Gremlin Leader","floor":23.0,"turns":4.0},{"damage":6.0,"enemies":"Book of Stabbing","floor":25.0,"turns":2.0},{"damage":0.0,"enemies":"Centurion and Healer","floor":28.0,"turns":2.0},{"damage":24.0,"enemies":"Gremlin Leader","floor":29.0,"turns":4.0},{"damage":19.0,"enemies":"hubris:MusketHawk","floor":33.0,"turns":4.0},{"damage":8.0,"enemies":"3 Darklings","floor":35.0,"turns":3.0},{"damage":0.0,"enemies":"3 Shapes","floor":36.0,"turns":3.0},{"damage":36.0,"enemies":"Giant Head","floor":41.0,"turns":6.0},{"damage":31.0,"enemies":"Reptomancer","floor":44.0,"turns":3.0},{"damage":12.0,"enemies":"Giant Head","floor":47.0,"turns":5.0},{"damage":70,"enemies":"Donu and Deca","floor":50,"turns":6},{"damage":10,"enemies":"Shield and Spear","floor":54,"turns":3},{"damage":82,"enemies":"The Heart","floor":55,"turns":3}],"seed_played":"-4264116196828224190","potions_obtained":[{"floor":1.0,"key":"DuplicationPotion"},{"floor":7.0,"key":"PowerPotion"},{"floor":13.0,"key":"LiquidMemories"},{"floor":14.0,"key":"Fruit Juice"},{"floor":18.0,"key":"AttackPotion"},{"floor":28.0,"key":"DistilledChaos"},{"floor":29.0,"key":"Regen Potion"},{"floor":44.0,"key":"ColorlessPotion"}],"is_trial":false,"path_per_floor":["M","?","?","M","?","R","E","M","T","R","E","M","M","E","R","B",null,"M","M","AVR","M","M","E","R","E","T","R","M","E","?","?","R","B",null,"M","M","$","$","T","R","E","$","T","E","?","R","E","?","R","B",null,"R","$","E","B"],"character_chosen":"MARISA","items_purchased":["OneTimeOff","MachineGunSpark","RefractionSpark","DoubleSpark","Membership Card","MagicAbsorber","Singularity","MachineGunSpark","infinitespire:BottledMercury","RefractionSpark","DoubleSpark","EnergyFlow","Apotheosis","Pear","Bag of Preparation","hubris:EnhanceAbility","Acceleration"],"campfire_rested":4,"item_purchase_floors":[0,0,0,0,0,0,0,0,0,0,0,37,37,53,53,53,53],"current_hp_per_floor":[68,73,73,71,71,71,71,71,71,71,51,31,30,25,50,15,68,68,65,65,54,54,22,47,41,41,41,41,17,1,1,43,28,75,71,75,75,75,75,75,43,43,43,33,33,75,74,74,74,20,78,78,88,82,0,0],"gold":363,"neow_bonus":"","is_daily":false,"chose_seed":false,"campfire_upgraded":5,"win_rate":0.0,"timestamp":1609774645,"path_taken":["M","?","?","M","?","R","E","M","T","R","E","M","?","E","R","BOSS","M","M","AVR","M","M","E","R","E","T","R","M","E","?","?","R","BOSS","M","?","?","$","?","R","E","$","T","E","?","R","E","?","R","BOSS","R","$","E","BOSS"],"items_purchased_type":["Card","Card","Card","Card","Relic","Card","Card","Card","Relic","Card","Card","Card","Card","Relic","Relic","Card","Card"],"build_version":"2020-12-22","purchased_purges":7,"victory":false,"max_hp_per_floor":[75,80,80,80,80,80,80,80,80,80,80,80,80,85,85,85,85,85,85,85,85,85,85,85,85,85,85,85,85,90,90,90,90,90,90,90,90,90,90,90,90,90,90,90,90,90,97,97,97,97,97,97,107,107,107,107],"relic_stats":{"Regal Pillow":30,"counters":[26,90],"Bronze Scales":[207],"Pen Nib":[19],"Bag of Preparation":[4],"Whetstone":["DoubleSpark","MachineGunSpark"],"War Paint":["MilkyWay","UltimateShortwave"],"obtain_stats":[{"infinitespire:BottledMercury":0,"Lantern":7,"Regal Pillow":25,"Pear":53,"Oddly Smooth Stone":26,"Pen Nib":9,"Bag of Preparation":53,"Whetstone":23,"hubris:Towel":3,"War Paint":54,"ShroomBag":29,"hubris:Icosahedron":45,"ExperimentalFamiliar":17,"Mummified Hand":44,"infinitespire:Bottled Soul":44,"Bronze Scales":11,"Strawberry":47,"hubris:ScarierMask":34,"hubris:PeanutButter":14,"MiniHakkero":0,"Membership Card":0,"hubris:BottledRain":41,"Meat on the Bone":43},{"infinitespire:BottledMercury":0,"Lantern":3,"Regal Pillow":15,"Pear":24,"Oddly Smooth Stone":15,"Pen Nib":4,"Bag of Preparation":24,"Whetstone":14,"hubris:Towel":1,"War Paint":25,"ShroomBag":17,"hubris:Icosahedron":22,"ExperimentalFamiliar":9,"Mummified Hand":22,"infinitespire:Bottled Soul":22,"Bronze Scales":5,"Strawberry":23,"hubris:ScarierMask":18,"hubris:PeanutButter":8,"MiniHakkero":0,"Membership Card":0,"hubris:BottledRain":21,"Meat on the Bone":21},{"infinitespire:BottledMercury":0,"Lantern":7,"Regal Pillow":48,"Pear":84,"Oddly Smooth Stone":48,"Pen Nib":10,"Bag of Preparation":84,"Whetstone":46,"hubris:Towel":2,"War Paint":87,"ShroomBag":54,"hubris:Icosahedron":73,"ExperimentalFamiliar":33,"Mummified Hand":71,"infinitespire:Bottled Soul":73,"Bronze Scales":17,"Strawberry":78,"hubris:ScarierMask":58,"hubris:PeanutButter":27,"MiniHakkero":0,"Membership Card":0,"hubris:BottledRain":70,"Meat on the Bone":70}],"Meat on the Bone":24},"card_choices":[{"not_picked":["MilkyWay","FairyDestructionRay","AsteroidBelt"],"picked":"SKIP","floor":1.0},{"not_picked":["WitchLeyline","Occultation","GalacticHalo"],"picked":"SKIP","floor":4.0},{"not_picked":["DC","MilkyWay"],"picked":"MillisecondPulsars","floor":7.0},{"not_picked":["ManaConvection","SporeBomb","EventHorizon"],"picked":"SKIP","floor":8.0},{"not_picked":["WitchOfGreed","MilkyWay","DeepEcoloBomb"],"picked":"SKIP","floor":11.0},{"not_picked":["AlicesGift","DC","WitchLeyline"],"picked":"SKIP","floor":12.0},{"not_picked":["MagicChant","Acceleration","RefractionSpark"],"picked":"SKIP","floor":13.0},{"not_picked":["MagicChant","EarthLightRay","GravityBeat"],"picked":"SKIP","floor":14.0},{"not_picked":["PulseMagic","WitchOfGreed+1","NonDirectionalLaser"],"picked":"SKIP","floor":18.0},{"not_picked":["GalacticHalo+1","StarBarrage","OortCloud+1"],"picked":"SKIP","floor":19.0},{"not_picked":["BigCrunch","GalacticHalo"],"picked":"MachineGunSpark","floor":21.0},{"not_picked":["MagicAbsorber","Acceleration+1","Robbery"],"picked":"SKIP","floor":22.0},{"not_picked":["MysteriousBeam","PowerUp+1","MilkyWay"],"picked":"SKIP","floor":23.0},{"not_picked":["MysteriousBeam","PowerUp+1"],"picked":"MilkyWay","floor":23.0},{"not_picked":["Acceleration","MilkyWay"],"picked":"MagicAbsorber+1","floor":25.0},{"not_picked":["OpenUniverse","AlicesGift","WitchLeyline"],"picked":"SKIP","floor":28.0},{"not_picked":["EscapeVelocity","EarthLightRay"],"picked":"MilkyWay","floor":29.0},{"not_picked":["MaximisePower","SuperNova"],"picked":"JA","floor":33.0},{"not_picked":["BlazeAway+1","EnergyFlow","ChargingUp+1"],"picked":"SKIP","floor":35.0},{"not_picked":["NonDirectionalLaser+1","GravityBeat","UnstableBomb"],"picked":"SKIP","floor":36.0},{"not_picked":["GasGiant+1","Robbery+1","GravityBeat"],"picked":"SKIP","floor":41.0},{"not_picked":["ShootingEcho","MeteoricShower+1"],"picked":"UltimateShortwave","floor":44.0},{"not_picked":["SuperPerseids+1","EnergyFlow+1","PropBag"],"picked":"SKIP","floor":47.0},{"not_picked":["DoubleSpark","MagicChant","WitchOfGreed+1"],"picked":"SKIP","floor":54}],"player_experience":1009569,"relics_obtained":[{"floor":7.0,"key":"Lantern"},{"floor":9.0,"key":"Pen Nib"},{"floor":11.0,"key":"Bronze Scales"},{"floor":14.0,"key":"hubris:PeanutButter"},{"floor":23.0,"key":"Whetstone"},{"floor":25.0,"key":"Regal Pillow"},{"floor":26.0,"key":"Oddly Smooth Stone"},{"floor":29.0,"key":"ShroomBag"},{"floor":41.0,"key":"hubris:BottledRain"},{"floor":43.0,"key":"Meat on the Bone"},{"floor":44.0,"key":"infinitespire:Bottled Soul"},{"floor":47.0,"key":"Strawberry"},{"floor":54,"key":"War Paint"}],"event_choices":[{"damage_healed":0.0,"max_hp_gain":5.0,"max_hp_loss":0.0,"gold_gain":0.0,"event_name":"Big Fish","player_choice":"Donut","floor":2.0,"gold_loss":0.0,"damage_taken":0.0},{"damage_healed":0.0,"max_hp_gain":0.0,"max_hp_loss":0.0,"gold_gain":100.0,"event_name":"Golden Shrine","player_choice":"Pray","floor":5.0,"gold_loss":0.0,"damage_taken":0.0},{"damage_healed":0.0,"max_hp_gain":5.0,"max_hp_loss":0.0,"gold_gain":0.0,"event_name":"Forgotten Altar","player_choice":"Shed Blood","floor":30.0,"gold_loss":0.0,"damage_taken":21.0},{"damage_healed":0.0,"max_hp_gain":0.0,"max_hp_loss":0.0,"gold_gain":0.0,"event_name":"Lab","player_choice":"Got Potions","floor":31.0,"gold_loss":0.0,"damage_taken":0.0}],"is_beta":false,"boss_relics":[{"not_picked":["hubris:GrandSneckoEye","hubris:VirtuousBlindfold"],"picked":"ExperimentalFamiliar"},{"not_picked":["Pandora\u0027s Box","Calling Bell"],"picked":"hubris:ScarierMask"}],"items_purged_floors":[0,0,0,0,0,20,37],"is_endless":false,"potions_floor_spawned":[1,7,13,14,18,23,28,29,33,36,44,54],"killed_by":"The Heart","ascension_level":7}}