{"host":"og6lam4kt3nibbw0","time":1609786544,"event":{"mods":["AchievementEnabler","BaseMod","Colored Map","DeckTracker","Highlight Path","Keyboard Shortcuts","Minty Spire (QoL Compilation)","Permanent Neow","Quick Restart","StSLib","SuperFastMode"],"gold_per_floor":[110,160,175,187,187,219,219,245,327,343,308,308,333,345,345,424,424,441,441,457,211,225,225,238,238,238,153,153,167,25,25,25,97,147,162,162,162,162,173,173,173,48,48,66,99,109,119,130,130,130,130,130,130,43,77,77,77],"floor_reached":56,"playtime":2913,"items_purged":["Writhe","Strike_B","Defend_B"],"score":1919,"play_id":"631e96c2-ae74-4cee-978f-8c3b59c59233","local_time":"20210105035544","is_ascension_mode":true,"campfire_choices":[{"floor":7.0,"key":"REST"},{"data":"Storm","floor":15.0,"key":"SMITH"},{"data":"Storm","floor":23.0,"key":"SMITH"},{"data":"Creative AI","floor":28.0,"key":"SMITH"},{"data":"Ghostly","floor":32.0,"key":"SMITH"},{"floor":40.0,"key":"RECALL"},{"data":"Coolheaded","floor":49.0,"key":"SMITH"},{"data":"Machine Learning","floor":53.0,"key":"SMITH"}],"circlet_count":0,"master_deck":["AscendersBane","Strike_B","Strike_B","Defend_B","Defend_B+1","Defend_B","Zap","Dualcast","Electrodynamics","Coolheaded+1","Conserve Battery","Sweeping Beam","Thunder Strike","Chill","Ball Lightning","Storm+1","Creative AI+1","Storm+1","Storm+1","Leap","Ghostly+1","Ghostly","Ghostly","Skim","Defragment","Core Surge","Machine Learning+1","Glacier","Chill","Madness","Madness","FTL","Leap","Heatsinks","Lockon","Recycle"],"relics":["Cracked Core","Du-Vu Doll","MealTicket","Mercury Hourglass","Bird Faced Urn","Sozu","Juzu Bracelet","DollysMirror","Happy Flower","Lizard Tail","Tiny House","DataDisk","Gambling Chip","Art of War"],"acts_visited":["Exordium","TheCity","TheBeyond","TheEnding"],"potions_floor_usage":[],"damage_taken":[{"damage":9.0,"enemies":"Jaw Worm","floor":1.0,"turns":3.0},{"damage":0.0,"enemies":"Cultist","floor":3.0,"turns":3.0},{"damage":11.0,"enemies":"Small Slimes","floor":4.0,"turns":2.0},{"damage":24.0,"enemies":"Lagavulin","floor":6.0,"turns":6.0},{"damage":11.0,"enemies":"Gremlin Nob","floor":8.0,"turns":3.0},{"damage":3.0,"enemies":"Looter","floor":10.0,"turns":3.0},{"damage":5.0,"enemies":"3 Sentries","floor":13.0,"turns":3.0},{"damage":0.0,"enemies":"2 Fungi Beasts","floor":14.0,"turns":2.0},{"damage":55.0,"enemies":"The Guardian","floor":16.0,"turns":9.0},{"damage":26.0,"enemies":"Chosen","floor":18.0,"turns":4.0},{"damage":0.0,"enemies":"Spheric Guardian","floor":20.0,"turns":3.0},{"damage":21.0,"enemies":"Centurion and Healer","floor":22.0,"turns":3.0},{"damage":28.0,"enemies":"Shelled Parasite and Fungi","floor":24.0,"turns":3.0},{"damage":7.0,"enemies":"3 Cultists","floor":29.0,"turns":3.0},{"damage":0.0,"enemies":"Collector","floor":33.0,"turns":5.0},{"damage":9.0,"enemies":"Orb Walker","floor":35.0,"turns":3.0},{"damage":20.0,"enemies":"3 Shapes","floor":39.0,"turns":2.0},{"damage":16.0,"enemies":"Sphere and 2 Shapes","floor":44.0,"turns":6.0},{"damage":26.0,"enemies":"Giant Head","floor":45.0,"turns":6.0},{"damage":3.0,"enemies":"Jaw Worm Horde","floor":46.0,"turns":3.0},{"damage":18.0,"enemies":"Writhing Mass","floor":47.0,"turns":5.0},{"damage":0.0,"enemies":"4 Shapes","floor":48.0,"turns":4.0},{"damage":24.0,"enemies":"Time Eater","floor":50.0,"turns":7.0},{"damage":61.0,"enemies":"Donu and Deca","floor":51.0,"turns":8.0},{"damage":12,"enemies":"Shield and Spear","floor":55,"turns":2},{"damage":16,"enemies":"The Heart","floor":56,"turns":2}],"seed_played":"856306786728497320","potions_obtained":[{"floor":1.0,"key":"EssenceOfDarkness"},{"floor":3.0,"key":"ColorlessPotion"},{"floor":10.0,"key":"FairyPotion"},{"floor":16.0,"key":"Explosive Potion"}],"is_trial":false,"path_per_floor":["M","?","M","M","?","E","R","E","T","M","?","?","E","M","R","B",null,"M","?","M","$","M","R","M","?","T","?","R","M","$","?","R","B",null,"M","?","?","?","M","R","?","$","T","M","E","M","M","M","R","B","B",null,"R","$","E","B"],"character_chosen":"DEFECT","items_purchased":["DollysMirror","Defragment","Lockon"],"campfire_rested":1,"item_purchase_floors":[21,30,54],"current_hp_per_floor":[55,49,49,38,38,14,33,22,22,19,35,40,35,37,37,7,54,38,38,48,63,52,52,32,32,32,32,32,29,34,34,34,34,39,34,34,34,27,15,15,15,30,30,24,16,23,19,27,27,25,11,32,32,39,29,19,19],"gold":77,"neow_bonus":"THREE_RARE_CARDS","is_daily":false,"chose_seed":false,"campfire_upgraded":6,"win_rate":0.0,"timestamp":1609786544,"path_taken":["M","?","?","M","?","E","R","E","T","M","?","?","E","M","R","BOSS","M","?","M","$","M","R","M","?","T","?","R","M","$","?","R","BOSS","M","?","?","?","M","R","?","$","T","M","E","M","M","M","R","BOSS","BOSS","R","$","E","BOSS"],"items_purchased_type":["Relic","Card","Card"],"build_version":"2020-12-22","purchased_purges":3,"victory":false,"max_hp_per_floor":[64,64,64,64,64,64,64,64,64,64,64,69,69,69,69,69,69,69,69,69,69,69,69,69,34,34,34,34,34,34,34,34,34,39,39,39,39,39,39,39,39,39,39,39,39,39,39,39,39,39,39,39,39,39,39,39,39],"card_choices":[{"not_picked":["Amplify","All For One"],"picked":"Electrodynamics","floor":0.0},{"not_picked":["Double Energy","Redo"],"picked":"Coolheaded","floor":1.0},{"not_picked":["Rebound","Barrage"],"picked":"Conserve Battery","floor":3.0},{"not_picked":["Stack","Blizzard","Coolheaded"],"picked":"SKIP","floor":4.0},{"not_picked":["Reprogram","Gash"],"picked":"Sweeping Beam","floor":6.0},{"not_picked":["Double Energy","Conserve Battery"],"picked":"Thunder Strike","floor":8.0},{"not_picked":["Redo","Hologram"],"picked":"Chill","floor":10.0},{"not_picked":["Amplify","Barrage"],"picked":"Ball Lightning","floor":13.0},{"not_picked":["Rebound","Sweeping Beam"],"picked":"Storm","floor":14.0},{"not_picked":["Rainbow","Amplify"],"picked":"Creative AI","floor":16.0},{"not_picked":["Loop","Rebound"],"picked":"Storm","floor":18.0},{"not_picked":["Stack","Rebound","Steam Power"],"picked":"SKIP","floor":20.0},{"not_picked":["Ball Lightning+1","Cold Snap","Steam"],"picked":"SKIP","floor":22.0},{"not_picked":["Gash","Coolheaded"],"picked":"Leap","floor":24.0},{"not_picked":["Redo","Doom and Gloom"],"picked":"Skim","floor":29.0},{"not_picked":["Core Surge","Meteor Strike"],"picked":"Machine Learning","floor":33.0},{"not_picked":["Barrage","Heatsinks"],"picked":"Glacier","floor":34.0},{"not_picked":["Go for the Eyes+1","Streamline+1"],"picked":"Chill","floor":35.0},{"not_picked":["Gash+1","Chaos","Stack"],"picked":"SKIP","floor":39.0},{"not_picked":["Melter","Ball Lightning","Barrage"],"picked":"SKIP","floor":44.0},{"not_picked":["Conserve Battery","Loop","Coolheaded"],"picked":"SKIP","floor":45.0},{"not_picked":["Cold Snap","Gash"],"picked":"FTL","floor":46.0},{"not_picked":["Hologram","Self Repair"],"picked":"Leap","floor":47.0},{"not_picked":["Streamline","Go for the Eyes"],"picked":"Heatsinks","floor":48.0},{"not_picked":["Steam","Go for the Eyes+1"],"picked":"Recycle","floor":55}],"player_experience":816683,"relics_obtained":[{"floor":6.0,"key":"Du-Vu Doll"},{"floor":8.0,"key":"MealTicket"},{"floor":9.0,"key":"Mercury Hourglass"},{"floor":13.0,"key":"Bird Faced Urn"},{"floor":26.0,"key":"Happy Flower"},{"floor":45.0,"key":"Gambling Chip"},{"floor":55,"key":"Art of War"}],"event_choices":[{"damage_healed":0.0,"max_hp_gain":0.0,"max_hp_loss":0.0,"gold_gain":50.0,"event_name":"FaceTrader","player_choice":"Touch","floor":2.0,"gold_loss":0.0,"damage_taken":6.0},{"damage_healed":0.0,"max_hp_gain":0.0,"max_hp_loss":0.0,"gold_gain":0.0,"event_name":"Shining Light","player_choice":"Ignored","floor":5.0,"gold_loss":0.0,"damage_taken":0.0},{"damage_healed":16.0,"max_hp_gain":0.0,"max_hp_loss":0.0,"gold_gain":0.0,"event_name":"The Cleric","player_choice":"Healed","floor":11.0,"gold_loss":35.0,"damage_taken":0.0},{"damage_healed":0.0,"max_hp_gain":5.0,"max_hp_loss":0.0,"gold_gain":0.0,"event_name":"Big Fish","player_choice":"Donut","floor":12.0,"gold_loss":0.0,"damage_taken":0.0},{"damage_healed":0.0,"max_hp_gain":0.0,"max_hp_loss":0.0,"gold_gain":0.0,"event_name":"The Mausoleum","player_choice":"Opened","floor":19.0,"gold_loss":0.0,"damage_taken":0.0,"relics_obtained":["Juzu Bracelet"],"cards_obtained":["Writhe"]},{"damage_healed":0.0,"max_hp_gain":0.0,"max_hp_loss":35.0,"gold_gain":0.0,"event_name":"Ghosts","player_choice":"Became a Ghost","floor":25.0,"gold_loss":0.0,"damage_taken":0.0,"cards_obtained":["Ghostly","Ghostly","Ghostly"]},{"damage_healed":0.0,"max_hp_gain":0.0,"max_hp_loss":0.0,"gold_gain":0.0,"event_name":"Addict","player_choice":"Obtained Relic","floor":27.0,"gold_loss":85.0,"damage_taken":0.0,"relics_obtained":["Lizard Tail"]},{"damage_healed":0.0,"max_hp_gain":0.0,"max_hp_loss":0.0,"gold_gain":0.0,"event_name":"The Library","player_choice":"Read","floor":31.0,"gold_loss":0.0,"damage_taken":0.0,"cards_obtained":["Core Surge"]},{"damage_healed":0.0,"max_hp_gain":0.0,"max_hp_loss":0.0,"gold_gain":0.0,"event_name":"WeMeetAgain","player_choice":"Gave Potion","floor":36.0,"gold_loss":0.0,"damage_taken":0.0,"relics_obtained":["DataDisk"]},{"cards_removed":["Strike_B"],"damage_healed":0.0,"max_hp_gain":0.0,"max_hp_loss":0.0,"gold_gain":0.0,"event_name":"Falling","player_choice":"Removed Attack","floor":37.0,"gold_loss":0.0,"damage_taken":0.0},{"damage_healed":0.0,"max_hp_gain":0.0,"max_hp_loss":0.0,"gold_gain":0.0,"event_name":"Winding Halls","player_choice":"Embrace Madness","floor":38.0,"gold_loss":0.0,"damage_taken":7.0,"cards_obtained":["Madness","Madness"]},{"damage_healed":0.0,"max_hp_gain":0.0,"max_hp_loss":0.0,"gold_gain":0.0,"event_name":"The Moai Head","player_choice":"Ignored","floor":41.0,"gold_loss":0.0,"damage_taken":0.0}],"is_beta":false,"boss_relics":[{"not_picked":["Astrolabe","Velvet Choker"],"picked":"Sozu"},{"not_picked":["SacredBark","Cursed Key"],"picked":"Tiny House"}],"items_purged_floors":[21,30,42],"is_endless":false,"potions_floor_spawned":[1,3,10,16,20,29,45,46,48,55],"killed_by":"The Heart","ascension_level":20}}