{"host":"8fuipfsvjht9cgcs","time":1609740193,"event":{"mods":["AchievementEnabler","BaseMod","Colored Map","Colored Powertips","Minty Spire (QoL Compilation)","StSLib","SuperFastMode"],"gold_per_floor":[13,28,41,52,52,52,66,66,66,16,29,42,42,70,70,171,171,184,184,184,184,199,228,228,228],"floor_reached":24,"playtime":1094,"items_purged":[],"score":390,"play_id":"75dc62fe-cb74-42ce-bd0a-12e359827ad7","local_time":"20210104190313","is_ascension_mode":true,"campfire_choices":[{"data":"Pommel Strike","floor":6.0,"key":"SMITH"},{"data":"Sever Soul","floor":8.0,"key":"SMITH"},{"data":"Feed","floor":13.0,"key":"SMITH"},{"data":"Offering","floor":15.0,"key":"SMITH"}],"circlet_count":0,"master_deck":["AscendersBane","Strike_R","Strike_R","Strike_R","Defend_R","Defend_R","Defend_R","Bash","Offering+1","Sever Soul+1","Pommel Strike+1","Sentinel","Sentinel","Feed+1","Rage","Corruption","Shrug It Off+1","RitualDagger","Fire Breathing+1"],"relics":["Burning Blood","Paper Frog","White Beast Statue","Mercury Hourglass","Empty Cage","Nunchaku"],"acts_visited":[],"potions_floor_usage":[],"damage_taken":[{"damage":8.0,"enemies":"Small Slimes","floor":1.0,"turns":4.0},{"damage":13.0,"enemies":"Jaw Worm","floor":2.0,"turns":3.0},{"damage":1.0,"enemies":"Cultist","floor":3.0,"turns":3.0},{"damage":10.0,"enemies":"3 Louse","floor":4.0,"turns":5.0},{"damage":2.0,"enemies":"Looter","floor":7.0,"turns":3.0},{"damage":14.0,"enemies":"Red Slaver","floor":11.0,"turns":2.0},{"damage":15.0,"enemies":"Exordium Wildlife","floor":12.0,"turns":3.0},{"damage":6.0,"enemies":"Gremlin Nob","floor":14.0,"turns":1.0},{"damage":14.0,"enemies":"Slime Boss","floor":16.0,"turns":6.0},{"damage":9.0,"enemies":"Shell Parasite","floor":18.0,"turns":3.0},{"damage":14.0,"enemies":"3 Byrds","floor":22.0,"turns":4.0},{"damage":29.0,"enemies":"Slavers","floor":23.0,"turns":7.0},{"damage":29,"enemies":"Centurion and Healer","floor":24,"turns":1}],"seed_played":"7762786655962865819","potions_obtained":[{"floor":3.0,"key":"Energy Potion"},{"floor":7.0,"key":"PowerPotion"},{"floor":11.0,"key":"AttackPotion"},{"floor":12.0,"key":"PowerPotion"},{"floor":14.0,"key":"HeartOfIron"},{"floor":16.0,"key":"PowerPotion"},{"floor":18.0,"key":"AttackPotion"},{"floor":23,"key":"BlessingOfTheForge"}],"is_trial":false,"path_per_floor":["M","M","M","M","?","R","M","R","T","?","M","M","R","E","R","B",null,"M","?","?","?","M","E","M"],"character_chosen":"IRONCLAD","items_purchased":[],"campfire_rested":0,"item_purchase_floors":[],"current_hp_per_floor":[70,63,68,64,57,57,61,61,61,61,53,44,44,48,48,44,77,74,74,57,51,47,28,0,0],"gold":228,"neow_bonus":"THREE_RARE_CARDS","is_daily":false,"chose_seed":false,"campfire_upgraded":4,"win_rate":0.0,"timestamp":1609740193,"path_taken":["M","M","M","M","?","R","M","R","T","?","M","M","R","E","R","BOSS","M","?","?","?","M","E","M"],"items_purchased_type":[],"build_version":"2020-12-22","purchased_purges":0,"victory":false,"max_hp_per_floor":[80,80,80,80,80,80,80,80,80,80,80,80,80,84,84,88,88,88,88,93,93,97,101,101,101],"card_choices":[{"not_picked":["Reaper","Limit Break"],"picked":"Offering","floor":0.0},{"not_picked":["Clothesline","Disarm"],"picked":"Sever Soul","floor":1.0},{"not_picked":["Burning Pact","Cleave","Wild Strike"],"picked":"SKIP","floor":2.0},{"not_picked":["Entrench","Body Slam"],"picked":"Pommel Strike","floor":3.0},{"not_picked":["Iron Wave","Shrug It Off"],"picked":"Sentinel","floor":4.0},{"not_picked":["Dual Wield","Anger","Clothesline"],"picked":"SKIP","floor":7.0},{"not_picked":["Thunderclap","Bloodletting"],"picked":"Sentinel","floor":11.0},{"not_picked":["Whirlwind","Clothesline"],"picked":"Feed","floor":12.0},{"not_picked":["Inflame","Shrug It Off"],"picked":"Rage","floor":14.0},{"not_picked":["Reaper","Feed"],"picked":"Corruption","floor":16.0},{"not_picked":["Clash","Infernal Blade"],"picked":"Shrug It Off+1","floor":18.0},{"not_picked":["Inflame+1","Body Slam","Headbutt"],"picked":"SKIP","floor":22.0},{"not_picked":["Wild Strike","Twin Strike"],"picked":"Fire Breathing+1","floor":23}],"player_experience":338669,"relics_obtained":[{"floor":9.0,"key":"White Beast Statue"},{"floor":14.0,"key":"Mercury Hourglass"},{"floor":23,"key":"Nunchaku"}],"event_choices":[{"damage_healed":0.0,"max_hp_gain":0.0,"max_hp_loss":0.0,"gold_gain":0.0,"event_name":"Scrap Ooze","player_choice":"Success","floor":5.0,"gold_loss":0.0,"damage_taken":7.0,"relics_obtained":["Paper Frog"]},{"cards_removed":["Strike_R"],"damage_healed":0.0,"max_hp_gain":0.0,"max_hp_loss":0.0,"gold_gain":0.0,"event_name":"The Cleric","player_choice":"Card Removal","floor":10.0,"gold_loss":50.0,"damage_taken":0.0},{"damage_healed":0.0,"max_hp_gain":0.0,"max_hp_loss":0.0,"gold_gain":0.0,"event_name":"Vampires","player_choice":"Ignored","floor":19.0,"gold_loss":0.0,"damage_taken":0.0},{"damage_healed":0.0,"max_hp_gain":5.0,"max_hp_loss":0.0,"gold_gain":0.0,"event_name":"Forgotten Altar","player_choice":"Shed Blood","floor":20.0,"gold_loss":0.0,"damage_taken":22.0},{"damage_healed":0.0,"max_hp_gain":0.0,"max_hp_loss":0.0,"gold_gain":0.0,"event_name":"Nest","player_choice":"Joined the Cult","floor":21.0,"gold_loss":0.0,"damage_taken":6.0,"cards_obtained":["RitualDagger"]}],"is_beta":false,"boss_relics":[{"not_picked":["Black Blood","Fusion Hammer"],"picked":"Empty Cage"}],"items_purged_floors":[],"is_endless":false,"potions_floor_spawned":[3,7,11,12,14,16,18,22,23],"killed_by":"Centurion and Healer","ascension_level":10}}