{"host":"7pe9xwx78c6nlay8","time":1609775693,"event":{"mods":["BaseMod","Minty Spire (QoL Compilation)"],"gold_per_floor":[20,32,32,43,54,54,79,79,79,105,155,155,190,209,209,282,282,250,265,275,295,210,210,210],"floor_reached":23,"playtime":1526,"items_purged":[],"score":383,"play_id":"7ae2e2aa-e94f-4366-967b-b9871cd1ad08","local_time":"20210104235453","is_ascension_mode":true,"campfire_choices":[{"data":"Vigilance","floor":6,"key":"SMITH"},{"floor":8,"key":"REST"},{"floor":12,"key":"REST"},{"floor":15,"key":"REST"}],"circlet_count":0,"master_deck":["AscendersBane","Strike_P","Strike_P","Strike_P","Defend_P","Defend_P","Defend_P","Eruption+1","Vigilance+1","Protect","WindmillStrike","TalkToTheHand","WaveOfTheHand","FollowUp","Prostrate","JustLucky","Wireheading+1","CarveReality+1","FollowUp","Weave"],"relics":["PureWater","The Courier","Bottled Lightning","Lantern","TeardropLocket","Runic Pyramid","InkBottle"],"acts_visited":["Exordium","TheCity"],"potions_floor_usage":[10,16,20,23,23],"damage_taken":[{"damage":0,"enemies":"Cultist","floor":1,"turns":2},{"damage":0,"enemies":"2 Louse","floor":2,"turns":4},{"damage":0,"enemies":"Jaw Worm","floor":4,"turns":3},{"damage":2,"enemies":"Looter","floor":5,"turns":4},{"damage":46,"enemies":"3 Sentries","floor":7,"turns":16},{"damage":25,"enemies":"Gremlin Nob","floor":10,"turns":4},{"damage":6,"enemies":"Lagavulin","floor":13,"turns":7},{"damage":0,"enemies":"Large Slime","floor":14,"turns":5},{"damage":25,"enemies":"Slime Boss","floor":16,"turns":9},{"damage":22,"enemies":"2 Thieves","floor":18,"turns":5},{"damage":10,"enemies":"3 Byrds","floor":19,"turns":9},{"damage":11,"enemies":"Shelled Parasite and Fungi","floor":20,"turns":5},{"damage":11,"enemies":"Cultist and Chosen","floor":21,"turns":6},{"damage":41,"enemies":"Gremlin Leader","floor":23,"turns":4}],"seed_played":"-2846635262051712725","potions_obtained":[{"floor":5,"key":"BlessingOfTheForge"},{"floor":7,"key":"LiquidBronze"},{"floor":13,"key":"Energy Potion"},{"floor":19,"key":"FearPotion"},{"floor":20,"key":"Fire Potion"},{"floor":21,"key":"Regen Potion"}],"is_trial":false,"path_per_floor":["M","M","?","M","M","R","E","R","T","E","?","R","E","M","R","B",null,"M","M","M","M","?","E"],"character_chosen":"WATCHER","items_purchased":[],"campfire_rested":3,"item_purchase_floors":[],"current_hp_per_floor":[61,61,61,61,59,59,13,33,33,8,8,28,22,22,42,17,55,33,23,12,1,1,0,0],"gold":210,"neow_bonus":"REMOVE_TWO","is_daily":false,"chose_seed":false,"campfire_upgraded":1,"win_rate":0.0,"timestamp":1609775693,"path_taken":["M","M","?","M","M","R","E","R","T","E","?","R","E","M","R","BOSS","M","M","?","M","?","E"],"items_purchased_type":[],"build_version":"2020-12-22","purchased_purges":0,"victory":false,"max_hp_per_floor":[68,68,68,68,68,68,68,68,68,68,68,68,68,68,68,68,68,68,68,68,68,68,68,68],"card_choices":[{"not_picked":["Halt","InnerPeace"],"picked":"Protect","floor":1},{"not_picked":["Protect","CrushJoints"],"picked":"WindmillStrike","floor":2},{"not_picked":["EmptyFist","Swivel"],"picked":"TalkToTheHand","floor":4},{"not_picked":["Alpha","FlurryOfBlows"],"picked":"WaveOfTheHand","floor":5},{"not_picked":["Protect","Swivel"],"picked":"FollowUp","floor":7},{"not_picked":["Crescendo","Evaluate"],"picked":"Prostrate","floor":10},{"not_picked":["Indignation","EmptyMind","DeceiveReality"],"picked":"SKIP","floor":13},{"not_picked":["Consecrate","Sanctity"],"picked":"JustLucky","floor":14},{"not_picked":["Crescendo","BowlingBash"],"picked":"Wireheading+1","floor":18},{"not_picked":["SashWhip","Protect"],"picked":"CarveReality+1","floor":19},{"not_picked":["Swivel","FlurryOfBlows"],"picked":"FollowUp","floor":20},{"not_picked":["SashWhip","Prostrate"],"picked":"Weave","floor":21}],"player_experience":1604352,"relics_obtained":[{"floor":7,"key":"The Courier"},{"floor":9,"key":"Bottled Lightning"},{"floor":10,"key":"Lantern"},{"floor":13,"key":"TeardropLocket"}],"event_choices":[{"damage_healed":0,"gold_gain":0,"player_choice":"Grow","damage_taken":0,"max_hp_gain":0,"max_hp_loss":0,"event_name":"Living Wall","floor":3,"gold_loss":0,"cards_upgraded":["Eruption"]},{"damage_healed":0,"gold_gain":50,"player_choice":"Pray","damage_taken":0,"max_hp_gain":0,"max_hp_loss":0,"event_name":"Golden Shrine","floor":11,"gold_loss":0},{"damage_healed":0,"gold_gain":0,"player_choice":"Obtained Relic","damage_taken":0,"relics_obtained":["InkBottle"],"max_hp_gain":0,"max_hp_loss":0,"event_name":"Addict","floor":22,"gold_loss":85}],"is_beta":false,"boss_relics":[{"not_picked":["Astrolabe","Velvet Choker"],"picked":"Runic Pyramid"}],"items_purged_floors":[],"is_endless":false,"potions_floor_spawned":[5,7,13,14,19,20,21],"killed_by":"Gremlin Leader","ascension_level":16}}